2007.10.26 16:00:00.283,2.0513,2.05135,4.00,2.40
2007.10.26 16:00:00.500,2.0513,2.05135,4.00,2.40
2007.10.26 16:00:00.718,2.0513,2.05135,4.00,2.40
2007.10.26 16:00:00.936,2.0513,2.05135,4.00,2.40
2007.10.26 16:00:01.153,2.0513,2.05135,4.00,2.40
2007.10.26 16:00:01.456,2.0513,2.05135,4.00,2.40
2007.10.26 16:00:01.760,2.0513,2.05135,4.00,2.40
2007.10.26 16:00:02.063,2.0513,2.05135,4.00,2.40
2007.10.26 16:00:02.310,2.0513,2.05135,4.00,2.40
2007.10.26 16:00:02.557,2.0513,2.05135,4.00,2.40
2007.10.26 16:00:02.804,2.0513,2.05135,4.00,2.40
2007.10.26 16:00:03.052,2.0513,2.05135,4.00,2.40
2007.10.26 16:00:03.310,2.0513,2.05135,4.00,2.40
2007.10.26 16:00:03.568,2.0513,2.05135,4.00,2.40
2007.10.26 16:00:03.826,2.0513,2.0514,4.00,4.80
2007.10.26 16:00:03.978,2.05125,2.0514,8.80,4.80
2007.10.26 16:00:04.084,2.0514,2.05145,1.10,2.00
2007.10.26 16:00:04.417,2.05135,2.0515,4.80,4.80
2007.10.26 16:00:04.750,2.0513,2.0514,1.90,4.80
2007.10.26 16:00:05.089,2.0513,2.0514,1.50,4.80
2007.10.26 16:00:05.307,2.0513,2.0514,1.90,4.80
2007.10.26 16:00:05.525,2.05125,2.0514,13.60,4.80
2007.10.26 16:00:05.745,2.05125,2.0514,12.00,4.80
2007.10.26 16:00:05.963,2.0513,2.0514,1.50,4.80
2007.10.26 16:00:06.181,2.0513,2.0514,1.20,4.80
2007.10.26 16:00:06.513,2.0513,2.0514,0.80,4.80
2007.10.26 16:00:06.845,2.0513,2.0514,2.00,4.80
2007.10.26 16:00:07.178,2.0513,2.0514,0.50,4.80
2007.10.26 16:00:07.406,2.05125,2.0514,12.00,4.80
2007.10.26 16:00:07.634,2.05125,2.0514,12.00,4.80
2007.10.26 16:00:07.861,2.0513,2.0514,1.70,4.80
2007.10.26 16:00:08.089,2.0513,2.0514,0.80,4.80
2007.10.26 16:00:08.357,2.0513,2.0514,0.80,4.80
2007.10.26 16:00:08.623,2.0513,2.0514,0.80,4.80
2007.10.26 16:00:08.892,2.0513,2.0514,1.50,4.80
2007.10.26 16:00:09.160,2.05125,2.0514,8.00,4.80
2007.10.26 16:00:09.493,2.05125,2.0514,8.00,4.80
2007.10.26 16:00:09.825,2.0513,2.0514,1.20,4.80
2007.10.26 16:00:10.157,2.05125,2.0514,8.00,4.80
2007.10.26 16:00:10.372,2.0513,2.0514,1.50,4.80
2007.10.26 16:00:10.584,2.05125,2.0514,12.00,4.80
2007.10.26 16:00:10.796,2.05125,2.0514,8.00,4.80
2007.10.26 16:00:11.009,2.05125,2.0513,1.10,2.40
2007.10.26 16:00:11.223,2.0512,2.0513,2.20,4.80
2007.10.26 16:00:11.501,2.05115,2.0513,8.00,4.80
2007.10.26 16:00:11.779,2.05115,2.0513,1.50,2.40
2007.10.26 16:00:12.058,2.05115,2.0513,1.20,2.40
2007.10.26 16:00:12.336,2.0511,2.0513,4.80,2.40
2007.10.26 16:00:12.589,2.0511,2.0513,4.80,2.40
2007.10.26 16:00:12.843,2.05115,2.0513,0.80,2.40
2007.10.26 16:00:13.095,2.0511,2.0513,7.20,2.40
2007.10.26 16:00:13.348,2.05115,2.0513,0.80,2.40
2007.10.26 16:00:13.680,2.0511,2.0513,4.80,2.40
2007.10.26 16:00:14.014,2.0511,2.0513,4.80,2.40
2007.10.26 16:00:14.346,2.0511,2.0513,4.80,2.40
2007.10.26 16:00:14.630,2.05115,2.0513,0.80,2.40
2007.10.26 16:00:14.912,2.05115,2.0513,0.80,2.40
2007.10.26 16:00:15.195,2.0511,2.0513,7.20,2.40
2007.10.26 16:00:15.478,2.0511,2.0513,7.20,2.40
2007.10.26 16:00:15.725,2.05115,2.0513,0.80,2.40
2007.10.26 16:00:15.973,2.05115,2.0513,0.80,2.40
2007.10.26 16:00:16.221,2.0511,2.0513,7.20,2.40
2007.10.26 16:00:16.469,2.05115,2.0513,0.80,2.40
2007.10.26 16:00:16.716,2.05115,2.0513,0.80,2.40
2007.10.26 16:00:16.964,2.0511,2.0513,7.20,2.40
2007.10.26 16:00:17.212,2.0511,2.0513,7.20,2.40
2007.10.26 16:00:17.459,2.0511,2.0513,7.20,2.40
2007.10.26 16:00:17.747,2.0511,2.0513,7.20,2.40
2007.10.26 16:00:18.034,2.0511,2.0513,7.20,2.40
2007.10.26 16:00:18.322,2.05115,2.0513,0.80,2.40
2007.10.26 16:00:18.610,2.0511,2.0513,7.20,2.40
2007.10.26 16:00:18.943,2.0511,2.0513,7.20,2.40
2007.10.26 16:00:19.276,2.0511,2.0513,7.20,2.40
2007.10.26 16:00:19.608,2.05115,2.0513,0.80,2.40
2007.10.26 16:00:19.827,2.0511,2.0513,7.20,2.40
2007.10.26 16:00:20.045,2.05115,2.0513,0.80,2.40
2007.10.26 16:00:20.263,2.05115,2.0513,0.80,2.40
2007.10.26 16:00:20.480,2.0511,2.0513,7.20,2.40
2007.10.26 16:00:20.697,2.05115,2.0513,0.80,2.40
2007.10.26 16:00:20.999,2.0511,2.0513,7.20,2.40
2007.10.26 16:00:21.302,2.0511,2.0513,7.20,2.40
2007.10.26 16:00:21.604,2.0511,2.0513,7.20,2.40
2007.10.26 16:00:21.876,2.05115,2.0513,0.80,2.40
2007.10.26 16:00:22.148,2.0511,2.0513,7.20,2.40
2007.10.26 16:00:22.421,2.05115,2.0513,0.80,2.40
2007.10.26 16:00:22.693,2.05115,2.0513,0.80,2.40
2007.10.26 16:00:22.986,2.05115,2.0513,0.80,2.40
2007.10.26 16:00:23.279,2.05115,2.0513,0.80,2.40
2007.10.26 16:00:23.572,2.0511,2.0513,7.20,2.40
2007.10.26 16:00:23.905,2.05115,2.0513,0.80,2.40
2007.10.26 16:00:24.238,2.0511,2.0513,7.20,2.40
2007.10.26 16:00:24.572,2.0512,2.0513,0.80,2.40
2007.10.26 16:00:24.906,2.05115,2.0513,11.60,2.40
2007.10.26 16:00:25.143,2.05115,2.0513,11.60,2.40
2007.10.26 16:00:25.382,2.05115,2.0513,11.60,2.40
2007.10.26 16:00:25.619,2.05115,2.0513,11.60,2.40
2007.10.26 16:00:25.917,2.05115,2.0513,11.60,2.40
2007.10.26 16:00:26.215,2.0512,2.0513,1.50,2.40
2007.10.26 16:00:26.512,2.05115,2.0513,11.60,2.40
2007.10.26 16:00:26.810,2.0512,2.0513,1.60,2.40
2007.10.26 16:00:27.057,2.05115,2.0513,11.60,2.40
2007.10.26 16:00:27.305,2.05115,2.0513,11.60,2.40
2007.10.26 16:00:27.552,2.05115,2.0513,11.60,2.40
2007.10.26 16:00:27.800,2.05115,2.0513,11.60,2.40
2007.10.26 16:00:28.122,2.0512,2.0513,1.40,2.40
2007.10.26 16:00:28.445,2.0512,2.0513,1.10,2.40
2007.10.26 16:00:28.768,2.0512,2.0513,0.90,2.40
2007.10.26 16:00:29.100,2.0512,2.0513,2.00,2.40
2007.10.26 16:00:29.433,2.0512,2.0513,2.40,2.40
2007.10.26 16:00:29.765,2.05115,2.0513,11.60,2.40
2007.10.26 16:00:29.987,2.0512,2.0513,1.20,2.40
2007.10.26 16:00:30.208,2.05115,2.0513,11.60,2.40
2007.10.26 16:00:30.431,2.05115,2.0513,11.60,2.40
2007.10.26 16:00:30.654,2.0512,2.0513,2.30,2.40
2007.10.26 16:00:30.876,2.0512,2.0513,0.70,2.40
2007.10.26 16:00:31.210,2.0512,2.0513,4.00,2.40
2007.10.26 16:00:31.545,2.0512,2.0513,4.00,2.40
2007.10.26 16:00:31.877,2.0512,2.0513,4.00,2.40
2007.10.26 16:00:32.094,2.0512,2.0513,4.00,2.40
2007.10.26 16:00:32.311,2.0512,2.0513,4.00,2.40
2007.10.26 16:00:32.529,2.0512,2.0513,4.00,2.40
2007.10.26 16:00:32.746,2.0512,2.0513,4.00,2.40
2007.10.26 16:00:33.069,2.0512,2.0513,4.00,2.40
2007.10.26 16:00:33.392,2.0512,2.0513,4.00,2.40
2007.10.26 16:00:33.714,2.0512,2.0513,4.00,2.40
2007.10.26 16:00:34.037,2.0512,2.0513,4.00,2.40
2007.10.26 16:00:34.370,2.0512,2.0513,4.00,2.40
2007.10.26 16:00:34.703,2.0512,2.0513,4.00,2.40
2007.10.26 16:00:35.035,2.0512,2.0513,4.00,2.40
2007.10.26 16:00:35.268,2.0512,2.0513,4.00,2.40
2007.10.26 16:00:35.502,2.0512,2.0513,4.00,2.40
2007.10.26 16:00:35.778,2.0512,2.0513,4.00,2.40
2007.10.26 16:00:35.978,2.0512,2.0513,4.00,2.40
2007.10.26 16:00:36.175,2.0512,2.0513,4.00,2.40
2007.10.26 16:00:36.373,2.0512,2.0513,4.00,2.40
2007.10.26 16:00:36.570,2.0512,2.0513,4.00,2.40
2007.10.26 16:00:36.768,2.0512,2.0513,4.00,2.40
2007.10.26 16:00:36.967,2.0512,2.0513,4.00,2.40
2007.10.26 16:00:37.152,2.05115,2.0513,11.60,2.40
2007.10.26 16:00:37.301,2.05115,2.0514,11.60,4.80
2007.10.26 16:00:37.633,2.05115,2.05135,9.20,0.80
2007.10.26 16:00:37.968,2.05115,2.05135,7.60,0.80
2007.10.26 16:00:38.211,2.0512,2.0513,0.60,4.80
2007.10.26 16:00:38.454,2.05115,2.0513,7.60,4.80
2007.10.26 16:00:38.700,2.0512,2.0513,0.80,4.80
2007.10.26 16:00:38.943,2.05115,2.0513,7.60,4.80
2007.10.26 16:00:39.277,2.0511,2.0513,8.00,4.80
2007.10.26 16:00:39.611,2.0511,2.0513,2.20,4.80
2007.10.26 16:00:39.943,2.05105,2.0513,13.20,4.80
2007.10.26 16:00:40.186,2.05105,2.0513,13.20,4.80
2007.10.26 16:00:40.430,2.05105,2.0513,13.20,4.80
2007.10.26 16:00:40.672,2.0511,2.0513,1.70,4.80
2007.10.26 16:00:40.915,2.05105,2.0513,13.20,4.80
2007.10.26 16:00:41.219,2.0511,2.0513,1.40,4.80
2007.10.26 16:00:41.523,2.05105,2.0513,13.20,4.80
2007.10.26 16:00:41.912,2.0511,2.0513,0.50,4.80
2007.10.26 16:00:42.115,2.05105,2.0513,13.20,4.80
2007.10.26 16:00:42.319,2.05105,2.0513,13.20,4.80
2007.10.26 16:00:42.521,2.051,2.0513,16.40,8.80
2007.10.26 16:00:42.725,2.051,2.0513,4.00,11.20
2007.10.26 16:00:42.929,2.05095,2.0513,5.20,11.20
2007.10.26 16:00:43.262,2.05095,2.0513,5.20,11.20
2007.10.26 16:00:43.594,2.05095,2.0513,1.90,11.20
2007.10.26 16:00:43.927,2.0509,2.05125,8.00,4.00
2007.10.26 16:00:44.260,2.0509,2.05125,8.00,4.00
2007.10.26 16:00:44.594,2.0509,2.05125,8.00,4.00
2007.10.26 16:00:44.928,2.0509,2.05125,8.00,4.00
2007.10.26 16:00:45.260,2.0509,2.05125,8.00,4.00
2007.10.26 16:00:45.468,2.0509,2.05125,8.00,4.00
2007.10.26 16:00:45.676,2.05095,2.05125,0.60,4.00
2007.10.26 16:00:45.883,2.0509,2.05125,8.00,4.00
2007.10.26 16:00:46.091,2.0509,2.05125,8.00,4.00
2007.10.26 16:00:46.324,2.05095,2.05125,0.60,4.00
2007.10.26 16:00:46.557,2.0509,2.05125,8.00,4.00
2007.10.26 16:00:46.790,2.05095,2.05125,1.10,4.00
2007.10.26 16:00:47.023,2.05095,2.05125,0.60,4.00
2007.10.26 16:00:47.285,2.0509,2.05125,8.00,4.00
2007.10.26 16:00:47.548,2.0509,2.05125,8.00,4.00
2007.10.26 16:00:47.810,2.0509,2.05125,8.00,4.00
2007.10.26 16:00:48.073,2.0509,2.05125,8.00,4.00
2007.10.26 16:00:48.251,2.05095,2.05125,0.90,4.00
2007.10.26 16:00:48.429,2.0509,2.05125,8.00,4.00
2007.10.26 16:00:48.607,2.0509,2.05125,8.00,4.00
2007.10.26 16:00:48.784,2.0509,2.05125,8.00,4.00
2007.10.26 16:00:48.961,2.0509,2.05125,8.00,4.00
2007.10.26 16:00:49.139,2.0509,2.05125,8.00,4.00
2007.10.26 16:00:49.471,2.05095,2.05125,1.20,4.00
2007.10.26 16:00:49.803,2.05095,2.05125,0.70,4.00
2007.10.26 16:00:50.137,2.0509,2.05125,8.00,6.40
2007.10.26 16:00:50.319,2.05095,2.05125,0.60,12.40
2007.10.26 16:00:50.503,2.0509,2.05125,8.00,12.40
2007.10.26 16:00:50.686,2.0509,2.0512,8.00,4.80
2007.10.26 16:00:50.870,2.05095,2.0512,0.60,4.80
2007.10.26 16:00:51.053,2.05085,2.0512,19.50,7.20
2007.10.26 16:00:51.236,2.05085,2.0512,3.20,7.20
2007.10.26 16:00:51.569,2.0508,2.0512,8.00,7.20
2007.10.26 16:00:51.902,2.0508,2.0512,8.00,7.20
2007.10.26 16:00:52.234,2.0508,2.0512,8.00,7.20
2007.10.26 16:00:52.427,2.0508,2.0512,8.00,7.20
2007.10.26 16:00:52.620,2.05095,2.0512,0.60,7.20
2007.10.26 16:00:52.813,2.0508,2.0512,8.00,7.20
2007.10.26 16:00:53.005,2.0508,2.0512,8.00,7.20
2007.10.26 16:00:53.198,2.05095,2.0512,1.00,7.20
2007.10.26 16:00:53.456,2.0508,2.0512,8.00,7.20
2007.10.26 16:00:53.714,2.05095,2.0512,1.20,7.20
2007.10.26 16:00:53.971,2.0508,2.0512,8.00,7.20
2007.10.26 16:00:54.229,2.0508,2.0512,8.00,7.20
2007.10.26 16:00:54.562,2.0508,2.0512,8.00,7.20
2007.10.26 16:00:54.894,2.0508,2.0512,8.00,7.20
2007.10.26 16:00:55.228,2.05095,2.0512,1.20,7.20
2007.10.26 16:00:55.426,2.0508,2.0512,8.00,7.20
2007.10.26 16:00:55.624,2.05095,2.0512,0.50,7.20
2007.10.26 16:00:55.822,2.0508,2.0512,8.00,7.20
2007.10.26 16:00:56.019,2.0508,2.0512,8.00,7.20
2007.10.26 16:00:56.216,2.05095,2.0512,1.00,7.20
2007.10.26 16:00:56.524,2.0508,2.0512,8.00,7.20
2007.10.26 16:00:56.831,2.0508,2.0512,8.00,7.20
2007.10.26 16:00:57.139,2.0508,2.0512,8.00,7.20
2007.10.26 16:00:57.447,2.05095,2.0512,1.10,7.20
2007.10.26 16:00:57.655,2.05095,2.0512,1.10,7.20
2007.10.26 16:00:57.864,2.0508,2.0512,8.00,7.20
2007.10.26 16:00:58.072,2.0508,2.0512,8.00,7.20
2007.10.26 16:00:58.279,2.05095,2.0512,0.90,7.20
2007.10.26 16:00:58.582,2.0508,2.0512,8.00,7.20
2007.10.26 16:00:58.885,2.0508,2.0512,10.00,7.20
2007.10.26 16:00:59.188,2.05095,2.0512,1.20,7.20
2007.10.26 16:00:59.490,2.0508,2.0512,10.00,7.20
2007.10.26 16:00:59.823,2.05095,2.0511,0.80,6.40
2007.10.26 16:01:00.156,2.0508,2.05105,8.00,2.00
2007.10.26 16:01:00.489,2.0508,2.0511,8.80,7.20
2007.10.26 16:01:00.682,2.05085,2.0511,2.30,4.80
2007.10.26 16:01:00.875,2.0508,2.0511,8.00,4.80
2007.10.26 16:01:01.068,2.05085,2.0511,0.90,4.80
2007.10.26 16:01:01.260,2.05085,2.0511,1.10,4.80
2007.10.26 16:01:01.453,2.0508,2.0511,8.80,4.80
2007.10.26 16:01:01.786,2.05085,2.0512,1.10,7.20
2007.10.26 16:01:02.119,2.0508,2.0512,8.00,7.20
2007.10.26 16:01:02.452,2.05085,2.0512,0.90,7.20
2007.10.26 16:01:02.660,2.05085,2.0512,11.80,4.80
2007.10.26 16:01:02.867,2.05085,2.05125,26.10,4.00
2007.10.26 16:01:03.075,2.0509,2.05125,8.00,4.00
2007.10.26 16:01:03.283,2.0509,2.05125,8.00,4.30
2007.10.26 16:01:03.491,2.05095,2.05125,1.00,4.30
2007.10.26 16:01:03.824,2.05085,2.0512,3.20,7.20
2007.10.26 16:01:04.157,2.05085,2.0512,4.00,4.80
2007.10.26 16:01:04.489,2.0509,2.05115,0.50,1.20
2007.10.26 16:01:04.673,2.05085,2.05115,1.00,7.60
2007.10.26 16:01:04.856,2.0508,2.05115,8.80,9.80
2007.10.26 16:01:05.039,2.0508,2.05115,8.80,13.80
2007.10.26 16:01:05.222,2.0508,2.0511,8.80,4.80
2007.10.26 16:01:05.405,2.05095,2.0511,1.40,4.80
2007.10.26 16:01:05.587,2.05095,2.0511,2.20,4.80
2007.10.26 16:01:05.920,2.05085,2.0511,5.20,4.80
2007.10.26 16:01:06.255,2.05085,2.0511,5.20,7.20
2007.10.26 16:01:06.586,2.05095,2.0511,3.60,7.20
2007.10.26 16:01:06.810,2.05095,2.0511,3.60,7.20
2007.10.26 16:01:07.033,2.05095,2.0511,3.60,7.20
2007.10.26 16:01:07.256,2.05095,2.0511,3.60,4.80
2007.10.26 16:01:07.479,2.05095,2.0511,3.60,4.80
2007.10.26 16:01:07.782,2.05095,2.0511,3.60,4.80
2007.10.26 16:01:08.085,2.05095,2.0511,3.60,4.80
2007.10.26 16:01:08.388,2.05095,2.0511,3.60,4.80
2007.10.26 16:01:08.691,2.05095,2.0511,3.60,4.80
2007.10.26 16:01:09.024,2.05085,2.0511,3.20,4.80
2007.10.26 16:01:09.356,2.05085,2.0511,3.20,4.80
2007.10.26 16:01:09.689,2.05085,2.0511,1.60,4.80
2007.10.26 16:01:09.902,2.05085,2.0511,1.60,4.80
2007.10.26 16:01:10.115,2.05085,2.0511,1.60,4.80
2007.10.26 16:01:10.328,2.05085,2.0511,1.60,4.80
2007.10.26 16:01:10.541,2.05085,2.0511,1.60,4.80
2007.10.26 16:01:10.824,2.05085,2.0511,1.60,4.80
2007.10.26 16:01:11.107,2.05085,2.0511,1.60,4.80
2007.10.26 16:01:11.390,2.05085,2.0511,1.60,4.80
2007.10.26 16:01:11.672,2.05085,2.0511,1.60,4.80
2007.10.26 16:01:11.895,2.05085,2.0511,4.40,4.80
2007.10.26 16:01:12.117,2.05085,2.0511,4.40,4.80
2007.10.26 16:01:12.341,2.05085,2.0511,4.40,4.80
2007.10.26 16:01:12.599,2.05085,2.0511,4.40,4.80
2007.10.26 16:01:12.854,2.05085,2.0511,1.60,4.80
2007.10.26 16:01:13.105,2.05085,2.0511,1.60,4.80
2007.10.26 16:01:13.359,2.05085,2.0511,1.60,4.80
2007.10.26 16:01:13.612,2.05085,2.0511,1.60,4.80
2007.10.26 16:01:13.945,2.05085,2.0511,1.60,4.80
2007.10.26 16:01:14.279,2.05085,2.0511,1.60,4.80
2007.10.26 16:01:14.612,2.05085,2.0511,1.60,4.80
2007.10.26 16:01:14.824,2.05085,2.0511,1.60,4.80
2007.10.26 16:01:15.037,2.05085,2.0511,1.60,4.80
2007.10.26 16:01:15.250,2.05085,2.0511,1.60,4.80
2007.10.26 16:01:15.463,2.05085,2.0511,1.60,4.80
2007.10.26 16:01:15.676,2.05085,2.0511,1.60,4.80
2007.10.26 16:01:15.988,2.05085,2.0511,1.60,4.80
2007.10.26 16:01:16.302,2.05085,2.0511,1.60,4.80
2007.10.26 16:01:16.614,2.05085,2.0511,1.60,4.80
2007.10.26 16:01:16.927,2.05095,2.0511,2.00,4.80
2007.10.26 16:01:17.145,2.05095,2.0511,3.60,4.80
2007.10.26 16:01:17.362,2.05095,2.0511,3.60,4.80
2007.10.26 16:01:17.579,2.05095,2.0511,3.60,4.80
2007.10.26 16:01:17.797,2.05095,2.0511,3.60,4.80
2007.10.26 16:01:18.059,2.05095,2.0511,3.60,4.80
2007.10.26 16:01:18.322,2.05095,2.051,1.60,4.80
2007.10.26 16:01:18.585,2.05085,2.051,5.20,4.80
2007.10.26 16:01:18.847,2.05085,2.0511,1.60,4.80
2007.10.26 16:01:19.182,2.05085,2.0511,3.20,4.80
2007.10.26 16:01:19.516,2.05085,2.0511,4.00,4.80
2007.10.26 16:01:19.849,2.05085,2.0511,2.40,4.80
2007.10.26 16:01:20.091,2.05085,2.0511,2.40,4.80
2007.10.26 16:01:20.333,2.05085,2.0511,2.40,4.80
2007.10.26 16:01:20.576,2.05085,2.0511,2.40,4.80
2007.10.26 16:01:20.819,2.05085,2.0511,2.40,4.80
2007.10.26 16:01:21.142,2.05085,2.0511,2.40,4.80
2007.10.26 16:01:21.464,2.05085,2.0511,2.40,4.80
2007.10.26 16:01:21.788,2.05085,2.0511,6.40,4.80
2007.10.26 16:01:21.996,2.05085,2.0511,6.40,4.80
2007.10.26 16:01:22.203,2.05085,2.05105,6.40,1.20
2007.10.26 16:01:22.411,2.05095,2.0511,2.00,4.80
2007.10.26 16:01:22.618,2.05095,2.0511,3.60,4.80
2007.10.26 16:01:22.827,2.05085,2.05105,1.60,2.00
2007.10.26 16:01:23.149,2.0508,2.05105,6.40,2.00
2007.10.26 16:01:23.473,2.05085,2.051,5.60,4.00
2007.10.26 16:01:23.796,2.05075,2.051,6.00,8.80
2007.10.26 16:01:24.124,2.05075,2.051,3.60,8.80
2007.10.26 16:01:24.453,2.05065,2.05095,6.00,6.10
2007.10.26 16:01:24.864,2.05075,2.05085,3.60,0.90
2007.10.26 16:01:24.887,2.05075,2.05095,3.60,1.30
2007.10.26 16:01:25.192,2.05075,2.05095,3.60,18.70
2007.10.26 16:01:25.410,2.0506,2.0509,6.40,7.20
2007.10.26 16:01:25.627,2.0506,2.05095,6.40,38.70
2007.10.26 16:01:25.846,2.0507,2.05095,4.00,21.10
2007.10.26 16:01:26.063,2.0507,2.05095,4.00,22.40
2007.10.26 16:01:26.397,2.0507,2.05095,4.00,18.40
2007.10.26 16:01:26.729,2.0508,2.05095,4.00,9.90
2007.10.26 16:01:27.062,2.0508,2.05095,4.00,9.80
2007.10.26 16:01:27.280,2.0507,2.05095,8.80,19.20
2007.10.26 16:01:27.498,2.0507,2.0509,6.40,11.20
2007.10.26 16:01:27.716,2.0507,2.0509,4.00,11.20
2007.10.26 16:01:27.934,2.0507,2.0509,4.00,11.20
2007.10.26 16:01:28.152,2.0507,2.0509,4.00,11.20
2007.10.26 16:01:28.435,2.0507,2.05095,4.00,21.00
2007.10.26 16:01:28.717,2.0507,2.05095,4.00,18.60
2007.10.26 16:01:29.000,2.0507,2.05095,4.00,18.70
2007.10.26 16:01:29.283,2.0507,2.05095,4.00,17.20
2007.10.26 16:01:29.614,2.0507,2.05095,4.00,17.20
2007.10.26 16:01:29.948,2.05065,2.05095,2.40,17.20
2007.10.26 16:01:30.281,2.05065,2.051,2.40,15.60
2007.10.26 16:01:30.489,2.05065,2.051,1.60,11.20
2007.10.26 16:01:30.698,2.05065,2.051,1.60,21.60
2007.10.26 16:01:31.001,2.05065,2.05095,2.40,17.20
2007.10.26 16:01:31.209,2.05065,2.051,2.40,18.00
2007.10.26 16:01:31.522,2.05065,2.051,1.60,11.20
2007.10.26 16:01:31.834,2.05065,2.051,1.60,11.20
2007.10.26 16:01:32.146,2.05065,2.051,1.60,11.20
2007.10.26 16:01:32.404,2.05065,2.051,1.60,11.20
2007.10.26 16:01:32.662,2.05065,2.051,1.60,11.20
2007.10.26 16:01:32.919,2.05065,2.051,1.60,11.40
2007.10.26 16:01:33.177,2.05065,2.051,1.60,15.40
2007.10.26 16:01:33.430,2.05065,2.051,2.40,23.90
2007.10.26 16:01:33.683,2.05065,2.05095,2.40,17.50
2007.10.26 16:01:33.936,2.05065,2.05095,2.40,17.50
2007.10.26 16:01:34.190,2.05065,2.05095,2.40,18.00
2007.10.26 16:01:34.523,2.05065,2.05095,3.10,17.20
2007.10.26 16:01:34.855,2.0507,2.051,4.00,11.20
2007.10.26 16:01:35.188,2.05075,2.05105,1.60,22.80
2007.10.26 16:01:35.415,2.05075,2.05105,1.60,21.20
2007.10.26 16:01:35.643,2.05075,2.05105,1.60,21.20
2007.10.26 16:01:35.872,2.05075,2.05105,2.40,17.50
2007.10.26 16:01:36.099,2.05075,2.05105,2.40,17.50
2007.10.26 16:01:36.377,2.05075,2.05105,2.40,17.30
2007.10.26 16:01:36.638,2.0507,2.05105,8.80,22.10
2007.10.26 16:01:36.656,2.0507,2.05105,8.80,8.50
2007.10.26 16:01:36.935,2.0507,2.0511,8.00,11.20
2007.10.26 16:01:37.212,2.0507,2.0511,8.00,11.20
2007.10.26 16:01:37.430,2.0507,2.0511,8.00,11.20
2007.10.26 16:01:37.648,2.0507,2.0511,8.00,11.20
2007.10.26 16:01:37.865,2.0507,2.0511,8.00,11.20
2007.10.26 16:01:38.082,2.0507,2.0511,8.00,11.20
2007.10.26 16:01:38.298,2.0507,2.0511,8.00,11.20
2007.10.26 16:01:38.576,2.05075,2.05115,19.10,23.20
2007.10.26 16:01:38.854,2.0508,2.0511,5.60,17.60
2007.10.26 16:01:39.132,2.05075,2.0511,10.80,22.00
2007.10.26 16:01:39.410,2.05075,2.05105,10.80,13.20
2007.10.26 16:01:39.743,2.05075,2.05105,10.80,13.20
2007.10.26 16:01:40.076,2.05075,2.05105,12.60,11.00
2007.10.26 16:01:40.409,2.05075,2.05105,12.60,11.00
2007.10.26 16:01:40.617,2.05075,2.05105,12.60,11.00
2007.10.26 16:01:40.826,2.05075,2.05105,12.60,11.00
2007.10.26 16:01:41.034,2.05075,2.05105,12.60,11.00
2007.10.26 16:01:41.242,2.05075,2.05105,12.60,11.00
2007.10.26 16:01:41.450,2.05075,2.05105,12.60,11.00
2007.10.26 16:01:41.767,2.05075,2.05105,12.60,11.00
2007.10.26 16:01:42.084,2.05075,2.05105,12.60,11.00
2007.10.26 16:01:42.402,2.05075,2.05105,18.20,7.00
2007.10.26 16:01:42.620,2.05075,2.05105,18.20,7.00
2007.10.26 16:01:42.838,2.05075,2.05105,18.20,7.00
2007.10.26 16:01:43.055,2.05075,2.05105,18.20,7.00
2007.10.26 16:01:43.278,2.05075,2.05105,18.20,7.00
2007.10.26 16:01:43.495,2.05075,2.05105,18.20,7.00
2007.10.26 16:01:43.828,2.05085,2.05105,10.00,5.10
2007.10.26 16:01:44.161,2.05085,2.05105,10.00,5.10
2007.10.26 16:01:44.493,2.05085,2.05105,10.00,5.10
2007.10.26 16:01:44.696,2.05085,2.05105,10.00,5.10
2007.10.26 16:01:44.899,2.05085,2.05105,10.00,5.10
2007.10.26 16:01:45.101,2.05085,2.05105,10.00,5.10
2007.10.26 16:01:45.303,2.05085,2.05105,10.00,5.10
2007.10.26 16:01:45.505,2.05085,2.05105,10.00,5.10
2007.10.26 16:01:45.708,2.05085,2.05105,10.00,5.10
2007.10.26 16:01:46.020,2.05085,2.05105,10.00,5.10
2007.10.26 16:01:46.333,2.05085,2.0509,1.50,1.20
2007.10.26 16:01:46.646,2.05075,2.05095,10.80,4.80
2007.10.26 16:01:46.868,2.05075,2.05095,9.20,4.80
2007.10.26 16:01:47.091,2.05075,2.05095,8.40,4.80
2007.10.26 16:01:47.314,2.0507,2.05095,16.80,6.80
2007.10.26 16:01:47.537,2.0507,2.05095,15.20,6.80
2007.10.26 16:01:47.760,2.05065,2.05095,25.50,6.80
2007.10.26 16:01:48.053,2.05065,2.05095,23.90,6.80
2007.10.26 16:01:48.346,2.05065,2.05095,23.90,6.80
2007.10.26 16:01:48.639,2.05065,2.05095,24.00,6.80
2007.10.26 16:01:48.971,2.05065,2.05095,24.00,6.80
2007.10.26 16:01:49.408,2.05065,2.05095,24.00,6.80
2007.10.26 16:01:49.741,2.05065,2.05095,24.00,6.80
2007.10.26 16:01:49.946,2.05065,2.05095,24.00,6.80
2007.10.26 16:01:50.147,2.05065,2.05095,24.00,6.80
2007.10.26 16:01:50.350,2.05065,2.05095,24.00,6.80
2007.10.26 16:01:50.553,2.05065,2.05095,24.00,6.80
2007.10.26 16:01:50.756,2.05065,2.05095,24.00,6.80
2007.10.26 16:01:51.029,2.05065,2.05095,24.00,6.80
2007.10.26 16:01:51.301,2.05065,2.05095,24.00,6.80
2007.10.26 16:01:51.573,2.05065,2.05095,24.00,6.80
2007.10.26 16:01:51.845,2.05065,2.05095,24.00,6.80
2007.10.26 16:01:52.099,2.05065,2.05095,24.00,6.80
2007.10.26 16:01:52.352,2.05065,2.05095,26.80,6.80
2007.10.26 16:01:52.604,2.05065,2.05095,26.80,6.80
2007.10.26 16:01:52.857,2.05085,2.051,7.20,4.40
2007.10.26 16:01:53.110,2.05085,2.05105,11.60,4.00
2007.10.26 16:01:53.362,2.05085,2.05115,11.60,19.20
2007.10.26 16:01:53.616,2.05085,2.05115,11.60,19.20
2007.10.26 16:01:53.869,2.05085,2.05115,11.60,18.40
2007.10.26 16:01:54.201,2.05085,2.05115,11.60,18.40
2007.10.26 16:01:54.534,2.05085,2.05115,11.60,20.90
2007.10.26 16:01:54.867,2.05085,2.05115,11.60,20.90
2007.10.26 16:01:55.079,2.05085,2.05115,11.60,19.60
2007.10.26 16:01:55.293,2.05085,2.05115,9.20,19.60
2007.10.26 16:01:55.546,2.05085,2.05115,9.20,19.60
2007.10.26 16:01:55.757,2.05085,2.05115,23.50,8.40
2007.10.26 16:01:56.056,2.0509,2.0512,5.60,11.20
2007.10.26 16:01:56.354,2.0509,2.05125,6.40,19.60
2007.10.26 16:01:56.651,2.0509,2.05125,6.40,19.60
2007.10.26 16:01:56.949,2.0509,2.0513,8.00,11.20
2007.10.26 16:01:57.227,2.0509,2.0513,8.00,11.20
2007.10.26 16:01:57.504,2.0509,2.0513,8.10,11.20
2007.10.26 16:01:57.782,2.0509,2.0513,8.30,11.20
2007.10.26 16:01:58.019,2.0509,2.05135,10.20,29.30
2007.10.26 16:01:58.258,2.05095,2.05135,22.10,19.70
2007.10.26 16:01:58.496,2.051,2.05135,4.80,19.60
2007.10.26 16:01:58.734,2.051,2.05135,8.80,14.80
2007.10.26 16:01:58.972,2.051,2.0514,8.00,11.20
2007.10.26 16:01:59.307,2.051,2.0514,8.00,11.30
2007.10.26 16:01:59.640,2.051,2.0514,8.00,11.30
2007.10.26 16:01:59.973,2.051,2.0514,8.00,12.00
2007.10.26 16:02:00.206,2.051,2.0514,4.00,16.00
2007.10.26 16:02:00.438,2.0509,2.05135,10.40,30.70
2007.10.26 16:02:00.671,2.0509,2.05135,9.60,30.70
2007.10.26 16:02:00.903,2.0509,2.05135,8.00,30.80
2007.10.26 16:02:01.206,2.0509,2.05135,8.00,30.80
2007.10.26 16:02:01.510,2.0509,2.05135,8.00,30.80
2007.10.26 16:02:01.813,2.0509,2.05135,8.00,30.80
2007.10.26 16:02:02.116,2.0509,2.05135,8.00,30.80
2007.10.26 16:02:02.343,2.0509,2.05135,8.00,30.80
2007.10.26 16:02:02.571,2.0509,2.05135,8.00,30.80
2007.10.26 16:02:02.798,2.0509,2.05135,8.00,30.80
2007.10.26 16:02:03.027,2.0509,2.05135,8.80,30.80
2007.10.26 16:02:03.330,2.0509,2.05135,8.80,30.80
2007.10.26 16:02:03.632,2.0509,2.05135,8.80,30.80
2007.10.26 16:02:03.936,2.05095,2.05135,2.60,30.80
2007.10.26 16:02:04.268,2.05095,2.0513,2.40,7.60
2007.10.26 16:02:04.602,2.05095,2.0513,2.40,7.60
2007.10.26 16:02:04.935,2.05095,2.05125,3.20,11.60
2007.10.26 16:02:05.158,2.05095,2.05125,3.20,11.60
2007.10.26 16:02:05.381,2.05095,2.05125,3.20,18.90
2007.10.26 16:02:05.604,2.05095,2.05125,3.20,21.30
2007.10.26 16:02:05.827,2.05095,2.05125,3.20,21.70
2007.10.26 16:02:06.049,2.05095,2.05125,2.40,21.30
2007.10.26 16:02:06.368,2.05095,2.05125,2.40,22.20
2007.10.26 16:02:06.685,2.05095,2.05125,2.40,22.10
2007.10.26 16:02:07.002,2.05095,2.05125,2.40,22.20
2007.10.26 16:02:07.220,2.05095,2.05125,2.40,22.20
2007.10.26 16:02:07.438,2.05095,2.05125,2.40,22.20
2007.10.26 16:02:07.657,2.05095,2.05125,2.40,22.20
2007.10.26 16:02:07.875,2.05095,2.05125,2.40,22.20
2007.10.26 16:02:08.092,2.05095,2.05125,2.40,22.20
2007.10.26 16:02:08.344,2.05095,2.05125,2.40,21.90
2007.10.26 16:02:08.597,2.05095,2.05125,2.40,20.40
2007.10.26 16:02:08.850,2.05095,2.05125,2.40,20.40
2007.10.26 16:02:09.103,2.05095,2.05125,3.20,20.40
2007.10.26 16:02:09.435,2.05095,2.0513,3.20,14.40
2007.10.26 16:02:09.768,2.05095,2.0513,2.40,12.00
2007.10.26 16:02:09.824,2.0509,2.0513,8.80,16.80
2007.10.26 16:02:10.100,2.0509,2.0513,8.80,12.00
2007.10.26 16:02:10.319,2.0509,2.0513,8.80,12.00
2007.10.26 16:02:10.536,2.0509,2.0513,8.80,12.00
2007.10.26 16:02:10.754,2.0509,2.0513,8.80,12.00
2007.10.26 16:02:10.971,2.0509,2.0513,8.80,12.00
2007.10.26 16:02:11.189,2.0509,2.0513,8.80,12.00
2007.10.26 16:02:11.501,2.0509,2.0513,8.80,12.00
2007.10.26 16:02:11.814,2.0509,2.0513,8.80,12.00
2007.10.26 16:02:12.126,2.0509,2.0513,8.80,12.00
2007.10.26 16:02:12.375,2.0509,2.0513,8.80,12.00
2007.10.26 16:02:12.625,2.0509,2.0513,8.80,12.00
2007.10.26 16:02:12.872,2.0509,2.0513,8.80,12.00
2007.10.26 16:02:13.121,2.0509,2.0513,8.80,12.00
2007.10.26 16:02:13.369,2.0509,2.0513,8.80,12.00
2007.10.26 16:02:13.622,2.0509,2.0513,8.80,12.00
2007.10.26 16:02:13.954,2.0509,2.05125,8.80,4.80
2007.10.26 16:02:14.206,2.0509,2.05125,8.80,4.80
2007.10.26 16:02:14.539,2.0509,2.05125,8.80,4.80
2007.10.26 16:02:14.871,2.05095,2.05125,1.30,4.80
2007.10.26 16:02:15.205,2.0509,2.05125,8.80,4.80
2007.10.26 16:02:15.538,2.0509,2.05125,8.80,4.80
2007.10.26 16:02:15.710,2.05095,2.05125,1.40,4.80
2007.10.26 16:02:15.883,2.0509,2.05125,8.80,4.80
2007.10.26 16:02:16.056,2.05095,2.05125,1.10,0.80
2007.10.26 16:02:16.228,2.0509,2.05125,8.80,0.80
2007.10.26 16:02:16.401,2.0509,2.05125,8.80,4.80
2007.10.26 16:02:16.734,2.0509,2.05125,8.80,4.80
2007.10.26 16:02:17.066,2.05095,2.05125,1.30,4.80
2007.10.26 16:02:17.399,2.05095,2.05125,0.90,4.80
2007.10.26 16:02:17.597,2.0509,2.05125,8.80,4.80
2007.10.26 16:02:17.795,2.0509,2.05125,8.80,4.80
2007.10.26 16:02:17.992,2.0509,2.05125,8.80,4.80
2007.10.26 16:02:18.191,2.05095,2.05125,0.60,4.80
2007.10.26 16:02:18.389,2.05095,2.05125,0.80,4.80
2007.10.26 16:02:18.722,2.0509,2.05125,8.80,4.80
2007.10.26 16:02:19.055,2.0509,2.05125,8.80,4.80
2007.10.26 16:02:19.387,2.05095,2.05125,0.70,4.00
2007.10.26 16:02:19.580,2.0509,2.05125,8.80,4.00
2007.10.26 16:02:19.773,2.05095,2.05125,1.20,4.00
2007.10.26 16:02:20.091,2.0509,2.05125,8.80,4.00
2007.10.26 16:02:20.284,2.05095,2.05125,0.50,4.00
2007.10.26 16:02:20.478,2.05095,2.05125,0.60,4.00
2007.10.26 16:02:20.700,2.0509,2.05125,8.80,4.00
2007.10.26 16:02:20.923,2.0509,2.05125,8.80,4.00
2007.10.26 16:02:21.146,2.0509,2.0513,8.80,7.20
2007.10.26 16:02:21.371,2.0509,2.0513,8.80,7.20
2007.10.26 16:02:21.593,2.0509,2.0513,8.80,7.20
2007.10.26 16:02:21.851,2.05095,2.0513,2.30,7.20
2007.10.26 16:02:22.108,2.05095,2.0513,1.00,7.20
2007.10.26 16:02:22.365,2.0509,2.0513,10.80,7.20
2007.10.26 16:02:22.623,2.05095,2.0513,1.80,7.20
2007.10.26 16:02:22.830,2.0509,2.0513,10.80,7.20
2007.10.26 16:02:23.038,2.0509,2.0513,10.80,7.20
2007.10.26 16:02:23.246,2.0509,2.0513,10.80,7.20
2007.10.26 16:02:23.455,2.051,2.0513,2.40,7.20
2007.10.26 16:02:23.787,2.05095,2.0513,21.90,7.20
2007.10.26 16:02:24.120,2.051,2.0513,1.70,7.20
2007.10.26 16:02:24.452,2.05095,2.0513,2.20,7.20
2007.10.26 16:02:24.786,2.0509,2.0513,8.80,7.20
2007.10.26 16:02:24.973,2.05095,2.0513,1.60,7.20
2007.10.26 16:02:25.161,2.0509,2.0513,8.80,7.20
2007.10.26 16:02:25.348,2.0509,2.0513,8.80,7.20
2007.10.26 16:02:25.536,2.0509,2.0513,8.80,7.20
2007.10.26 16:02:25.868,2.0509,2.0513,8.80,7.20
2007.10.26 16:02:26.226,2.0509,2.0513,8.80,7.20
2007.10.26 16:02:26.560,2.0509,2.0512,7.20,2.40
2007.10.26 16:02:26.892,2.05095,2.0512,0.90,4.80
2007.10.26 16:02:27.066,2.0509,2.0512,9.60,4.80
2007.10.26 16:02:27.238,2.0509,2.0512,9.60,4.80
2007.10.26 16:02:27.411,2.0509,2.0512,9.60,4.80
2007.10.26 16:02:27.585,2.0509,2.0512,8.80,4.80
2007.10.26 16:02:27.758,2.05095,2.0512,0.80,4.80
2007.10.26 16:02:28.050,2.05085,2.0512,5.00,4.80
2007.10.26 16:02:28.344,2.05085,2.0512,5.00,4.80
2007.10.26 16:02:28.636,2.05085,2.0512,5.00,4.80
2007.10.26 16:02:28.969,2.05095,2.0512,1.60,4.80
2007.10.26 16:02:29.303,2.05095,2.0512,0.80,4.80
2007.10.26 16:02:29.635,2.05095,2.0512,0.80,4.80
2007.10.26 16:02:29.969,2.0509,2.0512,3.20,4.80
2007.10.26 16:02:30.171,2.05095,2.0512,1.60,4.80
2007.10.26 16:02:30.374,2.0509,2.0512,3.20,4.80
2007.10.26 16:02:30.578,2.051,2.0512,2.40,4.80
2007.10.26 16:02:30.780,2.05095,2.0512,5.60,4.80
2007.10.26 16:02:31.098,2.05095,2.0512,7.20,4.80
2007.10.26 16:02:31.416,2.05095,2.0512,7.20,4.80
2007.10.26 16:02:31.734,2.051,2.0512,1.90,4.80
2007.10.26 16:02:31.937,2.051,2.0512,1.10,4.80
2007.10.26 16:02:32.139,2.051,2.0512,1.30,4.80
2007.10.26 16:02:32.368,2.05095,2.0512,0.80,4.80
2007.10.26 16:02:32.570,2.05095,2.0512,0.60,4.80
2007.10.26 16:02:32.772,2.05085,2.0512,5.00,4.80
2007.10.26 16:02:33.070,2.05095,2.0512,1.30,4.80
2007.10.26 16:02:33.368,2.05085,2.0512,5.00,4.80
2007.10.26 16:02:33.665,2.05095,2.0512,1.30,4.80
2007.10.26 16:02:33.962,2.05085,2.0512,5.00,4.80
2007.10.26 16:02:34.295,2.05095,2.0512,1.50,4.80
2007.10.26 16:02:34.628,2.05085,2.0512,5.00,4.80
2007.10.26 16:02:34.963,2.05085,2.0512,5.00,4.80
2007.10.26 16:02:35.121,2.05085,2.0512,5.00,4.80
2007.10.26 16:02:35.279,2.05095,2.0512,0.50,4.80
2007.10.26 16:02:35.436,2.05085,2.0512,5.00,4.80
2007.10.26 16:02:35.593,2.05085,2.0512,5.00,4.80
2007.10.26 16:02:35.751,2.05085,2.0512,5.00,4.80
2007.10.26 16:02:35.908,2.05085,2.0512,5.00,4.80
2007.10.26 16:02:36.066,2.05085,2.0512,5.00,4.80
2007.10.26 16:02:36.397,2.05085,2.0512,5.00,4.80
2007.10.26 16:02:36.730,2.05085,2.0512,5.00,4.80
2007.10.26 16:02:37.063,2.05095,2.0512,2.40,4.80
2007.10.26 16:02:37.261,2.05095,2.0512,2.40,4.80
2007.10.26 16:02:37.459,2.05095,2.0512,2.40,4.80
2007.10.26 16:02:37.656,2.05095,2.0512,2.40,4.80
2007.10.26 16:02:37.853,2.05095,2.0512,2.40,4.80
2007.10.26 16:02:38.051,2.05095,2.0512,2.40,4.80
2007.10.26 16:02:38.247,2.05095,2.0512,2.40,4.80
2007.10.26 16:02:38.510,2.05095,2.0512,2.40,4.80
2007.10.26 16:02:38.774,2.05095,2.0512,2.40,4.80
2007.10.26 16:02:39.037,2.05095,2.0512,2.40,4.80
2007.10.26 16:02:39.299,2.05095,2.0512,2.40,4.80
2007.10.26 16:02:39.632,2.05095,2.0512,2.40,4.80
2007.10.26 16:02:39.965,2.05095,2.0512,2.40,4.80
2007.10.26 16:02:40.298,2.05095,2.0512,2.40,4.80
2007.10.26 16:02:40.459,2.05095,2.0512,2.40,4.80
2007.10.26 16:02:40.621,2.05095,2.0512,2.40,4.80
2007.10.26 16:02:40.784,2.05095,2.0512,2.40,4.80
2007.10.26 16:02:40.947,2.05095,2.0512,2.40,4.80
2007.10.26 16:02:41.110,2.05095,2.0512,2.40,4.80
2007.10.26 16:02:41.437,2.05095,2.0512,2.40,4.80
2007.10.26 16:02:41.765,2.05095,2.0512,2.40,4.80
2007.10.26 16:02:42.093,2.05095,2.0512,0.80,4.80
2007.10.26 16:02:42.421,2.05095,2.0512,2.40,4.80
2007.10.26 16:02:42.605,2.05095,2.0512,0.80,4.80
2007.10.26 16:02:42.788,2.05095,2.0512,0.80,4.80
2007.10.26 16:02:42.969,2.05095,2.0512,0.80,4.80
2007.10.26 16:02:43.152,2.05095,2.0512,0.80,4.80
2007.10.26 16:02:43.440,2.05095,2.0512,0.80,4.80
2007.10.26 16:02:43.728,2.05095,2.0512,0.80,4.80
2007.10.26 16:02:44.016,2.05095,2.0512,0.80,4.80
2007.10.26 16:02:44.305,2.05095,2.0512,0.80,4.80
2007.10.26 16:02:44.637,2.05095,2.0512,2.40,4.80
2007.10.26 16:02:44.971,2.05095,2.0512,2.40,4.80
2007.10.26 16:02:45.303,2.05095,2.0512,2.40,4.80
2007.10.26 16:02:45.461,2.05095,2.0512,2.40,4.80
2007.10.26 16:02:45.617,2.05095,2.0512,2.40,4.80
2007.10.26 16:02:45.775,2.05095,2.05115,2.40,0.20
2007.10.26 16:02:45.933,2.05095,2.05115,2.40,0.20
2007.10.26 16:02:46.090,2.05095,2.05115,2.40,0.20
2007.10.26 16:02:46.247,2.05095,2.05115,2.40,0.20
2007.10.26 16:02:46.404,2.05095,2.05115,2.40,0.20
2007.10.26 16:02:46.707,2.05095,2.0512,2.40,4.80
2007.10.26 16:02:47.010,2.05095,2.0512,2.40,4.80
2007.10.26 16:02:47.313,2.05095,2.0512,0.80,4.80
2007.10.26 16:02:47.531,2.05095,2.0512,0.80,4.80
2007.10.26 16:02:47.749,2.05095,2.0512,0.80,4.80
2007.10.26 16:02:47.967,2.05095,2.0512,0.80,4.80
2007.10.26 16:02:48.185,2.05095,2.0512,0.80,4.80
2007.10.26 16:02:48.404,2.05095,2.0512,0.80,4.80
2007.10.26 16:02:48.737,2.05095,2.0512,0.80,4.80
2007.10.26 16:02:49.069,2.05095,2.0512,0.80,4.80
2007.10.26 16:02:49.402,2.05095,2.0512,0.80,4.80
2007.10.26 16:02:49.615,2.05095,2.0512,0.80,4.80
2007.10.26 16:02:49.827,2.05095,2.0512,0.80,4.80
2007.10.26 16:02:50.040,2.05095,2.0512,0.80,4.80
2007.10.26 16:02:50.252,2.05095,2.0512,0.80,4.80
2007.10.26 16:02:50.464,2.05095,2.0512,0.80,4.80
2007.10.26 16:02:50.768,2.05095,2.0512,0.80,4.80
2007.10.26 16:02:51.031,2.05095,2.0512,0.80,4.80
2007.10.26 16:02:51.294,2.05095,2.0512,0.80,4.80
2007.10.26 16:02:51.555,2.05095,2.0512,0.80,4.80
2007.10.26 16:02:51.738,2.05095,2.0512,0.80,4.80
2007.10.26 16:02:51.921,2.05095,2.0512,0.80,4.80
2007.10.26 16:02:52.031,2.05085,2.0512,5.00,4.80
2007.10.26 16:02:52.104,2.05095,2.0512,0.80,4.80
2007.10.26 16:02:52.287,2.05095,2.0512,0.80,4.80
2007.10.26 16:02:52.470,2.05085,2.0512,5.00,4.80
2007.10.26 16:02:52.652,2.05085,2.0512,5.00,4.80
2007.10.26 16:02:52.925,2.05095,2.0511,0.80,6.40
2007.10.26 16:02:53.198,2.05095,2.0511,0.80,8.80
2007.10.26 16:02:53.471,2.05095,2.0511,0.80,4.80
2007.10.26 16:02:53.744,2.05095,2.0511,0.80,2.40
2007.10.26 16:02:54.076,2.05085,2.0511,4.40,2.40
2007.10.26 16:02:54.410,2.05085,2.0511,4.40,2.40
2007.10.26 16:02:54.743,2.05085,2.0512,4.40,4.80
2007.10.26 16:02:54.951,2.05085,2.0512,4.40,4.80
2007.10.26 16:02:55.159,2.05085,2.0512,4.40,4.80
2007.10.26 16:02:55.367,2.05085,2.0512,4.40,4.80
2007.10.26 16:02:55.574,2.05085,2.0512,4.40,4.80
2007.10.26 16:02:55.781,2.05095,2.0512,0.80,4.80
2007.10.26 16:02:56.028,2.05085,2.0512,4.40,4.80
2007.10.26 16:02:56.277,2.05095,2.0512,0.80,4.80
2007.10.26 16:02:56.524,2.05095,2.0512,0.80,4.80
2007.10.26 16:02:56.772,2.05085,2.0512,4.40,4.80
2007.10.26 16:02:57.021,2.05085,2.0512,4.40,4.80
2007.10.26 16:02:57.198,2.05095,2.0512,0.80,4.80
2007.10.26 16:02:57.376,2.05085,2.0512,4.40,4.80
2007.10.26 16:02:57.553,2.05095,2.0512,0.80,4.80
2007.10.26 16:02:57.731,2.05095,2.0512,0.80,4.80
2007.10.26 16:02:57.909,2.05095,2.0512,0.80,4.80
2007.10.26 16:02:58.196,2.05085,2.0512,4.40,4.80
2007.10.26 16:02:58.484,2.05085,2.0512,4.40,4.80
2007.10.26 16:02:58.772,2.05085,2.0512,4.40,4.80
2007.10.26 16:02:59.059,2.05085,2.0512,4.40,4.80
2007.10.26 16:02:59.392,2.05085,2.0512,4.40,4.80
2007.10.26 16:02:59.724,2.05085,2.05115,4.40,0.40
2007.10.26 16:03:00.058,2.05085,2.05115,4.40,4.80
2007.10.26 16:03:00.281,2.05095,2.05115,0.80,4.80
2007.10.26 16:03:00.504,2.05085,2.05115,5.20,17.30
2007.10.26 16:03:00.726,2.05085,2.05115,5.20,17.30
2007.10.26 16:03:00.949,2.05095,2.0511,0.80,2.40
2007.10.26 16:03:01.281,2.05085,2.0511,5.20,2.40
2007.10.26 16:03:01.614,2.05095,2.0511,0.80,2.40
2007.10.26 16:03:01.946,2.05085,2.0511,5.20,2.40
2007.10.26 16:03:02.173,2.05085,2.0511,5.20,2.40
2007.10.26 16:03:02.400,2.05085,2.0511,5.20,2.40
2007.10.26 16:03:02.627,2.05095,2.0511,0.80,2.40
2007.10.26 16:03:02.855,2.05095,2.0511,0.80,2.40
2007.10.26 16:03:03.082,2.05085,2.0511,5.20,2.40
2007.10.26 16:03:03.375,2.05085,2.0511,5.20,2.40
2007.10.26 16:03:03.670,2.05095,2.0511,0.80,2.40
2007.10.26 16:03:03.963,2.05085,2.0511,5.20,2.40
2007.10.26 16:03:04.296,2.05085,2.0511,5.20,2.40
2007.10.26 16:03:04.629,2.05095,2.0511,0.80,2.40
2007.10.26 16:03:04.962,2.0509,2.0511,6.60,2.40
2007.10.26 16:03:05.184,2.05095,2.0511,0.20,2.40
2007.10.26 16:03:05.407,2.0509,2.0511,6.60,2.40
2007.10.26 16:03:05.629,2.0509,2.0511,6.60,2.40
2007.10.26 16:03:05.852,2.0509,2.0511,6.60,2.40
2007.10.26 16:03:06.075,2.0509,2.0511,6.60,2.40
2007.10.26 16:03:06.373,2.0509,2.0511,6.60,2.40
2007.10.26 16:03:06.671,2.0509,2.05115,6.60,0.20
2007.10.26 16:03:06.969,2.0509,2.05115,6.60,0.20
2007.10.26 16:03:07.207,2.0509,2.05115,6.60,4.10
2007.10.26 16:03:07.445,2.05095,2.05115,0.20,8.10
2007.10.26 16:03:07.684,2.05095,2.05115,0.20,8.10
2007.10.26 16:03:07.921,2.05085,2.05115,3.80,4.10
2007.10.26 16:03:08.160,2.05085,2.05115,3.80,4.30
2007.10.26 16:03:08.493,2.05085,2.05115,3.80,12.70
2007.10.26 16:03:08.827,2.05095,2.05115,0.20,12.70
2007.10.26 16:03:09.180,2.05085,2.0511,4.60,2.40
2007.10.26 16:03:09.503,2.05085,2.0511,4.60,2.40
2007.10.26 16:03:09.827,2.05095,2.0511,0.20,2.40
2007.10.26 16:03:10.149,2.05085,2.0511,4.60,2.40
2007.10.26 16:03:10.346,2.05095,2.0511,0.20,2.40
2007.10.26 16:03:10.543,2.05085,2.0511,4.60,2.40
2007.10.26 16:03:10.740,2.05085,2.0511,4.60,2.40
2007.10.26 16:03:10.939,2.05085,2.0511,4.60,2.40
2007.10.26 16:03:11.136,2.05085,2.0511,4.60,2.40
2007.10.26 16:03:11.384,2.05095,2.0511,0.20,2.40
2007.10.26 16:03:11.632,2.05095,2.0511,0.20,2.40
2007.10.26 16:03:11.879,2.05085,2.0511,4.60,2.40
2007.10.26 16:03:12.127,2.05085,2.0511,4.60,2.40
2007.10.26 16:03:12.326,2.05085,2.0511,4.60,2.40
2007.10.26 16:03:12.523,2.05085,2.0511,4.60,2.40
2007.10.26 16:03:12.722,2.05085,2.0511,4.60,2.40
2007.10.26 16:03:12.922,2.05095,2.0511,0.20,2.40
2007.10.26 16:03:13.119,2.05085,2.0511,4.60,2.40
2007.10.26 16:03:13.368,2.05085,2.0511,4.60,2.40
2007.10.26 16:03:13.615,2.05085,2.0511,4.60,2.40
2007.10.26 16:03:13.862,2.05085,2.0511,4.60,2.40
2007.10.26 16:03:14.109,2.05085,2.0511,4.60,2.40
2007.10.26 16:03:14.443,2.05085,2.0511,2.60,2.40
2007.10.26 16:03:14.775,2.05095,2.0511,0.20,2.40
2007.10.26 16:03:15.109,2.05095,2.0511,0.20,2.40
2007.10.26 16:03:15.326,2.05095,2.0511,0.20,2.40
2007.10.26 16:03:15.479,2.05085,2.0511,2.60,2.40
2007.10.26 16:03:15.631,2.05085,2.0511,2.60,2.40
2007.10.26 16:03:15.784,2.05085,2.0511,2.60,2.40
2007.10.26 16:03:15.937,2.05085,2.0511,2.60,2.40
2007.10.26 16:03:16.090,2.05095,2.0511,0.20,2.40
2007.10.26 16:03:16.243,2.05085,2.0511,2.60,2.40
2007.10.26 16:03:16.550,2.05085,2.0511,2.60,2.40
2007.10.26 16:03:16.858,2.05095,2.0511,0.20,2.40
2007.10.26 16:03:17.165,2.05085,2.0511,2.60,2.40
2007.10.26 16:03:17.367,2.05095,2.0511,0.20,2.40
2007.10.26 16:03:17.569,2.05095,2.0511,0.20,2.40
2007.10.26 16:03:17.772,2.05085,2.0511,2.60,2.40
2007.10.26 16:03:17.974,2.05095,2.0511,0.20,2.40
2007.10.26 16:03:18.177,2.05095,2.0511,0.20,2.40
2007.10.26 16:03:18.490,2.05085,2.0511,2.60,2.40
2007.10.26 16:03:18.803,2.05095,2.0511,0.20,2.40
2007.10.26 16:03:19.115,2.05095,2.0511,0.20,2.40
2007.10.26 16:03:19.427,2.05095,2.0511,0.20,2.40
2007.10.26 16:03:19.760,2.05095,2.0511,0.20,2.40
2007.10.26 16:03:20.093,2.05095,2.0511,0.20,2.40
2007.10.26 16:03:20.426,2.05095,2.0511,0.20,2.40
2007.10.26 16:03:20.653,2.05095,2.0511,0.20,2.40
2007.10.26 16:03:20.881,2.05095,2.0511,0.20,2.40
2007.10.26 16:03:21.108,2.05095,2.0511,0.20,2.40
2007.10.26 16:03:21.475,2.05095,2.0511,0.20,2.40
2007.10.26 16:03:21.747,2.05095,2.0511,0.20,2.40
2007.10.26 16:03:22.020,2.05095,2.0511,0.20,2.40
2007.10.26 16:03:22.293,2.05095,2.0511,0.20,2.40
2007.10.26 16:03:22.460,2.05095,2.0511,0.20,2.40
2007.10.26 16:03:22.628,2.05095,2.0511,0.20,2.40
2007.10.26 16:03:22.795,2.05095,2.0511,0.20,2.40
2007.10.26 16:03:22.964,2.05095,2.0511,0.20,2.40
2007.10.26 16:03:23.131,2.05095,2.0511,0.20,2.40
2007.10.26 16:03:23.298,2.05095,2.0511,0.20,2.40
2007.10.26 16:03:23.465,2.05095,2.0511,0.20,2.40
2007.10.26 16:03:23.798,2.05095,2.0511,0.20,2.40
2007.10.26 16:03:24.132,2.05095,2.0511,0.20,2.40
2007.10.26 16:03:24.464,2.05095,2.0511,0.20,2.40
2007.10.26 16:03:24.648,2.05095,2.0511,0.20,2.40
2007.10.26 16:03:24.830,2.05095,2.0511,0.20,2.40
2007.10.26 16:03:25.013,2.05095,2.0511,0.20,2.40
2007.10.26 16:03:25.195,2.05095,2.0511,0.20,2.40
2007.10.26 16:03:25.378,2.05095,2.0511,0.20,2.40
2007.10.26 16:03:25.676,2.05095,2.0511,0.20,2.40
2007.10.26 16:03:25.974,2.05095,2.0511,0.20,2.40
2007.10.26 16:03:26.272,2.05095,2.0511,0.20,2.40
2007.10.26 16:03:26.570,2.05095,2.0511,0.20,2.40
2007.10.26 16:03:26.798,2.05095,2.0511,0.20,2.40
2007.10.26 16:03:27.026,2.05095,2.0511,0.20,2.40
2007.10.26 16:03:27.253,2.05095,2.0511,0.20,2.40
2007.10.26 16:03:27.481,2.05095,2.0511,0.20,2.40
2007.10.26 16:03:27.684,2.05095,2.0511,0.20,2.40
2007.10.26 16:03:27.886,2.05095,2.0511,0.20,2.40
2007.10.26 16:03:28.088,2.05095,2.0511,0.20,2.40
2007.10.26 16:03:28.291,2.05095,2.0511,0.20,2.40
2007.10.26 16:03:28.495,2.051,2.0511,4.00,2.40
2007.10.26 16:03:28.698,2.051,2.0511,4.00,2.40
2007.10.26 16:03:29.031,2.05095,2.05115,0.20,2.00
2007.10.26 16:03:29.364,2.05095,2.0512,0.20,4.80
2007.10.26 16:03:29.697,2.05095,2.0512,0.20,4.80
2007.10.26 16:03:29.910,2.05095,2.0512,0.20,4.80
2007.10.26 16:03:30.122,2.05095,2.0512,0.20,4.80
2007.10.26 16:03:30.334,2.05095,2.0512,0.20,4.80
2007.10.26 16:03:30.547,2.05095,2.0512,0.20,4.80
2007.10.26 16:03:30.759,2.05095,2.0512,0.20,4.80
2007.10.26 16:03:31.052,2.05095,2.0512,0.20,4.80
2007.10.26 16:03:31.346,2.05095,2.0512,0.20,4.80
2007.10.26 16:03:31.637,2.05095,2.0512,0.20,4.80
2007.10.26 16:03:31.815,2.05095,2.0512,0.20,4.80
2007.10.26 16:03:31.993,2.05095,2.0512,1.00,4.80
2007.10.26 16:03:32.171,2.05095,2.0512,1.00,4.80
2007.10.26 16:03:32.348,2.051,2.0512,4.00,4.80
2007.10.26 16:03:32.526,2.051,2.0512,4.00,4.80
2007.10.26 16:03:32.704,2.051,2.0512,4.00,4.80
2007.10.26 16:03:33.026,2.051,2.0512,4.00,4.80
2007.10.26 16:03:33.348,2.051,2.0512,4.00,4.80
2007.10.26 16:03:33.762,2.051,2.0512,4.00,4.80
2007.10.26 16:03:34.095,2.051,2.0512,6.40,4.80
2007.10.26 16:03:34.428,2.051,2.0512,6.40,4.80
2007.10.26 16:03:34.760,2.051,2.0512,6.40,4.80
2007.10.26 16:03:34.958,2.051,2.0512,6.40,4.80
2007.10.26 16:03:35.156,2.051,2.0512,6.40,4.80
2007.10.26 16:03:35.355,2.051,2.0512,6.40,4.80
2007.10.26 16:03:35.552,2.051,2.0512,6.40,4.80
2007.10.26 16:03:35.750,2.051,2.0512,6.40,4.80
2007.10.26 16:03:36.002,2.051,2.0512,6.40,4.80
2007.10.26 16:03:36.255,2.051,2.0512,6.40,4.80
2007.10.26 16:03:36.508,2.051,2.0512,6.40,4.80
2007.10.26 16:03:36.760,2.051,2.0512,6.40,4.80
2007.10.26 16:03:36.961,2.051,2.0512,6.40,4.80
2007.10.26 16:03:37.163,2.051,2.0512,6.40,4.80
2007.10.26 16:03:37.366,2.051,2.0512,6.40,4.80
2007.10.26 16:03:37.569,2.051,2.0512,6.40,4.80
2007.10.26 16:03:37.772,2.051,2.0512,6.40,4.80
2007.10.26 16:03:38.015,2.051,2.0512,6.40,4.80
2007.10.26 16:03:38.258,2.051,2.0512,6.40,4.80
2007.10.26 16:03:38.501,2.05095,2.0512,5.40,4.80
2007.10.26 16:03:38.744,2.05095,2.0512,1.80,4.80
2007.10.26 16:03:39.077,2.05095,2.0511,1.80,2.40
2007.10.26 16:03:39.410,2.05095,2.0511,0.20,2.40
2007.10.26 16:03:39.743,2.05095,2.051,0.20,2.40
2007.10.26 16:03:39.926,2.05095,2.051,0.20,2.40
2007.10.26 16:03:40.108,2.05095,2.051,0.20,2.40
2007.10.26 16:03:40.291,2.05095,2.051,0.20,2.40
2007.10.26 16:03:40.474,2.05095,2.051,0.20,2.40
2007.10.26 16:03:40.656,2.05095,2.051,0.20,2.40
2007.10.26 16:03:40.838,2.05095,2.051,0.20,2.40
2007.10.26 16:03:41.131,2.05095,2.051,0.20,2.40
2007.10.26 16:03:41.425,2.05095,2.051,0.20,2.40
2007.10.26 16:03:41.717,2.05095,2.051,0.20,2.40
2007.10.26 16:03:41.930,2.05095,2.0511,0.20,4.80
2007.10.26 16:03:42.143,2.05095,2.0511,0.20,2.40
2007.10.26 16:03:42.356,2.05095,2.0511,0.20,2.40
2007.10.26 16:03:42.514,2.05095,2.0511,0.20,2.40
2007.10.26 16:03:42.569,2.05095,2.0512,0.20,7.20
2007.10.26 16:03:42.782,2.0509,2.0512,6.60,7.20
2007.10.26 16:03:43.114,2.05095,2.0512,0.20,4.80
2007.10.26 16:03:43.448,2.0509,2.0512,6.60,4.80
2007.10.26 16:03:43.784,2.05095,2.0512,0.20,4.80
2007.10.26 16:03:44.115,2.0509,2.0512,6.60,4.80
2007.10.26 16:03:44.447,2.0509,2.0512,6.60,4.80
2007.10.26 16:03:44.779,2.05095,2.0512,0.20,4.80
2007.10.26 16:03:44.983,2.0509,2.0512,6.60,4.80
2007.10.26 16:03:45.185,2.0509,2.0512,6.60,4.80
2007.10.26 16:03:45.389,2.0509,2.0512,6.60,4.80
2007.10.26 16:03:45.591,2.05095,2.0512,0.20,4.80
2007.10.26 16:03:45.793,2.0509,2.0512,6.60,4.80
2007.10.26 16:03:46.090,2.05095,2.0512,0.20,4.80
2007.10.26 16:03:46.387,2.0509,2.0512,6.60,4.80
2007.10.26 16:03:46.684,2.0509,2.05115,6.60,3.20
2007.10.26 16:03:46.982,2.0509,2.05115,6.60,7.30
2007.10.26 16:03:47.210,2.0509,2.05115,6.60,3.30
2007.10.26 16:03:47.438,2.05095,2.0511,0.20,2.40
2007.10.26 16:03:47.665,2.05095,2.0511,0.20,2.40
2007.10.26 16:03:47.893,2.0509,2.0511,6.60,2.40
2007.10.26 16:03:48.145,2.05095,2.0511,0.20,2.40
2007.10.26 16:03:48.398,2.0509,2.0511,6.60,2.40
2007.10.26 16:03:48.651,2.0509,2.0511,6.60,2.40
2007.10.26 16:03:48.903,2.05095,2.0511,0.20,2.40
2007.10.26 16:03:49.236,2.0509,2.0511,6.60,2.40
2007.10.26 16:03:49.569,2.05095,2.0511,0.20,2.40
2007.10.26 16:03:49.901,2.0509,2.0511,6.60,2.40
2007.10.26 16:03:50.139,2.0509,2.0511,6.60,2.40
2007.10.26 16:03:50.377,2.05095,2.0511,0.20,2.40
2007.10.26 16:03:50.614,2.0509,2.0511,6.60,2.40
2007.10.26 16:03:50.852,2.05095,2.0511,0.20,2.40
2007.10.26 16:03:51.090,2.0509,2.0511,6.60,2.40
2007.10.26 16:03:51.387,2.0509,2.0511,6.60,2.40
2007.10.26 16:03:51.685,2.05095,2.0511,0.20,2.40
2007.10.26 16:03:51.983,2.0509,2.0511,6.60,2.40
2007.10.26 16:03:52.220,2.0509,2.0511,6.60,2.40
2007.10.26 16:03:52.457,2.0509,2.0511,6.60,2.40
2007.10.26 16:03:52.696,2.05095,2.0511,0.20,2.40
2007.10.26 16:03:52.934,2.05095,2.0511,0.20,2.40
2007.10.26 16:03:53.207,2.0509,2.0511,6.60,2.40
2007.10.26 16:03:53.480,2.0509,2.0511,6.60,2.40
2007.10.26 16:03:53.753,2.05095,2.0511,0.20,2.40
2007.10.26 16:03:54.025,2.0509,2.0511,6.60,2.40
2007.10.26 16:03:54.358,2.05095,2.0511,0.20,2.40
2007.10.26 16:03:54.691,2.05095,2.0511,0.20,2.40
2007.10.26 16:03:55.024,2.0509,2.0511,6.60,2.40
2007.10.26 16:03:55.246,2.05095,2.0511,0.20,2.40
2007.10.26 16:03:55.468,2.0509,2.0511,6.60,2.40
2007.10.26 16:03:55.691,2.0509,2.0511,6.60,2.40
2007.10.26 16:03:55.914,2.05095,2.0511,0.20,2.40
2007.10.26 16:03:56.137,2.0509,2.0511,6.60,2.40
2007.10.26 16:03:56.379,2.0509,2.0511,6.60,2.40
2007.10.26 16:03:56.622,2.0509,2.0511,6.60,2.40
2007.10.26 16:03:56.863,2.0509,2.0511,6.60,2.40
2007.10.26 16:03:57.107,2.05095,2.0511,0.20,2.40
2007.10.26 16:03:57.369,2.0509,2.0511,6.60,2.40
2007.10.26 16:03:57.632,2.0509,2.0511,6.60,2.40
2007.10.26 16:03:57.895,2.05095,2.0511,0.20,2.40
2007.10.26 16:03:58.157,2.0509,2.0511,6.60,2.40
2007.10.26 16:03:58.380,2.0509,2.0511,6.60,2.40
2007.10.26 16:03:58.602,2.0509,2.0511,6.60,2.40
2007.10.26 16:03:58.825,2.05095,2.0511,0.20,2.40
2007.10.26 16:03:59.048,2.05095,2.0511,0.20,2.40
2007.10.26 16:03:59.380,2.05095,2.0511,0.20,2.40
2007.10.26 16:03:59.714,2.05095,2.0511,0.20,2.40
2007.10.26 16:04:00.047,2.05095,2.0511,0.20,2.40
2007.10.26 16:04:00.234,2.0509,2.0511,6.60,2.40
2007.10.26 16:04:00.421,2.0509,2.0511,6.60,2.40
2007.10.26 16:04:00.609,2.05095,2.0511,0.20,2.40
2007.10.26 16:04:00.797,2.05095,2.0511,0.20,2.40
2007.10.26 16:04:00.984,2.0509,2.0511,6.60,2.40
2007.10.26 16:04:01.172,2.0509,2.0511,6.60,2.40
2007.10.26 16:04:01.484,2.0509,2.0511,6.60,2.40
2007.10.26 16:04:01.797,2.05095,2.0511,0.20,2.40
2007.10.26 16:04:02.109,2.0509,2.0511,6.60,2.40
2007.10.26 16:04:02.421,2.0509,2.0511,6.60,2.40
2007.10.26 16:04:02.623,2.0509,2.0511,6.60,2.40
2007.10.26 16:04:02.826,2.05095,2.0511,0.20,2.40
2007.10.26 16:04:03.029,2.0509,2.0511,6.60,2.40
2007.10.26 16:04:03.232,2.0509,2.0511,6.60,2.40
2007.10.26 16:04:03.490,2.05095,2.0511,0.20,2.40
2007.10.26 16:04:03.749,2.05095,2.0511,0.20,2.40
2007.10.26 16:04:04.006,2.05095,2.0511,0.20,2.40
2007.10.26 16:04:04.264,2.0509,2.0511,6.60,2.40
2007.10.26 16:04:04.598,2.05095,2.0511,0.20,2.40
2007.10.26 16:04:04.931,2.05095,2.0511,0.20,2.40
2007.10.26 16:04:05.263,2.0509,2.0511,6.60,2.40
2007.10.26 16:04:05.465,2.0509,2.0511,6.60,2.40
2007.10.26 16:04:05.668,2.05095,2.0511,0.20,2.40
2007.10.26 16:04:05.871,2.0509,2.0511,6.60,2.40
2007.10.26 16:04:06.074,2.0509,2.0511,6.60,2.40
2007.10.26 16:04:06.276,2.0509,2.0511,6.60,2.40
2007.10.26 16:04:06.549,2.0509,2.0511,6.60,2.40
2007.10.26 16:04:06.822,2.0509,2.0511,6.60,2.40
2007.10.26 16:04:07.096,2.0509,2.0511,6.60,2.40
2007.10.26 16:04:07.368,2.0509,2.0511,6.60,2.40
2007.10.26 16:04:07.596,2.05095,2.0511,0.20,2.40
2007.10.26 16:04:07.824,2.05095,2.0511,0.20,2.40
2007.10.26 16:04:08.052,2.05095,2.0511,7.80,2.40
2007.10.26 16:04:08.280,2.051,2.0511,1.50,2.40
2007.10.26 16:04:08.613,2.05095,2.0511,7.80,2.40
2007.10.26 16:04:08.946,2.051,2.0511,2.00,2.40
2007.10.26 16:04:09.279,2.051,2.0511,1.00,4.80
2007.10.26 16:04:09.456,2.05095,2.0511,7.80,4.80
2007.10.26 16:04:09.634,2.05095,2.0511,7.80,4.80
2007.10.26 16:04:09.812,2.05095,2.0511,7.80,4.80
2007.10.26 16:04:09.989,2.051,2.0511,2.20,4.80
2007.10.26 16:04:10.167,2.051,2.0511,1.80,4.80
2007.10.26 16:04:10.345,2.05095,2.0511,7.80,4.80
2007.10.26 16:04:10.617,2.051,2.0511,4.00,4.80
2007.10.26 16:04:10.889,2.051,2.0511,4.00,4.80
2007.10.26 16:04:11.162,2.051,2.0511,4.00,4.80
2007.10.26 16:04:11.434,2.051,2.0511,4.00,4.80
2007.10.26 16:04:11.667,2.051,2.0511,4.00,4.80
2007.10.26 16:04:11.900,2.051,2.0511,4.00,4.80
2007.10.26 16:04:12.133,2.05095,2.051,2.20,4.80
2007.10.26 16:04:12.366,2.05095,2.051,0.20,4.80
2007.10.26 16:04:12.598,2.05095,2.051,0.20,4.80
2007.10.26 16:04:12.881,2.05095,2.051,0.20,4.80
2007.10.26 16:04:13.164,2.05095,2.051,0.20,4.80
2007.10.26 16:04:13.446,2.05095,2.051,0.20,4.80
2007.10.26 16:04:13.778,2.05095,2.051,0.20,4.80
2007.10.26 16:04:14.111,2.0509,2.051,4.00,4.80
2007.10.26 16:04:14.443,2.0509,2.051,4.00,4.80
2007.10.26 16:04:14.626,2.0509,2.051,4.00,4.80
2007.10.26 16:04:14.808,2.0509,2.051,4.00,4.80
2007.10.26 16:04:14.991,2.0509,2.051,4.00,4.80
2007.10.26 16:04:15.174,2.0509,2.051,4.00,4.80
2007.10.26 16:04:15.356,2.0509,2.051,4.00,2.40
2007.10.26 16:04:15.541,2.0509,2.051,4.00,2.40
2007.10.26 16:04:15.852,2.0509,2.051,4.00,2.40
2007.10.26 16:04:16.164,2.0509,2.051,4.00,2.40
2007.10.26 16:04:16.477,2.0509,2.051,4.00,2.40
2007.10.26 16:04:16.790,2.0509,2.051,4.00,2.40
2007.10.26 16:04:16.998,2.0509,2.051,4.00,2.40
2007.10.26 16:04:17.205,2.0509,2.051,4.00,2.40
2007.10.26 16:04:17.414,2.0509,2.051,4.00,2.40
2007.10.26 16:04:17.621,2.0509,2.051,4.00,2.40
2007.10.26 16:04:17.874,2.0509,2.051,4.00,2.40
2007.10.26 16:04:18.126,2.0509,2.051,4.00,2.40
2007.10.26 16:04:18.380,2.0509,2.051,4.00,2.40
2007.10.26 16:04:18.633,2.0509,2.051,4.00,2.40
2007.10.26 16:04:18.965,2.0509,2.051,4.00,2.40
2007.10.26 16:04:19.297,2.0509,2.051,4.00,2.40
2007.10.26 16:04:19.630,2.0509,2.051,4.00,2.40
2007.10.26 16:04:19.808,2.0509,2.051,4.00,2.40
2007.10.26 16:04:19.986,2.0509,2.051,4.00,2.40
2007.10.26 16:04:20.163,2.0509,2.051,4.00,2.40
2007.10.26 16:04:20.341,2.0509,2.051,4.00,2.40
2007.10.26 16:04:20.519,2.05085,2.051,3.60,2.40
2007.10.26 16:04:20.697,2.05085,2.0509,1.60,2.40
2007.10.26 16:04:20.716,2.05085,2.05095,1.60,4.80
2007.10.26 16:04:21.030,2.0508,2.05095,4.00,4.80
2007.10.26 16:04:21.364,2.0508,2.05095,4.00,8.80
2007.10.26 16:04:21.696,2.0508,2.05095,4.00,8.80
2007.10.26 16:04:21.934,2.0508,2.05095,4.00,8.80
2007.10.26 16:04:22.173,2.0508,2.05095,4.00,8.80
2007.10.26 16:04:22.411,2.0508,2.05095,4.00,8.80
2007.10.26 16:04:22.648,2.0508,2.05095,4.00,8.80
2007.10.26 16:04:22.951,2.0508,2.05095,4.00,8.80
2007.10.26 16:04:23.253,2.0508,2.05095,4.00,8.80
2007.10.26 16:04:23.555,2.0508,2.05095,4.00,8.80
2007.10.26 16:04:23.858,2.0508,2.05095,4.00,8.80
2007.10.26 16:04:24.151,2.0508,2.05095,4.00,8.80
2007.10.26 16:04:24.444,2.0508,2.05095,4.00,8.80
2007.10.26 16:04:24.737,2.0508,2.05095,4.00,4.80
2007.10.26 16:04:25.031,2.05075,2.05095,3.60,4.90
2007.10.26 16:04:25.268,2.0507,2.05095,8.80,6.90
2007.10.26 16:04:25.506,2.0507,2.05095,6.40,6.90
2007.10.26 16:04:25.743,2.0507,2.05095,6.40,6.90
2007.10.26 16:04:25.982,2.0507,2.05095,6.40,6.90
2007.10.26 16:04:26.285,2.05075,2.05105,1.60,26.40
2007.10.26 16:04:26.587,2.05075,2.05105,1.60,24.90
2007.10.26 16:04:26.890,2.05075,2.05105,1.60,24.30
2007.10.26 16:04:27.134,2.05075,2.05105,1.60,24.30
2007.10.26 16:04:27.376,2.05075,2.05105,1.60,24.30
2007.10.26 16:04:27.619,2.05075,2.05105,1.60,24.30
2007.10.26 16:04:27.861,2.05075,2.05105,1.60,24.30
2007.10.26 16:04:28.169,2.05075,2.05105,1.60,24.30
2007.10.26 16:04:28.477,2.05075,2.05105,1.60,24.30
2007.10.26 16:04:28.784,2.05075,2.05105,1.60,24.30
2007.10.26 16:04:29.091,2.05075,2.051,1.60,15.00
2007.10.26 16:04:29.370,2.0507,2.051,6.40,17.40
2007.10.26 16:04:29.647,2.0507,2.05095,6.40,11.00
2007.10.26 16:04:29.925,2.0507,2.05095,6.40,11.10
2007.10.26 16:04:30.203,2.0507,2.05095,6.40,7.60
2007.10.26 16:04:30.411,2.0507,2.05095,6.40,7.60
2007.10.26 16:04:30.620,2.0507,2.05095,6.40,11.60
2007.10.26 16:04:30.827,2.0507,2.05095,6.40,11.60
2007.10.26 16:04:31.034,2.0507,2.05095,6.40,11.60
2007.10.26 16:04:31.356,2.0507,2.05095,6.40,11.60
2007.10.26 16:04:31.678,2.0507,2.05095,6.40,11.60
2007.10.26 16:04:32.000,2.0507,2.05095,6.40,11.60
2007.10.26 16:04:32.223,2.0507,2.05095,6.40,11.60
2007.10.26 16:04:32.446,2.0507,2.05095,6.40,11.60
2007.10.26 16:04:32.669,2.0507,2.05095,6.40,11.60
2007.10.26 16:04:32.892,2.0507,2.05095,6.40,11.60
2007.10.26 16:04:33.115,2.0507,2.05095,6.40,11.60
2007.10.26 16:04:33.403,2.0507,2.05095,6.40,11.60
2007.10.26 16:04:33.691,2.0507,2.05095,6.40,11.60
2007.10.26 16:04:33.979,2.0507,2.05095,6.40,11.60
2007.10.26 16:04:34.267,2.0507,2.05095,6.40,11.60
2007.10.26 16:04:34.599,2.0507,2.05095,6.40,11.60
2007.10.26 16:04:34.931,2.0507,2.05095,6.40,11.60
2007.10.26 16:04:35.263,2.0507,2.05095,6.40,11.60
2007.10.26 16:04:35.471,2.0507,2.05095,6.40,11.60
2007.10.26 16:04:35.677,2.0507,2.05095,6.40,11.60
2007.10.26 16:04:35.885,2.0507,2.05095,6.40,11.60
2007.10.26 16:04:36.093,2.0507,2.05095,6.40,11.60
2007.10.26 16:04:36.301,2.0507,2.05095,6.40,11.60
2007.10.26 16:04:36.603,2.0507,2.05095,6.40,11.60
2007.10.26 16:04:36.906,2.0507,2.05095,6.40,11.60
2007.10.26 16:04:37.209,2.0507,2.05095,6.40,23.70
2007.10.26 16:04:37.457,2.0507,2.05095,6.40,26.10
2007.10.26 16:04:37.705,2.0507,2.05085,4.00,4.80
2007.10.26 16:04:37.954,2.0507,2.05085,4.00,4.80
2007.10.26 16:04:38.201,2.0507,2.05085,4.00,4.80
2007.10.26 16:04:38.448,2.0507,2.05085,4.00,4.80
2007.10.26 16:04:38.700,2.05065,2.05075,1.60,4.80
2007.10.26 16:04:38.955,2.0506,2.05075,6.40,4.80
2007.10.26 16:04:39.208,2.0506,2.05075,4.00,4.80
2007.10.26 16:04:39.460,2.0506,2.05075,4.00,4.80
2007.10.26 16:04:39.793,2.0506,2.05075,4.00,4.80
2007.10.26 16:04:40.126,2.0506,2.05075,4.00,4.80
2007.10.26 16:04:40.459,2.0506,2.05075,4.00,4.80
2007.10.26 16:04:40.631,2.0506,2.05075,4.00,4.80
2007.10.26 16:04:40.804,2.0506,2.05075,4.00,4.80
2007.10.26 16:04:40.977,2.0506,2.05075,4.00,4.80
2007.10.26 16:04:41.255,2.0506,2.05075,4.00,4.80
2007.10.26 16:04:41.497,2.0506,2.05075,4.00,4.80
2007.10.26 16:04:41.740,2.0505,2.05065,6.40,4.80
2007.10.26 16:04:41.983,2.0505,2.05065,4.00,4.80
2007.10.26 16:04:42.226,2.0505,2.05065,4.00,2.90
2007.10.26 16:04:42.469,2.0505,2.05065,4.00,2.90
2007.10.26 16:04:42.761,2.0505,2.05065,4.00,2.90
2007.10.26 16:04:43.055,2.0505,2.05065,4.00,2.90
2007.10.26 16:04:43.347,2.0505,2.05065,4.00,2.90
2007.10.26 16:04:43.680,2.0505,2.05065,4.00,2.90
2007.10.26 16:04:44.014,2.05045,2.05065,2.00,2.90
2007.10.26 16:04:44.346,2.0504,2.05065,6.40,6.80
2007.10.26 16:04:44.534,2.0505,2.05065,4.00,6.80
2007.10.26 16:04:44.722,2.0504,2.05065,6.40,2.90
2007.10.26 16:04:44.913,2.0504,2.05065,6.40,2.90
2007.10.26 16:04:45.101,2.0504,2.05065,6.40,4.90
2007.10.26 16:04:45.259,2.05035,2.05065,16.60,5.40
2007.10.26 16:04:45.291,2.05035,2.05065,22.20,4.90
2007.10.26 16:04:45.481,2.05035,2.05065,18.20,4.90
2007.10.26 16:04:45.814,2.05035,2.05065,18.00,5.20
2007.10.26 16:04:46.148,2.0503,2.05065,16.40,12.10
2007.10.26 16:04:46.481,2.0503,2.05065,9.60,14.90
2007.10.26 16:04:46.709,2.05025,2.05065,30.30,15.50
2007.10.26 16:04:46.937,2.05025,2.05065,28.70,15.60
2007.10.26 16:04:47.165,2.05025,2.05065,24.70,15.70
2007.10.26 16:04:47.393,2.05025,2.05065,24.70,15.70
2007.10.26 16:04:47.621,2.05025,2.05065,24.70,15.70
2007.10.26 16:04:47.889,2.05025,2.0506,24.70,0.70
2007.10.26 16:04:48.157,2.05025,2.0506,16.80,7.20
2007.10.26 16:04:48.425,2.05025,2.0506,16.80,7.90
2007.10.26 16:04:48.692,2.05025,2.05055,16.80,0.80
2007.10.26 16:04:49.025,2.05025,2.05055,16.80,0.90
2007.10.26 16:04:49.358,2.05025,2.05055,16.80,0.90
2007.10.26 16:04:49.691,2.05025,2.05055,16.80,0.90
2007.10.26 16:04:49.888,2.05025,2.05055,16.80,0.90
2007.10.26 16:04:50.085,2.0503,2.05055,6.40,3.00
2007.10.26 16:04:50.283,2.05035,2.05055,6.00,2.90
2007.10.26 16:04:50.481,2.05035,2.05055,6.00,2.90
2007.10.26 16:04:50.775,2.05035,2.0506,16.40,5.30
2007.10.26 16:04:51.068,2.05035,2.05065,12.40,16.00
2007.10.26 16:04:51.360,2.05035,2.05065,12.40,16.00
2007.10.26 16:04:51.653,2.05035,2.05065,12.40,16.00
2007.10.26 16:04:51.865,2.05035,2.05065,12.40,16.00
2007.10.26 16:04:52.078,2.05035,2.05065,12.40,16.00
2007.10.26 16:04:52.291,2.05025,2.05065,33.10,18.50
2007.10.26 16:04:52.504,2.05025,2.05065,30.70,18.50
2007.10.26 16:04:52.746,2.05025,2.05065,28.30,19.50
2007.10.26 16:04:52.989,2.05025,2.05065,28.30,19.50
2007.10.26 16:04:53.235,2.05025,2.05065,28.30,19.50
2007.10.26 16:04:53.531,2.05025,2.05065,28.30,19.50
2007.10.26 16:04:53.865,2.05025,2.05065,28.30,19.50
2007.10.26 16:04:54.198,2.05025,2.05065,19.50,19.50
2007.10.26 16:04:54.531,2.05025,2.05065,18.70,19.50
2007.10.26 16:04:54.864,2.05025,2.05065,20.30,19.50
2007.10.26 16:04:55.052,2.05025,2.05065,20.30,19.50
2007.10.26 16:04:55.239,2.05025,2.05065,20.30,19.50
2007.10.26 16:04:55.427,2.05025,2.05065,16.30,19.50
2007.10.26 16:04:55.615,2.05025,2.05065,16.30,19.50
2007.10.26 16:04:55.892,2.05025,2.05065,16.30,19.50
2007.10.26 16:04:56.170,2.05025,2.05065,16.30,19.50
2007.10.26 16:04:56.447,2.05025,2.05065,16.30,19.50
2007.10.26 16:04:56.724,2.05025,2.05065,16.30,19.50
2007.10.26 16:04:56.903,2.0503,2.05065,5.60,19.50
2007.10.26 16:04:57.080,2.0503,2.05065,5.60,19.50
2007.10.26 16:04:57.257,2.0503,2.05065,5.60,19.50
2007.10.26 16:04:57.436,2.0503,2.05065,5.60,19.50
2007.10.26 16:04:57.613,2.0503,2.05065,5.60,19.50
2007.10.26 16:04:57.845,2.0503,2.05065,5.60,19.50
2007.10.26 16:04:58.078,2.0503,2.05065,5.60,19.50
2007.10.26 16:04:58.311,2.0503,2.05065,5.60,19.30
2007.10.26 16:04:58.544,2.0503,2.05065,8.00,20.10
2007.10.26 16:04:58.777,2.0503,2.05065,8.00,19.30
2007.10.26 16:04:59.109,2.0503,2.05065,8.00,19.30
2007.10.26 16:04:59.442,2.0503,2.05065,8.00,19.30
2007.10.26 16:04:59.775,2.05045,2.05065,6.00,7.90
2007.10.26 16:04:59.939,2.05045,2.05065,7.60,7.70
2007.10.26 16:05:00.102,2.05045,2.0507,10.00,9.20
2007.10.26 16:05:00.265,2.05045,2.0507,10.80,6.80
2007.10.26 16:05:00.429,2.05045,2.05075,10.80,22.60
2007.10.26 16:05:00.591,2.05045,2.05075,10.80,22.60
2007.10.26 16:05:00.753,2.05045,2.05075,10.80,22.60
2007.10.26 16:05:01.087,2.05045,2.05075,10.80,22.60
2007.10.26 16:05:01.419,2.05045,2.05075,10.80,22.60
2007.10.26 16:05:01.751,2.05045,2.05075,10.80,22.60
2007.10.26 16:05:01.924,2.05045,2.05075,10.80,22.60
2007.10.26 16:05:02.098,2.05045,2.05075,10.80,22.60
2007.10.26 16:05:02.270,2.05045,2.05075,10.80,22.60
2007.10.26 16:05:02.442,2.05045,2.05075,10.80,22.60
2007.10.26 16:05:02.615,2.05045,2.05075,10.80,22.60
2007.10.26 16:05:02.788,2.05045,2.05075,10.80,22.60
2007.10.26 16:05:03.046,2.05045,2.05075,10.80,22.60
2007.10.26 16:05:03.303,2.05045,2.05075,10.80,22.60
2007.10.26 16:05:03.561,2.05045,2.05075,10.80,22.60
2007.10.26 16:05:03.818,2.05045,2.05075,10.80,22.60
2007.10.26 16:05:04.151,2.05045,2.05075,10.80,22.60
2007.10.26 16:05:04.483,2.05045,2.05075,10.80,22.60
2007.10.26 16:05:04.816,2.05045,2.05075,10.80,22.50
2007.10.26 16:05:05.013,2.05045,2.05075,14.80,22.50
2007.10.26 16:05:05.212,2.05045,2.0508,17.20,20.10
2007.10.26 16:05:05.410,2.05045,2.0508,17.20,20.10
2007.10.26 16:05:05.608,2.05045,2.0508,17.20,20.10
2007.10.26 16:05:05.806,2.0505,2.0508,8.00,20.10
2007.10.26 16:05:06.049,2.0505,2.0508,8.00,9.60
2007.10.26 16:05:06.291,2.0505,2.0508,8.00,9.60
2007.10.26 16:05:06.534,2.0505,2.0508,8.00,9.60
2007.10.26 16:05:06.777,2.0505,2.0508,8.00,9.60
2007.10.26 16:05:07.019,2.0505,2.0508,8.00,9.60
2007.10.26 16:05:07.316,2.0505,2.0508,8.00,9.60
2007.10.26 16:05:07.614,2.0505,2.0508,8.00,9.60
2007.10.26 16:05:07.912,2.0505,2.0508,8.00,8.80
2007.10.26 16:05:08.105,2.0505,2.0508,8.00,8.80
2007.10.26 16:05:08.298,2.0505,2.0508,8.00,8.80
2007.10.26 16:05:08.492,2.0505,2.05085,8.00,25.50
2007.10.26 16:05:08.685,2.0505,2.05085,8.00,25.50
2007.10.26 16:05:08.877,2.05045,2.05085,26.00,21.50
2007.10.26 16:05:09.071,2.05045,2.05085,26.00,21.50
2007.10.26 16:05:09.404,2.0505,2.05085,8.00,22.10
2007.10.26 16:05:09.739,2.0505,2.05085,8.00,22.30
2007.10.26 16:05:10.071,2.0505,2.05085,8.00,22.30
2007.10.26 16:05:10.269,2.0505,2.05085,8.00,22.40
2007.10.26 16:05:10.467,2.0505,2.05085,8.00,22.40
2007.10.26 16:05:10.665,2.0505,2.05085,8.00,22.40
2007.10.26 16:05:10.863,2.0505,2.05085,8.00,26.30
2007.10.26 16:05:11.061,2.0505,2.05085,8.00,26.00
2007.10.26 16:05:11.329,2.0505,2.05085,8.00,27.10
2007.10.26 16:05:11.596,2.0505,2.05085,8.00,27.10
2007.10.26 16:05:11.937,2.0505,2.05085,8.00,27.20
2007.10.26 16:05:12.205,2.0505,2.05085,8.00,28.00
2007.10.26 16:05:12.463,2.0505,2.05085,8.00,28.00
2007.10.26 16:05:12.720,2.0505,2.05085,8.00,28.00
2007.10.26 16:05:12.978,2.0505,2.05085,8.00,28.80
2007.10.26 16:05:13.236,2.0505,2.05085,8.00,28.80
2007.10.26 16:05:13.419,2.0505,2.05085,8.00,28.80
2007.10.26 16:05:13.601,2.0505,2.05085,8.00,28.80
2007.10.26 16:05:13.784,2.0505,2.05085,8.00,28.80
2007.10.26 16:05:13.967,2.0505,2.05085,8.00,28.80
2007.10.26 16:05:14.150,2.0505,2.05085,8.00,28.80
2007.10.26 16:05:14.483,2.0505,2.05085,8.00,28.80
2007.10.26 16:05:14.815,2.05055,2.05085,1.60,28.80
2007.10.26 16:05:15.147,2.05055,2.05085,1.60,28.80
2007.10.26 16:05:15.310,2.05055,2.05085,1.60,28.80
2007.10.26 16:05:15.473,2.05055,2.05085,1.60,28.80
2007.10.26 16:05:15.636,2.05055,2.05085,1.60,28.80
2007.10.26 16:05:15.799,2.05055,2.05085,1.60,28.80
2007.10.26 16:05:15.961,2.05055,2.05085,1.60,28.80
2007.10.26 16:05:16.123,2.05055,2.05085,1.60,28.80
2007.10.26 16:05:16.285,2.05055,2.05085,1.60,28.80
2007.10.26 16:05:16.609,2.05055,2.05085,1.60,28.80
2007.10.26 16:05:16.931,2.05055,2.05085,1.60,28.80
2007.10.26 16:05:17.254,2.0506,2.05085,4.00,26.80
2007.10.26 16:05:17.406,2.0506,2.05085,4.00,25.30
2007.10.26 16:05:17.558,2.0506,2.05085,4.00,25.30
2007.10.26 16:05:17.712,2.0506,2.05085,6.40,25.30
2007.10.26 16:05:17.864,2.0506,2.0508,6.40,4.80
2007.10.26 16:05:18.072,2.0506,2.0508,6.40,4.80
2007.10.26 16:05:18.547,2.0506,2.0508,6.40,4.80
2007.10.26 16:05:18.871,2.0506,2.0508,6.40,4.80
2007.10.26 16:05:19.193,2.0506,2.0508,6.40,4.80
2007.10.26 16:05:19.516,2.0506,2.0508,6.40,4.80
2007.10.26 16:05:19.829,2.0506,2.0508,6.40,4.80
2007.10.26 16:05:20.143,2.0506,2.0507,4.00,2.40
2007.10.26 16:05:20.456,2.0506,2.0507,4.00,2.40
2007.10.26 16:05:20.648,2.05055,2.0507,3.60,2.40
2007.10.26 16:05:20.842,2.05055,2.0507,3.60,2.40
2007.10.26 16:05:21.034,2.05055,2.0507,3.60,2.40
2007.10.26 16:05:21.228,2.05055,2.0507,2.00,2.40
2007.10.26 16:05:21.420,2.0505,2.0507,8.80,2.40
2007.10.26 16:05:21.613,2.0505,2.0507,6.40,2.40
2007.10.26 16:05:21.946,2.0505,2.0507,6.40,2.40
2007.10.26 16:05:22.279,2.0505,2.0507,6.40,2.40
2007.10.26 16:05:22.611,2.0505,2.0507,6.40,2.40
2007.10.26 16:05:22.859,2.0505,2.0507,6.40,2.40
2007.10.26 16:05:23.107,2.0505,2.0507,6.40,2.40
2007.10.26 16:05:23.355,2.0505,2.0507,6.40,2.40
2007.10.26 16:05:23.603,2.0505,2.0507,6.40,2.40
2007.10.26 16:05:23.935,2.0505,2.0507,6.40,2.40
2007.10.26 16:05:24.269,2.0505,2.0507,6.40,2.40
2007.10.26 16:05:24.602,2.0505,2.0507,6.40,2.40
2007.10.26 16:05:24.769,2.0505,2.0507,6.40,2.40
2007.10.26 16:05:24.937,2.0505,2.0507,6.40,2.40
2007.10.26 16:05:25.105,2.0505,2.0507,6.40,2.40
2007.10.26 16:05:25.272,2.0505,2.0507,6.40,2.40
2007.10.26 16:05:25.441,2.0505,2.0507,6.40,2.40
2007.10.26 16:05:25.608,2.0505,2.0507,6.40,2.40
2007.10.26 16:05:25.937,2.05055,2.0507,3.60,2.40
2007.10.26 16:05:26.265,2.05055,2.0507,1.60,2.40
2007.10.26 16:05:26.594,2.0505,2.0507,6.40,2.40
2007.10.26 16:05:26.776,2.0505,2.0507,6.40,2.40
2007.10.26 16:05:26.959,2.0505,2.0507,6.40,2.40
2007.10.26 16:05:27.141,2.0505,2.0507,6.40,2.40
2007.10.26 16:05:27.324,2.0505,2.0507,6.40,2.40
2007.10.26 16:05:27.507,2.0505,2.0507,6.40,2.40
2007.10.26 16:05:27.690,2.0505,2.0507,6.40,2.40
2007.10.26 16:05:28.023,2.0505,2.0507,6.40,2.40
2007.10.26 16:05:28.355,2.0505,2.0507,6.40,4.80
2007.10.26 16:05:28.687,2.0505,2.0507,6.40,4.80
2007.10.26 16:05:29.015,2.0505,2.0507,6.40,4.80
2007.10.26 16:05:29.343,2.0505,2.0507,6.40,4.80
2007.10.26 16:05:29.670,2.0505,2.0507,6.40,4.80
2007.10.26 16:05:29.898,2.0505,2.0507,6.40,4.80
2007.10.26 16:05:30.125,2.0505,2.0507,6.40,4.80
2007.10.26 16:05:30.352,2.0505,2.0507,6.40,4.80
2007.10.26 16:05:30.580,2.0505,2.0507,6.40,4.80
2007.10.26 16:05:30.807,2.0505,2.0507,6.40,4.80
2007.10.26 16:05:31.089,2.0505,2.0507,6.40,4.80
2007.10.26 16:05:31.372,2.0505,2.0507,6.40,4.80
2007.10.26 16:05:31.654,2.0505,2.0507,6.40,4.80
2007.10.26 16:05:31.937,2.0505,2.0507,6.40,4.80
2007.10.26 16:05:32.114,2.0505,2.0507,6.40,4.80
2007.10.26 16:05:32.292,2.0505,2.0507,6.40,4.80
2007.10.26 16:05:32.470,2.0505,2.0507,2.40,9.60
2007.10.26 16:05:32.648,2.05045,2.0507,4.40,8.80
2007.10.26 16:05:32.827,2.05045,2.0507,2.40,4.80
2007.10.26 16:05:33.159,2.05045,2.0507,1.60,4.80
2007.10.26 16:05:33.493,2.05035,2.0507,1.60,4.80
2007.10.26 16:05:33.825,2.05035,2.05065,1.60,1.20
2007.10.26 16:05:34.153,2.05035,2.05065,1.60,5.20
2007.10.26 16:05:34.481,2.05035,2.05065,1.60,13.60
2007.10.26 16:05:34.809,2.05035,2.0506,1.60,2.40
2007.10.26 16:05:35.048,2.05035,2.0506,1.60,2.40
2007.10.26 16:05:35.287,2.05035,2.0506,1.60,2.40
2007.10.26 16:05:35.525,2.05035,2.0506,1.60,2.40
2007.10.26 16:05:35.764,2.05035,2.0506,1.60,2.40
2007.10.26 16:05:36.006,2.05035,2.0506,1.60,2.40
2007.10.26 16:05:36.248,2.05035,2.0506,1.60,2.40
2007.10.26 16:05:36.490,2.05035,2.0506,1.60,2.40
2007.10.26 16:05:36.734,2.05035,2.0506,1.60,2.40
2007.10.26 16:05:36.976,2.05035,2.0506,1.60,2.40
2007.10.26 16:05:37.229,2.05035,2.0506,1.60,2.40
2007.10.26 16:05:37.481,2.05035,2.0506,1.60,2.40
2007.10.26 16:05:37.734,2.05035,2.0506,1.60,2.40
2007.10.26 16:05:37.987,2.05035,2.0506,1.60,2.40
2007.10.26 16:05:38.187,2.05035,2.0506,1.60,2.40
2007.10.26 16:05:38.383,2.05035,2.0506,1.60,2.40
2007.10.26 16:05:38.581,2.0505,2.0506,4.00,2.40
2007.10.26 16:05:38.780,2.0505,2.0506,4.00,2.40
2007.10.26 16:05:38.859,2.05045,2.0506,5.60,2.40
2007.10.26 16:05:38.977,2.0505,2.0506,1.80,2.40
2007.10.26 16:05:39.310,2.0505,2.0506,2.20,2.40
2007.10.26 16:05:39.643,2.05045,2.0506,7.60,2.40
2007.10.26 16:05:39.976,2.0505,2.0506,1.40,2.40
2007.10.26 16:05:40.190,2.0505,2.0506,1.50,2.40
2007.10.26 16:05:40.402,2.0505,2.0506,1.00,2.40
2007.10.26 16:05:40.615,2.05045,2.0506,7.60,2.40
2007.10.26 16:05:40.828,2.05045,2.0506,7.60,2.40
2007.10.26 16:05:41.040,2.05045,2.0506,7.60,2.40
2007.10.26 16:05:41.283,2.0505,2.0506,1.80,2.40
2007.10.26 16:05:41.525,2.05045,2.0506,7.60,2.40
2007.10.26 16:05:41.767,2.0505,2.0506,1.40,2.40
2007.10.26 16:05:42.010,2.05045,2.0506,7.60,2.40
2007.10.26 16:05:42.199,2.05045,2.0506,1.00,2.40
2007.10.26 16:05:42.386,2.0504,2.0506,1.20,2.40
2007.10.26 16:05:42.615,2.0503,2.0506,12.80,2.40
2007.10.26 16:05:42.803,2.0503,2.0506,11.20,2.40
2007.10.26 16:05:42.990,2.0503,2.0506,11.20,2.40
2007.10.26 16:05:43.182,2.0503,2.0506,11.20,2.40
2007.10.26 16:05:43.498,2.0503,2.0506,11.20,6.40
2007.10.26 16:05:43.810,2.0503,2.0506,10.40,6.40
2007.10.26 16:05:44.125,2.0503,2.0506,10.40,6.40
2007.10.26 16:05:44.456,2.05035,2.0506,0.70,6.40
2007.10.26 16:05:44.790,2.05035,2.0506,1.10,6.40
2007.10.26 16:05:45.123,2.05035,2.0506,1.00,6.40
2007.10.26 16:05:45.316,2.0503,2.0506,10.40,6.40
2007.10.26 16:05:45.509,2.0503,2.0506,10.40,6.40
2007.10.26 16:05:45.702,2.0503,2.0506,10.40,6.40
2007.10.26 16:05:45.894,2.0503,2.0506,10.40,6.40
2007.10.26 16:05:46.086,2.05035,2.0506,0.90,6.40
2007.10.26 16:05:46.279,2.0503,2.0506,10.40,6.40
2007.10.26 16:05:46.596,2.0503,2.0506,10.40,6.40
2007.10.26 16:05:46.913,2.05035,2.0506,0.60,6.40
2007.10.26 16:05:47.231,2.05035,2.0506,1.20,2.40
2007.10.26 16:05:47.470,2.05035,2.0506,1.00,2.40
2007.10.26 16:05:47.708,2.0503,2.0506,10.40,2.40
2007.10.26 16:05:47.946,2.05035,2.0506,0.50,2.40
2007.10.26 16:05:48.184,2.0503,2.0506,10.40,2.40
2007.10.26 16:05:48.427,2.0503,2.0506,10.40,2.40
2007.10.26 16:05:48.747,2.0503,2.0506,10.40,2.40
2007.10.26 16:05:48.992,2.05035,2.0506,1.20,2.40
2007.10.26 16:05:49.235,2.0503,2.0506,10.40,2.40
2007.10.26 16:05:49.562,2.05035,2.0506,0.80,2.40
2007.10.26 16:05:49.890,2.05035,2.0506,1.20,2.40
2007.10.26 16:05:50.217,2.05035,2.0504,0.50,1.60
2007.10.26 16:05:50.235,2.05035,2.0504,0.50,1.10
2007.10.26 16:05:50.545,2.05015,2.05035,25.20,4.80
2007.10.26 16:05:50.733,2.05015,2.05035,15.90,4.80
2007.10.26 16:05:50.922,2.05015,2.05035,9.70,2.90
2007.10.26 16:05:51.109,2.05015,2.05045,12.10,10.00
2007.10.26 16:05:51.297,2.05015,2.05055,33.20,4.00
2007.10.26 16:05:51.559,2.05015,2.0506,33.20,4.40
2007.10.26 16:05:51.822,2.05015,2.05065,36.00,35.80
2007.10.26 16:05:52.084,2.0502,2.05065,10.40,35.80
2007.10.26 16:05:52.347,2.0502,2.05065,10.40,35.60
2007.10.26 16:05:52.575,2.0502,2.05065,10.40,35.60
2007.10.26 16:05:52.803,2.0502,2.05065,10.40,35.60
2007.10.26 16:05:53.031,2.0502,2.05065,10.40,35.60
2007.10.26 16:05:53.259,2.0502,2.05065,10.40,35.60
2007.10.26 16:05:53.487,2.0502,2.05065,10.40,35.60
2007.10.26 16:05:53.820,2.0502,2.05065,10.40,35.60
2007.10.26 16:05:54.153,2.0502,2.05065,10.40,35.60
2007.10.26 16:05:54.486,2.0502,2.05065,12.40,35.60
2007.10.26 16:05:54.673,2.0502,2.05065,12.40,35.60
2007.10.26 16:05:54.883,2.0502,2.05065,10.40,35.60
2007.10.26 16:05:55.070,2.0502,2.05065,10.40,35.60
2007.10.26 16:05:55.258,2.0502,2.05065,12.40,35.60
2007.10.26 16:05:55.445,2.0502,2.05065,12.40,35.60
2007.10.26 16:05:55.688,2.05025,2.05065,21.90,18.10
2007.10.26 16:05:55.895,2.05025,2.05065,25.90,20.90
2007.10.26 16:05:55.930,2.05025,2.05065,23.50,18.10
2007.10.26 16:05:56.173,2.05025,2.05065,23.50,18.00
2007.10.26 16:05:56.416,2.05025,2.05065,25.90,18.00
2007.10.26 16:05:56.659,2.05025,2.05065,25.90,18.00
2007.10.26 16:05:56.935,2.05025,2.05065,25.90,18.00
2007.10.26 16:05:57.213,2.05025,2.05065,26.00,18.00
2007.10.26 16:05:57.491,2.0503,2.05065,8.00,17.20
2007.10.26 16:05:57.744,2.0503,2.05065,8.00,17.40
2007.10.26 16:05:57.996,2.0503,2.05065,8.00,17.40
2007.10.26 16:05:58.249,2.0503,2.05065,8.00,17.40
2007.10.26 16:05:58.502,2.0503,2.05065,8.00,17.40
2007.10.26 16:05:58.834,2.0503,2.05065,8.00,17.40
2007.10.26 16:05:59.167,2.0503,2.05065,8.00,17.40
2007.10.26 16:05:59.500,2.0503,2.05065,8.00,17.40
2007.10.26 16:05:59.707,2.0503,2.05065,8.00,17.40
2007.10.26 16:05:59.915,2.0503,2.0506,8.00,3.00
2007.10.26 16:06:00.123,2.0503,2.0506,8.00,3.00
2007.10.26 16:06:00.330,2.0503,2.0506,8.00,3.00
2007.10.26 16:06:00.538,2.0503,2.05065,8.00,18.80
2007.10.26 16:06:00.861,2.0502,2.05065,12.80,27.60
2007.10.26 16:06:01.183,2.0502,2.05065,12.90,27.60
2007.10.26 16:06:01.506,2.0502,2.05065,12.50,27.50
2007.10.26 16:06:01.829,2.0502,2.05065,12.40,27.60
2007.10.26 16:06:02.056,2.0502,2.05065,12.40,27.70
2007.10.26 16:06:02.284,2.0502,2.05065,12.40,27.70
2007.10.26 16:06:02.511,2.0502,2.05065,10.40,27.60
2007.10.26 16:06:02.739,2.0502,2.05065,10.40,27.60
2007.10.26 16:06:02.971,2.0502,2.05065,10.40,27.60
2007.10.26 16:06:03.204,2.0502,2.05065,12.50,26.90
2007.10.26 16:06:03.437,2.0502,2.05065,12.50,26.90
2007.10.26 16:06:03.669,2.0502,2.05065,12.50,26.90
2007.10.26 16:06:04.002,2.0502,2.05065,12.50,26.80
2007.10.26 16:06:04.335,2.0502,2.05065,12.50,26.80
2007.10.26 16:06:04.668,2.0502,2.05065,12.50,26.70
2007.10.26 16:06:04.856,2.05025,2.05065,15.60,18.80
2007.10.26 16:06:05.044,2.05025,2.05065,16.40,18.80
2007.10.26 16:06:05.231,2.05025,2.05065,16.40,18.80
2007.10.26 16:06:05.419,2.05025,2.05065,16.40,18.80
2007.10.26 16:06:05.606,2.05025,2.05065,16.40,18.80
2007.10.26 16:06:05.873,2.05025,2.05065,16.40,18.80
2007.10.26 16:06:06.141,2.0503,2.05065,4.00,18.90
2007.10.26 16:06:06.409,2.0503,2.05065,4.00,18.90
2007.10.26 16:06:06.676,2.0503,2.05065,4.00,18.90
2007.10.26 16:06:06.869,2.0503,2.05065,4.00,18.90
2007.10.26 16:06:07.152,2.0503,2.05065,4.00,18.90
2007.10.26 16:06:07.344,2.0503,2.05065,4.00,18.90
2007.10.26 16:06:07.538,2.0503,2.05065,4.00,19.00
2007.10.26 16:06:07.731,2.0503,2.05065,4.00,19.00
2007.10.26 16:06:07.998,2.0503,2.05065,4.00,19.00
2007.10.26 16:06:08.265,2.0503,2.05065,4.00,19.00
2007.10.26 16:06:08.532,2.0503,2.05065,4.00,19.00
2007.10.26 16:06:08.800,2.0503,2.05065,4.00,19.00
2007.10.26 16:06:09.133,2.0503,2.05065,4.00,19.00
2007.10.26 16:06:09.467,2.0503,2.05065,4.00,19.00
2007.10.26 16:06:09.800,2.0504,2.05065,4.00,19.60
2007.10.26 16:06:09.972,2.0504,2.05065,4.00,19.60
2007.10.26 16:06:10.145,2.0504,2.05065,4.00,19.60
2007.10.26 16:06:10.318,2.0504,2.05065,4.00,17.20
2007.10.26 16:06:10.491,2.0504,2.05065,4.00,17.20
2007.10.26 16:06:10.664,2.0504,2.05065,4.00,19.20
2007.10.26 16:06:10.837,2.0504,2.05065,4.00,19.20
2007.10.26 16:06:11.169,2.0504,2.05065,4.00,19.20
2007.10.26 16:06:11.502,2.0504,2.05065,4.00,18.60
2007.10.26 16:06:11.835,2.0504,2.05065,4.00,18.50
2007.10.26 16:06:12.032,2.0504,2.05065,4.00,18.40
2007.10.26 16:06:12.230,2.0504,2.05065,4.00,18.40
2007.10.26 16:06:12.428,2.0504,2.05065,4.00,18.40
2007.10.26 16:06:12.625,2.0504,2.05065,4.00,18.40
2007.10.26 16:06:12.822,2.0504,2.0506,4.00,9.20
2007.10.26 16:06:13.020,2.0504,2.0506,4.00,11.60
2007.10.26 16:06:13.338,2.0504,2.05055,4.00,6.80
2007.10.26 16:06:13.656,2.0503,2.05055,8.80,6.80
2007.10.26 16:06:13.973,2.0503,2.05055,6.40,6.80
2007.10.26 16:06:14.302,2.0503,2.05055,6.40,10.80
2007.10.26 16:06:14.629,2.0503,2.05055,6.40,10.80
2007.10.26 16:06:14.956,2.0503,2.05055,6.40,10.80
2007.10.26 16:06:15.284,2.0503,2.05055,6.40,10.80
2007.10.26 16:06:15.501,2.0503,2.05055,6.40,10.80
2007.10.26 16:06:15.719,2.0503,2.05055,6.40,10.80
2007.10.26 16:06:15.936,2.0503,2.05055,6.40,10.80
2007.10.26 16:06:16.154,2.0503,2.05055,6.40,10.80
2007.10.26 16:06:16.392,2.0503,2.05055,6.40,10.80
2007.10.26 16:06:16.631,2.0503,2.05055,6.40,10.80
2007.10.26 16:06:16.869,2.0503,2.05055,6.40,6.80
2007.10.26 16:06:17.106,2.0503,2.05055,6.40,6.80
2007.10.26 16:06:17.368,2.0503,2.05055,6.40,10.80
2007.10.26 16:06:17.631,2.0503,2.05055,6.40,10.80
2007.10.26 16:06:17.894,2.0503,2.05055,8.80,6.80
2007.10.26 16:06:18.157,2.0503,2.05055,8.80,6.80
2007.10.26 16:06:18.370,2.0503,2.05055,8.80,6.80
2007.10.26 16:06:18.582,2.0503,2.05055,8.80,6.80
2007.10.26 16:06:18.795,2.0503,2.05055,8.80,6.80
2007.10.26 16:06:19.008,2.0503,2.05055,8.80,6.80
2007.10.26 16:06:19.220,2.0503,2.05055,8.80,2.00
2007.10.26 16:06:19.553,2.0503,2.0506,8.80,2.40
2007.10.26 16:06:19.886,2.0503,2.0506,8.80,2.40
2007.10.26 16:06:20.218,2.0503,2.0506,6.40,4.80
2007.10.26 16:06:20.416,2.05035,2.0506,1.60,4.80
2007.10.26 16:06:20.613,2.0504,2.0506,4.00,4.80
2007.10.26 16:06:20.811,2.0504,2.0506,4.00,4.80
2007.10.26 16:06:21.009,2.0504,2.0506,4.00,4.80
2007.10.26 16:06:21.207,2.0504,2.0506,4.00,4.80
2007.10.26 16:06:21.539,2.0504,2.0506,4.00,2.40
2007.10.26 16:06:21.871,2.0504,2.0506,4.00,2.40
2007.10.26 16:06:22.204,2.0504,2.0506,4.00,2.40
2007.10.26 16:06:22.416,2.0504,2.0506,4.00,2.40
2007.10.26 16:06:22.628,2.0504,2.0506,4.00,2.40
2007.10.26 16:06:22.842,2.0504,2.0506,4.00,2.40
2007.10.26 16:06:23.054,2.0504,2.0506,4.00,2.40
2007.10.26 16:06:23.266,2.0504,2.0506,4.00,2.40
2007.10.26 16:06:23.518,2.0504,2.0506,4.00,2.40
2007.10.26 16:06:23.772,2.0504,2.0506,4.00,2.40
2007.10.26 16:06:24.024,2.0504,2.0506,4.00,2.40
2007.10.26 16:06:24.276,2.0504,2.0506,4.00,2.40
2007.10.26 16:06:24.608,2.0504,2.0506,4.00,2.40
2007.10.26 16:06:24.940,2.05045,2.0506,3.60,2.40
2007.10.26 16:06:25.273,2.05045,2.0506,3.60,2.40
2007.10.26 16:06:25.560,2.05045,2.0506,3.60,2.40
2007.10.26 16:06:25.733,2.05045,2.0506,3.60,2.40
2007.10.26 16:06:25.905,2.05045,2.0506,3.60,2.40
2007.10.26 16:06:26.077,2.05045,2.0506,3.60,2.40
2007.10.26 16:06:26.250,2.05045,2.0506,3.60,2.40
2007.10.26 16:06:26.423,2.05045,2.0507,3.60,4.80
2007.10.26 16:06:26.707,2.05045,2.0507,3.60,4.80
2007.10.26 16:06:26.989,2.05045,2.0507,3.60,4.80
2007.10.26 16:06:27.271,2.05045,2.0507,3.60,4.80
2007.10.26 16:06:27.555,2.05045,2.0507,3.60,4.80
2007.10.26 16:06:27.792,2.05045,2.0507,3.60,4.80
2007.10.26 16:06:28.029,2.05045,2.0507,3.60,4.80
2007.10.26 16:06:28.267,2.05045,2.0507,3.60,4.80
2007.10.26 16:06:28.505,2.05045,2.0507,3.60,4.80
2007.10.26 16:06:28.717,2.05045,2.0507,3.60,4.80
2007.10.26 16:06:28.931,2.05045,2.0507,3.60,4.80
2007.10.26 16:06:29.143,2.05045,2.0507,3.60,4.80
2007.10.26 16:06:29.355,2.05045,2.0507,4.40,2.40
2007.10.26 16:06:29.688,2.05045,2.0507,4.40,4.80
2007.10.26 16:06:30.022,2.05045,2.0507,4.40,4.80
2007.10.26 16:06:30.354,2.05045,2.0507,4.40,4.80
2007.10.26 16:06:30.557,2.05045,2.0507,4.40,4.80
2007.10.26 16:06:30.760,2.05045,2.0507,2.40,4.80
2007.10.26 16:06:30.963,2.05045,2.0507,2.40,2.40
2007.10.26 16:06:31.165,2.05045,2.0507,2.40,2.40
2007.10.26 16:06:31.368,2.05045,2.0507,2.40,2.40
2007.10.26 16:06:31.693,2.05045,2.0507,2.40,2.40
2007.10.26 16:06:31.941,2.05045,2.0507,2.40,2.40
2007.10.26 16:06:32.188,2.05045,2.0507,2.40,4.80
2007.10.26 16:06:32.436,2.05045,2.0507,2.40,4.80
2007.10.26 16:06:32.623,2.05045,2.0507,2.40,4.80
2007.10.26 16:06:32.811,2.05045,2.0507,2.40,4.80
2007.10.26 16:06:32.998,2.05045,2.0507,2.40,4.80
2007.10.26 16:06:33.186,2.05045,2.0507,2.40,4.80
2007.10.26 16:06:33.373,2.05045,2.0507,2.40,4.80
2007.10.26 16:06:33.561,2.05045,2.0507,2.40,4.80
2007.10.26 16:06:33.894,2.05045,2.0507,2.40,4.80
2007.10.26 16:06:34.226,2.05045,2.0507,2.40,4.80
2007.10.26 16:06:34.559,2.05045,2.0507,2.40,4.80
2007.10.26 16:06:34.752,2.05045,2.0507,2.40,4.80
2007.10.26 16:06:34.944,2.05045,2.0507,2.40,4.80
2007.10.26 16:06:35.137,2.05045,2.0507,2.40,4.80
2007.10.26 16:06:35.330,2.05045,2.0507,2.40,4.80
2007.10.26 16:06:35.524,2.05045,2.0507,2.40,4.80
2007.10.26 16:06:35.777,2.05045,2.0507,2.40,4.80
2007.10.26 16:06:36.031,2.05045,2.0507,2.40,4.80
2007.10.26 16:06:36.284,2.0505,2.0507,4.00,2.40
2007.10.26 16:06:36.537,2.0505,2.0507,4.00,2.40
2007.10.26 16:06:36.804,2.0505,2.0507,4.00,2.40
2007.10.26 16:06:37.071,2.0505,2.0507,6.40,2.40
2007.10.26 16:06:37.339,2.0505,2.0507,6.40,2.40
2007.10.26 16:06:37.608,2.0505,2.0507,6.40,2.40
2007.10.26 16:06:37.856,2.0505,2.0507,6.40,4.80
2007.10.26 16:06:38.103,2.0505,2.0507,6.40,4.80
2007.10.26 16:06:38.352,2.0505,2.0507,6.40,4.80
2007.10.26 16:06:38.600,2.0505,2.0507,6.40,4.80
2007.10.26 16:06:38.932,2.0505,2.0507,6.40,4.80
2007.10.26 16:06:39.266,2.0505,2.0507,6.40,4.80
2007.10.26 16:06:39.598,2.0505,2.0507,6.40,4.80
2007.10.26 16:06:39.837,2.0505,2.0507,6.40,4.80
2007.10.26 16:06:40.074,2.0505,2.0507,6.40,4.80
2007.10.26 16:06:40.311,2.0505,2.0507,6.40,4.80
2007.10.26 16:06:40.548,2.0505,2.0507,6.40,4.80
2007.10.26 16:06:40.785,2.0505,2.0507,6.40,4.80
2007.10.26 16:06:41.088,2.0505,2.0507,6.40,4.80
2007.10.26 16:06:41.218,2.0505,2.0507,6.40,0.70
2007.10.26 16:06:41.390,2.0505,2.05075,6.40,17.20
2007.10.26 16:06:41.693,2.0505,2.05075,6.40,13.20
2007.10.26 16:06:41.920,2.0505,2.0507,6.40,0.80
2007.10.26 16:06:42.148,2.0505,2.0507,6.40,0.60
2007.10.26 16:06:42.376,2.0505,2.0507,6.40,0.80
2007.10.26 16:06:42.604,2.0505,2.05075,6.40,17.20
2007.10.26 16:06:42.831,2.0505,2.0507,6.40,0.50
2007.10.26 16:06:43.134,2.0505,2.0507,6.40,0.90
2007.10.26 16:06:43.436,2.0505,2.05075,6.40,17.20
2007.10.26 16:06:43.739,2.0505,2.05075,6.40,17.20
2007.10.26 16:06:44.067,2.0505,2.0507,6.40,0.80
2007.10.26 16:06:44.395,2.0505,2.0508,6.40,11.20
2007.10.26 16:06:44.723,2.05055,2.0508,1.60,0.50
2007.10.26 16:06:45.051,2.05055,2.05085,1.60,21.20
2007.10.26 16:06:45.284,2.05055,2.05085,1.60,18.80
2007.10.26 16:06:45.516,2.05055,2.05085,1.60,18.80
2007.10.26 16:06:45.749,2.05055,2.0508,1.60,0.50
2007.10.26 16:06:45.992,2.05055,2.05085,1.60,14.80
2007.10.26 16:06:46.235,2.05055,2.05085,1.60,14.80
2007.10.26 16:06:46.477,2.05055,2.0508,1.60,0.70
2007.10.26 16:06:46.719,2.05055,2.05085,1.60,14.80
2007.10.26 16:06:46.961,2.05055,2.05085,1.60,14.80
2007.10.26 16:06:47.278,2.05055,2.05085,1.60,14.80
2007.10.26 16:06:47.595,2.05055,2.05085,1.60,14.80
2007.10.26 16:06:47.913,2.05055,2.0508,1.60,0.60
2007.10.26 16:06:48.126,2.05055,2.05085,1.60,14.80
2007.10.26 16:06:48.339,2.05055,2.05085,1.60,14.80
2007.10.26 16:06:48.552,2.05055,2.05085,1.60,14.80
2007.10.26 16:06:48.765,2.05055,2.05085,1.60,14.80
2007.10.26 16:06:48.977,2.05055,2.05085,1.60,14.80
2007.10.26 16:06:49.310,2.05055,2.0508,1.60,0.70
2007.10.26 16:06:49.643,2.05055,2.05085,1.60,17.20
2007.10.26 16:06:50.095,2.05055,2.05085,1.60,17.20
2007.10.26 16:06:50.278,2.05055,2.05085,1.60,17.20
2007.10.26 16:06:50.461,2.05055,2.05085,1.60,17.20
2007.10.26 16:06:50.644,2.05055,2.05085,1.60,17.20
2007.10.26 16:06:50.827,2.0505,2.0508,6.40,10.80
2007.10.26 16:06:51.010,2.0505,2.05075,6.40,0.90
2007.10.26 16:06:51.328,2.0505,2.0507,6.40,0.50
2007.10.26 16:06:51.646,2.0505,2.05075,6.40,4.40
2007.10.26 16:06:51.965,2.0505,2.0507,6.40,0.80
2007.10.26 16:06:52.281,2.0505,2.0507,6.40,0.90
2007.10.26 16:06:52.489,2.0505,2.0507,6.40,0.60
2007.10.26 16:06:52.695,2.0505,2.05075,6.40,4.40
2007.10.26 16:06:52.903,2.0505,2.05075,6.40,4.40
2007.10.26 16:06:53.112,2.0505,2.0507,6.40,0.60
2007.10.26 16:06:53.359,2.0505,2.0507,6.40,0.70
2007.10.26 16:06:53.605,2.0505,2.05075,6.40,12.40
2007.10.26 16:06:53.852,2.0505,2.05075,6.40,12.40
2007.10.26 16:06:54.099,2.0505,2.05075,6.40,12.40
2007.10.26 16:06:54.432,2.0505,2.05075,6.40,12.50
2007.10.26 16:06:54.765,2.0505,2.05075,6.40,12.40
2007.10.26 16:06:55.098,2.0505,2.05075,6.40,12.40
2007.10.26 16:06:55.300,2.0505,2.05075,6.40,8.40
2007.10.26 16:06:55.504,2.0505,2.05075,6.40,4.40
2007.10.26 16:06:55.707,2.0505,2.05075,6.40,4.40
2007.10.26 16:06:55.909,2.0505,2.05075,6.40,4.40
2007.10.26 16:06:56.236,2.0505,2.0507,6.40,0.70
2007.10.26 16:06:56.534,2.0505,2.0507,6.40,0.60
2007.10.26 16:06:56.832,2.0505,2.05075,6.40,8.40
2007.10.26 16:06:57.128,2.0505,2.0507,6.40,0.60
2007.10.26 16:06:57.426,2.0505,2.0507,6.40,0.60
2007.10.26 16:06:57.654,2.0505,2.0507,6.40,0.50
2007.10.26 16:06:57.882,2.0505,2.05075,6.40,16.80
2007.10.26 16:06:58.110,2.0505,2.0507,6.40,0.80
2007.10.26 16:06:58.338,2.0505,2.05075,6.40,20.00
2007.10.26 16:06:58.640,2.0505,2.05075,6.40,20.00
2007.10.26 16:06:58.944,2.0505,2.05075,6.40,20.00
2007.10.26 16:06:59.246,2.0505,2.0507,6.40,0.50
2007.10.26 16:06:59.564,2.0505,2.05075,6.40,22.40
2007.10.26 16:06:59.881,2.0505,2.05075,6.40,22.40
2007.10.26 16:07:00.199,2.0505,2.05075,6.40,22.40
2007.10.26 16:07:00.517,2.0505,2.05075,6.40,15.90
2007.10.26 16:07:00.710,2.0505,2.05075,6.40,15.90
2007.10.26 16:07:00.902,2.0505,2.0507,6.40,0.50
2007.10.26 16:07:01.095,2.0505,2.05075,6.40,15.90
2007.10.26 16:07:01.287,2.0505,2.05075,6.40,15.90
2007.10.26 16:07:01.620,2.0505,2.05075,6.40,15.90
2007.10.26 16:07:01.953,2.0505,2.05075,6.40,15.90
2007.10.26 16:07:02.373,2.0505,2.05075,6.40,15.90
2007.10.26 16:07:02.576,2.0505,2.05075,6.40,15.90
2007.10.26 16:07:02.778,2.0505,2.05075,6.40,15.90
2007.10.26 16:07:02.981,2.0505,2.0507,6.40,0.50
2007.10.26 16:07:03.185,2.0505,2.05075,6.40,15.90
2007.10.26 16:07:03.389,2.0505,2.05075,6.40,15.90
2007.10.26 16:07:03.646,2.0505,2.05075,6.40,15.90
2007.10.26 16:07:03.904,2.0505,2.05075,6.40,15.90
2007.10.26 16:07:04.162,2.0505,2.05075,6.40,15.90
2007.10.26 16:07:04.420,2.0505,2.0507,6.40,0.80
2007.10.26 16:07:04.733,2.0505,2.0507,6.40,0.80
2007.10.26 16:07:05.047,2.0505,2.05075,6.40,15.10
2007.10.26 16:07:05.360,2.0505,2.05075,6.40,12.70
2007.10.26 16:07:05.673,2.0505,2.05075,6.40,12.70
2007.10.26 16:07:05.871,2.0505,2.05075,6.40,12.70
2007.10.26 16:07:06.069,2.0505,2.0507,6.40,0.50
2007.10.26 16:07:06.267,2.0505,2.05075,6.40,12.70
2007.10.26 16:07:06.465,2.0505,2.05075,6.40,18.30
2007.10.26 16:07:06.710,2.0505,2.05075,6.40,18.30
2007.10.26 16:07:06.952,2.0505,2.0507,6.40,0.80
2007.10.26 16:07:07.195,2.0505,2.0507,6.40,0.70
2007.10.26 16:07:07.436,2.0505,2.05075,6.40,18.30
2007.10.26 16:07:07.694,2.0505,2.05075,6.40,18.30
2007.10.26 16:07:07.951,2.0505,2.05075,6.40,18.30
2007.10.26 16:07:08.209,2.0505,2.0507,6.40,0.70
2007.10.26 16:07:08.514,2.0505,2.05075,6.40,18.30
2007.10.26 16:07:08.832,2.0505,2.0507,6.40,0.80
2007.10.26 16:07:09.149,2.0505,2.05075,6.40,18.30
2007.10.26 16:07:09.467,2.0505,2.05075,6.40,18.30
2007.10.26 16:07:09.785,2.0506,2.0507,4.00,0.80
2007.10.26 16:07:09.998,2.0506,2.05075,4.00,6.50
2007.10.26 16:07:10.210,2.0506,2.0507,4.00,0.90
2007.10.26 16:07:10.423,2.0506,2.0507,4.00,0.50
2007.10.26 16:07:10.636,2.0506,2.0507,4.00,2.40
2007.10.26 16:07:10.839,2.0506,2.0507,4.00,2.40
2007.10.26 16:07:11.042,2.0506,2.0507,4.00,2.40
2007.10.26 16:07:11.245,2.0506,2.0507,4.00,2.40
2007.10.26 16:07:11.448,2.0506,2.0507,4.00,2.40
2007.10.26 16:07:11.650,2.0506,2.0507,4.00,2.40
2007.10.26 16:07:11.918,2.0506,2.0507,4.00,2.40
2007.10.26 16:07:12.186,2.0506,2.0507,4.00,2.40
2007.10.26 16:07:12.453,2.0506,2.0507,4.00,2.40
2007.10.26 16:07:12.721,2.0506,2.0507,4.00,2.40
2007.10.26 16:07:12.987,2.0506,2.0507,4.00,2.40
2007.10.26 16:07:13.256,2.0506,2.0507,4.00,2.40
2007.10.26 16:07:13.525,2.0506,2.0507,4.00,2.40
2007.10.26 16:07:13.792,2.0506,2.0507,4.00,2.40
2007.10.26 16:07:14.124,2.0506,2.0507,4.00,2.40
2007.10.26 16:07:14.457,2.0506,2.0507,4.00,2.40
2007.10.26 16:07:14.789,2.0506,2.0507,4.00,2.40
2007.10.26 16:07:14.992,2.0506,2.0507,4.00,2.40
2007.10.26 16:07:15.196,2.0506,2.0507,4.00,2.40
2007.10.26 16:07:15.399,2.0506,2.0507,4.00,2.40
2007.10.26 16:07:15.602,2.0506,2.0507,4.00,2.40
2007.10.26 16:07:15.805,2.0506,2.0507,4.00,2.40
2007.10.26 16:07:16.052,2.0506,2.0507,4.00,2.40
2007.10.26 16:07:16.299,2.0506,2.0507,4.00,2.40
2007.10.26 16:07:16.548,2.0506,2.0507,4.00,2.40
2007.10.26 16:07:16.796,2.0506,2.0507,4.00,2.40
2007.10.26 16:07:17.014,2.0506,2.0507,4.00,2.40
2007.10.26 16:07:17.231,2.0506,2.0507,4.00,2.40
2007.10.26 16:07:17.448,2.0506,2.0507,4.00,2.40
2007.10.26 16:07:17.666,2.0506,2.0507,4.00,2.40
2007.10.26 16:07:17.883,2.0506,2.0507,4.00,2.40
2007.10.26 16:07:18.176,2.0506,2.0507,4.00,2.40
2007.10.26 16:07:18.468,2.0506,2.0507,4.00,2.40
2007.10.26 16:07:18.761,2.0506,2.0507,4.00,2.40
2007.10.26 16:07:19.053,2.0506,2.0507,4.00,2.40
2007.10.26 16:07:19.385,2.0506,2.0507,4.00,2.40
2007.10.26 16:07:19.718,2.0506,2.0507,4.00,2.40
2007.10.26 16:07:20.050,2.0506,2.0507,4.00,2.40
2007.10.26 16:07:20.383,2.0506,2.0507,4.00,2.40
2007.10.26 16:07:20.537,2.0506,2.0507,4.00,2.40
2007.10.26 16:07:20.786,2.0506,2.0507,4.00,2.40
2007.10.26 16:07:20.941,2.0506,2.0507,4.00,2.40
2007.10.26 16:07:21.093,2.0506,2.0507,4.00,2.40
2007.10.26 16:07:21.380,2.0506,2.0507,4.00,2.40
2007.10.26 16:07:21.668,2.0506,2.0507,4.00,2.40
2007.10.26 16:07:21.956,2.0506,2.0507,4.00,2.40
2007.10.26 16:07:22.244,2.0506,2.0507,4.00,2.40
2007.10.26 16:07:22.491,2.0506,2.0507,4.00,2.40
2007.10.26 16:07:22.738,2.0506,2.0507,4.00,2.40
2007.10.26 16:07:22.987,2.0506,2.0507,4.00,2.40
2007.10.26 16:07:23.233,2.0506,2.0507,4.00,2.40
2007.10.26 16:07:23.505,2.0506,2.0507,4.00,2.40
2007.10.26 16:07:23.777,2.0506,2.0507,4.00,2.40
2007.10.26 16:07:24.049,2.0506,2.0507,4.00,2.40
2007.10.26 16:07:24.321,2.0506,2.0507,4.00,2.40
2007.10.26 16:07:24.654,2.0506,2.0507,4.00,2.40
2007.10.26 16:07:24.987,2.0506,2.0507,4.00,2.40
2007.10.26 16:07:25.320,2.0506,2.0507,4.00,2.40
2007.10.26 16:07:25.518,2.0506,2.0507,4.00,2.40
2007.10.26 16:07:25.715,2.0506,2.0507,4.00,2.40
2007.10.26 16:07:25.913,2.0506,2.0507,4.00,2.40
2007.10.26 16:07:26.111,2.0506,2.0507,4.00,2.40
2007.10.26 16:07:26.310,2.0506,2.0507,4.00,2.40
2007.10.26 16:07:26.642,2.0506,2.0507,4.00,2.40
2007.10.26 16:07:26.976,2.0506,2.0507,4.00,2.40
2007.10.26 16:07:27.309,2.0506,2.0507,4.00,2.40
2007.10.26 16:07:27.526,2.0506,2.0507,4.00,2.40
2007.10.26 16:07:27.744,2.0506,2.0507,4.00,2.40
2007.10.26 16:07:27.961,2.0506,2.0507,4.00,2.40
2007.10.26 16:07:28.178,2.0506,2.0507,4.00,2.40
2007.10.26 16:07:28.396,2.0506,2.0507,4.00,2.40
2007.10.26 16:07:28.709,2.0506,2.0507,4.00,2.40
2007.10.26 16:07:29.021,2.0506,2.0507,4.00,2.40
2007.10.26 16:07:29.334,2.0506,2.0507,4.00,2.40
2007.10.26 16:07:29.657,2.0506,2.0507,4.00,2.40
2007.10.26 16:07:29.981,2.0506,2.0507,4.00,2.40
2007.10.26 16:07:30.304,2.0506,2.0507,4.00,2.40
2007.10.26 16:07:30.627,2.0506,2.0507,4.00,2.40
2007.10.26 16:07:30.839,2.0506,2.0507,4.00,2.40
2007.10.26 16:07:31.051,2.0506,2.0507,4.00,2.40
2007.10.26 16:07:31.263,2.0506,2.0507,4.00,2.40
2007.10.26 16:07:31.476,2.0506,2.0507,4.00,2.40
2007.10.26 16:07:31.713,2.0506,2.0507,4.00,2.40
2007.10.26 16:07:31.951,2.0506,2.0507,4.00,2.40
2007.10.26 16:07:32.189,2.0506,2.0507,4.00,2.40
2007.10.26 16:07:32.428,2.0506,2.0507,4.00,2.40
2007.10.26 16:07:32.665,2.0506,2.0507,4.00,2.40
2007.10.26 16:07:33.052,2.0506,2.0507,4.00,2.40
2007.10.26 16:07:33.335,2.0506,2.0507,4.00,2.40
2007.10.26 16:07:33.617,2.0506,2.0507,4.00,2.40
2007.10.26 16:07:33.910,2.0506,2.0507,4.00,2.40
2007.10.26 16:07:34.202,2.0506,2.0507,4.00,2.40
2007.10.26 16:07:34.494,2.0506,2.0507,4.00,2.40
2007.10.26 16:07:34.786,2.0506,2.0508,6.40,4.80
2007.10.26 16:07:34.958,2.0506,2.0508,6.40,4.80
2007.10.26 16:07:35.131,2.0506,2.0508,6.40,4.80
2007.10.26 16:07:35.303,2.0506,2.0508,6.40,4.80
2007.10.26 16:07:35.476,2.0506,2.0508,6.40,4.80
2007.10.26 16:07:35.648,2.0506,2.0508,6.40,4.80
2007.10.26 16:07:35.822,2.0506,2.0508,6.40,4.80
2007.10.26 16:07:35.994,2.0506,2.0508,6.40,4.80
2007.10.26 16:07:36.252,2.0506,2.0508,6.40,4.80
2007.10.26 16:07:36.509,2.0506,2.0508,6.40,4.80
2007.10.26 16:07:36.766,2.0506,2.0508,6.40,4.80
2007.10.26 16:07:37.023,2.0506,2.0508,6.40,4.80
2007.10.26 16:07:37.226,2.0506,2.0508,6.40,4.80
2007.10.26 16:07:37.428,2.0506,2.0508,6.40,4.80
2007.10.26 16:07:37.631,2.0506,2.0508,6.40,4.80
2007.10.26 16:07:37.833,2.0506,2.0508,6.40,4.80
2007.10.26 16:07:38.036,2.0506,2.0508,6.40,4.80
2007.10.26 16:07:38.263,2.0506,2.0508,6.40,4.80
2007.10.26 16:07:38.491,2.0506,2.0508,6.40,4.80
2007.10.26 16:07:38.719,2.0506,2.0508,6.40,4.80
2007.10.26 16:07:38.946,2.0506,2.0508,6.40,4.80
2007.10.26 16:07:39.278,2.0506,2.0508,6.40,4.80
2007.10.26 16:07:39.612,2.0506,2.0508,6.40,4.80
2007.10.26 16:07:39.944,2.0506,2.0508,6.40,2.40
2007.10.26 16:07:40.276,2.0506,2.0508,6.40,2.40
2007.10.26 16:07:40.442,2.0506,2.0508,6.40,2.40
2007.10.26 16:07:40.610,2.0506,2.0508,6.40,2.40
2007.10.26 16:07:40.778,2.0506,2.0508,6.40,2.40
2007.10.26 16:07:40.945,2.0506,2.0508,6.40,2.40
2007.10.26 16:07:41.113,2.0506,2.0508,6.40,2.40
2007.10.26 16:07:41.391,2.0506,2.0508,6.40,2.40
2007.10.26 16:07:41.669,2.0506,2.0508,6.40,2.40
2007.10.26 16:07:41.698,2.0506,2.0508,3.60,2.40
2007.10.26 16:07:41.947,2.05055,2.0508,11.60,2.40
2007.10.26 16:07:42.225,2.05055,2.0508,11.60,2.40
2007.10.26 16:07:42.463,2.05055,2.0508,11.60,2.40
2007.10.26 16:07:42.701,2.0506,2.0508,3.00,2.40
2007.10.26 16:07:42.938,2.0506,2.0508,1.40,2.40
2007.10.26 16:07:43.176,2.0506,2.0508,0.90,2.40
2007.10.26 16:07:43.388,2.05055,2.0508,11.60,2.40
2007.10.26 16:07:43.601,2.0506,2.0508,2.10,2.40
2007.10.26 16:07:43.814,2.05055,2.0508,11.60,2.40
2007.10.26 16:07:44.026,2.0506,2.0508,2.70,2.40
2007.10.26 16:07:44.357,2.0506,2.0508,0.60,2.40
2007.10.26 16:07:44.690,2.05055,2.0508,11.60,2.40
2007.10.26 16:07:45.022,2.05055,2.0508,11.60,2.40
2007.10.26 16:07:45.356,2.05055,2.0508,11.60,2.40
2007.10.26 16:07:45.499,2.05055,2.0508,11.60,2.40
2007.10.26 16:07:45.641,2.05055,2.0508,11.60,2.40
2007.10.26 16:07:45.784,2.05055,2.0508,11.60,2.40
2007.10.26 16:07:45.926,2.05055,2.0508,11.60,2.40
2007.10.26 16:07:46.069,2.0506,2.0508,3.40,2.40
2007.10.26 16:07:46.382,2.05055,2.0508,11.60,2.40
2007.10.26 16:07:46.695,2.05055,2.0508,14.80,4.80
2007.10.26 16:07:47.008,2.05055,2.0508,14.80,4.80
2007.10.26 16:07:47.320,2.05055,2.0508,14.80,4.80
2007.10.26 16:07:47.528,2.0506,2.0508,2.60,4.80
2007.10.26 16:07:47.736,2.05055,2.0508,14.80,4.80
2007.10.26 16:07:47.943,2.0506,2.0508,2.20,4.80
2007.10.26 16:07:48.151,2.0506,2.0508,1.10,4.80
2007.10.26 16:07:48.339,2.0506,2.0508,3.00,4.80
2007.10.26 16:07:48.526,2.05055,2.0508,14.80,4.80
2007.10.26 16:07:48.714,2.0506,2.0508,2.30,4.80
2007.10.26 16:07:48.902,2.05055,2.0508,14.80,4.80
2007.10.26 16:07:49.089,2.05055,2.0508,14.80,4.80
2007.10.26 16:07:49.277,2.0506,2.0508,0.60,4.80
2007.10.26 16:07:49.610,2.05055,2.0508,14.80,4.80
2007.10.26 16:07:49.942,2.0506,2.0508,3.10,4.80
2007.10.26 16:07:50.275,2.05055,2.0508,14.80,4.80
2007.10.26 16:07:50.467,2.05055,2.0508,14.80,4.80
2007.10.26 16:07:50.660,2.05055,2.0508,14.80,4.80
2007.10.26 16:07:50.852,2.05055,2.0508,14.80,4.80
2007.10.26 16:07:51.045,2.05055,2.0508,14.80,4.80
2007.10.26 16:07:51.237,2.05055,2.0508,14.80,4.80
2007.10.26 16:07:51.493,2.0506,2.0508,2.70,4.80
2007.10.26 16:07:51.792,2.0506,2.0508,2.20,4.80
2007.10.26 16:07:52.090,2.05055,2.0508,14.80,4.80
2007.10.26 16:07:52.387,2.05055,2.0508,14.80,4.80
2007.10.26 16:07:52.586,2.05055,2.0508,14.80,4.80
2007.10.26 16:07:52.783,2.05055,2.0508,10.80,4.80
2007.10.26 16:07:52.981,2.05055,2.0508,10.80,4.80
2007.10.26 16:07:53.179,2.05055,2.0508,14.80,4.80
2007.10.26 16:07:53.377,2.0506,2.0508,3.60,4.80
2007.10.26 16:07:53.710,2.0506,2.0508,2.20,4.80
2007.10.26 16:07:54.044,2.0506,2.0508,3.20,4.80
2007.10.26 16:07:54.376,2.05055,2.0508,10.80,4.80
2007.10.26 16:07:54.583,2.0506,2.0508,0.60,4.80
2007.10.26 16:07:54.790,2.0506,2.0508,1.80,4.80
2007.10.26 16:07:54.997,2.05055,2.0508,14.80,4.80
2007.10.26 16:07:55.205,2.05055,2.0508,10.80,4.80
2007.10.26 16:07:55.413,2.05055,2.0508,10.80,4.80
2007.10.26 16:07:55.691,2.05055,2.0508,10.80,4.80
2007.10.26 16:07:55.968,2.0506,2.0508,2.20,4.80
2007.10.26 16:07:56.246,2.05055,2.0508,14.80,4.80
2007.10.26 16:07:56.524,2.05055,2.0508,14.80,4.80
2007.10.26 16:07:56.766,2.05055,2.0508,14.80,4.80
2007.10.26 16:07:57.009,2.05055,2.0508,14.80,4.80
2007.10.26 16:07:57.250,2.0506,2.0508,3.60,4.80
2007.10.26 16:07:57.493,2.0506,2.0508,0.50,4.80
2007.10.26 16:07:57.736,2.05055,2.0508,14.80,4.80
2007.10.26 16:07:57.964,2.0506,2.0508,0.50,4.80
2007.10.26 16:07:58.191,2.05055,2.0508,10.80,4.80
2007.10.26 16:07:58.419,2.05055,2.0508,10.80,4.80
2007.10.26 16:07:58.647,2.05055,2.0508,10.80,4.80
2007.10.26 16:07:58.979,2.0506,2.0508,3.60,4.80
2007.10.26 16:07:59.311,2.0506,2.0508,0.50,4.80
2007.10.26 16:07:59.644,2.05055,2.0508,10.80,4.80
2007.10.26 16:07:59.801,2.05055,2.0508,10.80,4.80
2007.10.26 16:07:59.958,2.05055,2.0508,10.80,4.80
2007.10.26 16:08:00.116,2.05055,2.0508,10.80,4.80
2007.10.26 16:08:00.274,2.05055,2.0508,10.80,4.80
2007.10.26 16:08:00.431,2.05055,2.0508,10.80,4.80
2007.10.26 16:08:00.589,2.05055,2.0508,10.80,4.80
2007.10.26 16:08:00.867,2.05055,2.0508,10.80,4.80
2007.10.26 16:08:01.145,2.05055,2.0508,10.80,4.80
2007.10.26 16:08:01.423,2.0506,2.0508,1.20,4.80
2007.10.26 16:08:01.700,2.05055,2.0508,10.80,4.80
2007.10.26 16:08:01.882,2.05055,2.0508,10.80,4.80
2007.10.26 16:08:02.065,2.05055,2.0508,10.80,4.80
2007.10.26 16:08:02.248,2.0506,2.0508,2.80,4.80
2007.10.26 16:08:02.431,2.0506,2.0508,1.60,4.80
2007.10.26 16:08:02.614,2.0506,2.0508,2.80,4.80
2007.10.26 16:08:02.797,2.0506,2.0508,3.10,4.80
2007.10.26 16:08:03.084,2.05055,2.0508,10.80,4.80
2007.10.26 16:08:03.372,2.0506,2.0508,0.50,4.80
2007.10.26 16:08:03.769,2.05055,2.0508,14.80,4.80
2007.10.26 16:08:04.063,2.0507,2.0508,1.60,4.80
2007.10.26 16:08:04.356,2.0507,2.0508,2.20,2.40
2007.10.26 16:08:04.649,2.05065,2.0508,6.00,2.40
2007.10.26 16:08:04.942,2.0507,2.0509,1.80,7.20
2007.10.26 16:08:05.166,2.05065,2.0509,10.00,4.80
2007.10.26 16:08:05.388,2.05065,2.0509,10.00,4.80
2007.10.26 16:08:05.611,2.05065,2.0509,10.00,4.80
2007.10.26 16:08:05.834,2.05065,2.0509,10.00,4.80
2007.10.26 16:08:06.083,2.05065,2.0509,10.00,4.80
2007.10.26 16:08:06.332,2.05065,2.0509,10.00,4.80
2007.10.26 16:08:06.580,2.05055,2.0508,24.40,2.40
2007.10.26 16:08:06.828,2.0506,2.0508,1.80,2.40
2007.10.26 16:08:07.071,2.0506,2.0508,0.60,2.40
2007.10.26 16:08:07.313,2.05055,2.0508,18.00,2.40
2007.10.26 16:08:07.555,2.05055,2.0508,18.00,2.40
2007.10.26 16:08:07.798,2.05055,2.0508,18.00,2.40
2007.10.26 16:08:08.040,2.0506,2.0508,0.70,2.40
2007.10.26 16:08:08.257,2.05055,2.0508,18.00,2.40
2007.10.26 16:08:08.474,2.05055,2.0508,18.00,2.40
2007.10.26 16:08:08.692,2.05055,2.0508,18.00,2.40
2007.10.26 16:08:08.910,2.0506,2.0508,3.20,2.40
2007.10.26 16:08:09.242,2.05055,2.0508,18.00,2.40
2007.10.26 16:08:09.576,2.0506,2.0508,6.40,2.40
2007.10.26 16:08:09.909,2.0507,2.0508,1.60,2.40
2007.10.26 16:08:10.122,2.0507,2.0508,1.40,2.40
2007.10.26 16:08:10.335,2.0506,2.0508,6.40,2.40
2007.10.26 16:08:10.548,2.0506,2.0508,3.30,2.40
2007.10.26 16:08:10.761,2.05055,2.0508,20.50,2.40
2007.10.26 16:08:10.974,2.0506,2.0508,6.40,2.40
2007.10.26 16:08:11.256,2.0506,2.0508,6.40,2.40
2007.10.26 16:08:11.538,2.0506,2.0508,6.40,2.40
2007.10.26 16:08:11.820,2.0506,2.0508,6.40,2.40
2007.10.26 16:08:12.102,2.0506,2.0508,6.40,2.40
2007.10.26 16:08:12.315,2.0506,2.0508,6.40,2.40
2007.10.26 16:08:12.527,2.0506,2.0508,6.40,2.40
2007.10.26 16:08:12.740,2.0506,2.0508,6.40,2.40
2007.10.26 16:08:12.953,2.0506,2.0508,6.40,2.40
2007.10.26 16:08:13.165,2.0506,2.0508,6.40,2.40
2007.10.26 16:08:13.473,2.0506,2.0508,6.40,2.40
2007.10.26 16:08:13.781,2.0506,2.0508,6.40,2.40
2007.10.26 16:08:14.088,2.0506,2.0508,6.40,2.40
2007.10.26 16:08:14.421,2.0506,2.0508,6.40,2.40
2007.10.26 16:08:14.753,2.0506,2.0508,6.40,2.40
2007.10.26 16:08:15.085,2.0506,2.0508,6.40,2.40
2007.10.26 16:08:15.277,2.0506,2.0508,6.40,2.40
2007.10.26 16:08:15.470,2.0506,2.0508,6.40,2.40
2007.10.26 16:08:15.662,2.0506,2.0508,6.40,2.40
2007.10.26 16:08:15.854,2.0506,2.0508,6.40,2.40
2007.10.26 16:08:16.058,2.0506,2.0508,6.40,2.40
2007.10.26 16:08:16.267,2.0506,2.0508,6.40,2.40
2007.10.26 16:08:16.475,2.0506,2.0508,6.40,2.40
2007.10.26 16:08:16.683,2.0506,2.0508,6.40,2.40
2007.10.26 16:08:16.890,2.0506,2.0508,6.40,2.40
2007.10.26 16:08:17.098,2.0506,2.0508,6.40,2.40
2007.10.26 16:08:17.352,2.0506,2.0508,6.40,2.40
2007.10.26 16:08:17.604,2.0506,2.0508,6.40,2.40
2007.10.26 16:08:17.857,2.0506,2.0508,6.40,2.40
2007.10.26 16:08:18.110,2.0506,2.0508,6.40,2.40
2007.10.26 16:08:18.287,2.0506,2.0508,6.40,2.40
2007.10.26 16:08:18.464,2.0506,2.0508,6.40,2.40
2007.10.26 16:08:18.643,2.0506,2.0508,6.40,2.40
2007.10.26 16:08:18.821,2.0506,2.0508,6.40,2.40
2007.10.26 16:08:18.998,2.0506,2.0508,6.40,2.40
2007.10.26 16:08:19.056,2.0506,2.05085,6.40,4.40
2007.10.26 16:08:19.175,2.0506,2.05085,6.40,4.40
2007.10.26 16:08:19.510,2.0507,2.0508,4.00,0.90
2007.10.26 16:08:19.844,2.0507,2.05085,4.00,4.40
2007.10.26 16:08:20.177,2.0507,2.0508,4.00,0.50
2007.10.26 16:08:20.380,2.0507,2.0508,4.00,0.90
2007.10.26 16:08:20.582,2.0507,2.0508,4.00,0.70
2007.10.26 16:08:20.786,2.0507,2.0508,4.00,0.80
2007.10.26 16:08:20.989,2.0507,2.05085,4.00,4.40
2007.10.26 16:08:21.192,2.0507,2.05085,4.00,4.40
2007.10.26 16:08:21.489,2.0507,2.05085,4.00,4.40
2007.10.26 16:08:21.788,2.0507,2.05085,4.00,4.40
2007.10.26 16:08:22.194,2.0507,2.0508,4.00,0.70
2007.10.26 16:08:22.387,2.0507,2.05085,4.00,4.40
2007.10.26 16:08:22.575,2.0507,2.0508,4.00,0.50
2007.10.26 16:08:22.765,2.0507,2.0508,4.00,0.70
2007.10.26 16:08:22.953,2.0507,2.0508,4.00,0.70
2007.10.26 16:08:23.140,2.0507,2.05085,4.00,4.40
2007.10.26 16:08:23.328,2.0507,2.05085,4.00,4.40
2007.10.26 16:08:23.626,2.0506,2.0508,6.40,0.70
2007.10.26 16:08:23.923,2.0506,2.0508,6.40,0.50
2007.10.26 16:08:24.220,2.0506,2.0508,6.40,0.70
2007.10.26 16:08:24.553,2.0506,2.0508,6.40,0.90
2007.10.26 16:08:24.887,2.0506,2.05085,6.40,10.80
2007.10.26 16:08:25.219,2.0506,2.05085,6.40,10.80
2007.10.26 16:08:25.437,2.0506,2.05085,6.40,10.80
2007.10.26 16:08:25.656,2.0506,2.0508,6.40,0.60
2007.10.26 16:08:25.874,2.0506,2.0508,6.40,0.50
2007.10.26 16:08:26.093,2.0506,2.05085,6.40,10.80
2007.10.26 16:08:26.310,2.0506,2.0508,6.40,0.50
2007.10.26 16:08:26.562,2.0506,2.0508,6.40,0.50
2007.10.26 16:08:26.815,2.0506,2.0508,6.40,0.80
2007.10.26 16:08:27.067,2.0506,2.05085,6.40,14.80
2007.10.26 16:08:27.320,2.0506,2.05085,6.40,14.80
2007.10.26 16:08:27.548,2.0506,2.05085,6.40,14.80
2007.10.26 16:08:27.775,2.0506,2.05085,6.40,14.80
2007.10.26 16:08:28.003,2.0506,2.05085,6.40,14.80
2007.10.26 16:08:28.333,2.0506,2.0508,6.40,0.90
2007.10.26 16:08:28.536,2.0506,2.05085,6.40,14.80
2007.10.26 16:08:28.738,2.0506,2.05085,6.40,14.80
2007.10.26 16:08:28.941,2.0506,2.0508,6.40,0.80
2007.10.26 16:08:29.143,2.0506,2.05085,6.40,14.80
2007.10.26 16:08:29.347,2.0506,2.0508,6.40,0.50
2007.10.26 16:08:29.550,2.0507,2.05085,4.00,8.40
2007.10.26 16:08:29.883,2.0507,2.05085,4.00,6.40
2007.10.26 16:08:30.215,2.0507,2.0509,6.40,11.20
2007.10.26 16:08:30.547,2.0507,2.0509,6.40,11.20
2007.10.26 16:08:30.730,2.0507,2.05085,6.40,0.70
2007.10.26 16:08:30.913,2.0507,2.0509,6.40,11.20
2007.10.26 16:08:31.095,2.0507,2.05085,6.40,0.60
