2011.01.14 02:00:16.907,1.58298,1.58323,1.32,2.48
2011.01.14 02:00:20.144,1.58298,1.58323,1.32,4.73
2011.01.14 02:00:21.714,1.58298,1.58323,1.32,4.73
2011.01.14 02:00:23.232,1.58298,1.58323,1.32,2.40
2011.01.14 02:00:28.794,1.58298,1.58323,1.32,1.65
2011.01.14 02:00:44.753,1.58296,1.58323,3.19,1.84
2011.01.14 02:00:49.070,1.58296,1.5832,1.69,1.58
2011.01.14 02:00:49.406,1.58283,1.58309,2.07,1.69
2011.01.14 02:00:49.518,1.58281,1.58306,1.50,1.32
2011.01.14 02:00:50.178,1.58279,1.58302,1.50,1.50
2011.01.14 02:00:50.745,1.58278,1.58302,1.69,1.50
2011.01.14 02:00:52.245,1.58279,1.58302,1.88,1.50
2011.01.14 02:00:53.064,1.58287,1.58305,1.13,1.50
2011.01.14 02:00:53.184,1.58283,1.58307,1.13,1.50
2011.01.14 02:00:54.103,1.58281,1.58307,2.25,3.00
2011.01.14 02:00:54.215,1.58281,1.58307,2.25,3.38
2011.01.14 02:00:55.028,1.58281,1.58307,2.25,1.88
2011.01.14 02:00:55.152,1.58281,1.58305,1.50,1.13
2011.01.14 02:00:55.265,1.58276,1.58305,3.75,1.13
2011.01.14 02:00:55.724,1.58278,1.58303,1.50,1.88
2011.01.14 02:00:56.514,1.58279,1.58306,2.82,1.88
2011.01.14 02:01:01.621,1.58279,1.58309,2.82,1.88
2011.01.14 02:01:01.734,1.58281,1.58309,2.44,1.88
2011.01.14 02:01:03.388,1.58284,1.58309,1.13,2.47
2011.01.14 02:01:03.509,1.58282,1.58303,1.88,1.39
2011.01.14 02:01:03.629,1.58278,1.58299,1.50,2.52
2011.01.14 02:01:04.394,1.58272,1.58291,1.50,1.50
2011.01.14 02:01:04.944,1.58273,1.58291,1.50,1.50
2011.01.14 02:01:05.725,1.5827,1.58291,1.50,1.50
2011.01.14 02:01:06.277,1.5827,1.58288,1.50,1.50
2011.01.14 02:01:07.005,1.5827,1.58288,1.50,2.33
2011.01.14 02:01:07.124,1.58255,1.58282,2.25,1.20
2011.01.14 02:01:10.342,1.58248,1.58273,1.13,1.88
2011.01.14 02:01:10.676,1.58248,1.58273,1.13,2.25
2011.01.14 02:01:11.213,1.5825,1.58273,1.50,2.25
2011.01.14 02:01:11.332,1.58251,1.58277,2.44,1.13
2011.01.14 02:01:11.667,1.58251,1.58279,8.44,5.44
2011.01.14 02:01:12.263,1.58258,1.58279,1.50,1.50
2011.01.14 02:01:12.381,1.5826,1.58282,2.82,1.50
2011.01.14 02:01:13.766,1.58258,1.58282,2.25,1.50
2011.01.14 02:01:14.207,1.58256,1.5827,1.50,1.13
2011.01.14 02:01:14.443,1.58244,1.58266,1.32,1.32
2011.01.14 02:01:14.955,1.58244,1.58266,1.20,2.82
2011.01.14 02:01:15.076,1.58236,1.58261,2.25,1.32
2011.01.14 02:01:15.527,1.58238,1.58264,1.13,4.32
2011.01.14 02:01:16.303,1.58236,1.58264,4.69,2.44
2011.01.14 02:01:16.748,1.58245,1.58264,1.69,1.50
2011.01.14 02:01:17.084,1.58241,1.58268,2.07,1.69
2011.01.14 02:01:18.008,1.58246,1.5827,4.69,1.50
2011.01.14 02:01:18.132,1.58249,1.58274,1.13,1.50
2011.01.14 02:01:18.466,1.58251,1.58275,2.44,1.50
2011.01.14 02:01:19.277,1.58254,1.58277,1.13,3.00
2011.01.14 02:01:19.408,1.58259,1.58284,1.13,1.50
2011.01.14 02:01:20.026,1.58259,1.58285,1.13,1.50
2011.01.14 02:01:21.678,1.58252,1.58274,1.62,1.50
2011.01.14 02:01:21.797,1.58252,1.58273,1.50,1.50
2011.01.14 02:01:22.782,1.58253,1.58273,1.50,1.50
2011.01.14 02:01:23.624,1.58253,1.5828,1.88,1.88
2011.01.14 02:01:23.846,1.58253,1.58279,1.50,2.82
2011.01.14 02:01:23.966,1.5825,1.58279,2.25,3.00
2011.01.14 02:01:24.525,1.5825,1.58278,2.25,1.88
2011.01.14 02:01:25.261,1.5825,1.58278,1.50,1.88
2011.01.14 02:01:25.381,1.58251,1.58278,1.50,1.88
2011.01.14 02:01:25.503,1.58254,1.58278,1.13,1.50
2011.01.14 02:01:26.127,1.58274,1.58294,1.13,1.88
2011.01.14 02:01:26.355,1.58276,1.58303,2.25,4.13
2011.01.14 02:01:27.475,1.58276,1.58301,1.50,1.32
2011.01.14 02:01:27.586,1.58271,1.58295,1.13,1.32
2011.01.14 02:01:27.710,1.58268,1.58295,1.13,1.88
2011.01.14 02:01:28.266,1.58265,1.58292,2.25,1.88
2011.01.14 02:01:30.161,1.58265,1.58292,2.25,1.88
2011.01.14 02:01:35.074,1.58265,1.58292,2.25,1.88
2011.01.14 02:01:38.550,1.58259,1.58284,1.50,1.50
2011.01.14 02:01:40.102,1.58255,1.58284,1.50,1.50
2011.01.14 02:01:48.015,1.58255,1.58276,1.50,2.25
2011.01.14 02:01:48.347,1.58247,1.5827,1.13,1.13
2011.01.14 02:01:49.196,1.58261,1.58282,1.88,2.63
2011.01.14 02:01:49.547,1.58236,1.5826,1.32,3.38
2011.01.14 02:01:49.665,1.58236,1.5826,1.32,3.00
2011.01.14 02:01:50.297,1.58237,1.5826,1.50,3.00
2011.01.14 02:01:50.427,1.58242,1.58252,1.13,1.88
2011.01.14 02:01:51.241,1.5824,1.58255,1.50,1.50
2011.01.14 02:01:51.587,1.58252,1.58256,1.13,1.50
2011.01.14 02:01:51.709,1.58249,1.58256,1.13,1.50
2011.01.14 02:01:52.288,1.58248,1.58258,1.13,1.50
2011.01.14 02:01:52.409,1.58247,1.58258,1.13,1.50
2011.01.14 02:01:54.115,1.58244,1.58258,1.13,1.50
2011.01.14 02:01:54.446,1.58234,1.58258,1.28,1.50
2011.01.14 02:01:55.076,1.58234,1.58258,1.17,1.50
2011.01.14 02:02:00.444,1.58234,1.58261,1.17,1.88
2011.01.14 02:02:02.123,1.58235,1.58261,1.50,1.88
2011.01.14 02:02:02.905,1.58235,1.58261,2.25,1.88
2011.01.14 02:02:03.652,1.58239,1.58261,1.20,1.88
2011.01.14 02:02:09.844,1.58237,1.58261,1.88,1.88
2011.01.14 02:02:09.955,1.58237,1.58261,1.95,1.88
2011.01.14 02:02:10.063,1.58237,1.58261,1.88,1.88
2011.01.14 02:02:11.154,1.58237,1.58261,1.95,1.88
2011.01.14 02:02:11.643,1.58237,1.58261,1.88,1.88
2011.01.14 02:02:12.013,1.58237,1.58261,1.95,1.88
2011.01.14 02:02:12.493,1.58237,1.58261,1.88,1.88
2011.01.14 02:02:13.031,1.58237,1.58261,1.95,1.88
2011.01.14 02:02:35.085,1.58238,1.58261,1.13,1.50
2011.01.14 02:02:35.305,1.58239,1.58261,1.20,1.50
2011.01.14 02:02:36.112,1.58244,1.58261,1.13,1.50
2011.01.14 02:02:36.234,1.58238,1.58261,1.13,1.50
2011.01.14 02:02:46.959,1.58238,1.58261,1.13,1.50
2011.01.14 02:02:47.846,1.58239,1.58261,1.13,1.50
2011.01.14 02:02:48.416,1.58239,1.58263,1.13,1.50
2011.01.14 02:02:50.369,1.58239,1.58265,1.88,1.50
2011.01.14 02:02:53.177,1.5824,1.58266,1.50,1.50
2011.01.14 02:03:01.795,1.58243,1.58266,1.69,1.50
2011.01.14 02:03:02.641,1.58242,1.58266,1.20,1.50
2011.01.14 02:03:02.977,1.5824,1.58266,1.50,1.50
2011.01.14 02:03:07.329,1.58237,1.58265,1.88,1.50
2011.01.14 02:03:07.664,1.58237,1.58263,1.88,1.50
2011.01.14 02:03:20.253,1.58239,1.58263,1.13,1.50
2011.01.14 02:03:20.805,1.58243,1.58263,1.20,1.50
2011.01.14 02:03:21.744,1.58238,1.58263,1.50,1.50
2011.01.14 02:03:22.305,1.58237,1.58263,1.88,1.50
2011.01.14 02:03:28.520,1.58239,1.58263,1.13,1.50
2011.01.14 02:03:28.634,1.58239,1.58266,1.13,1.50
2011.01.14 02:03:34.919,1.5824,1.58266,2.25,2.25
2011.01.14 02:03:35.035,1.5824,1.5826,1.50,1.50
2011.01.14 02:03:35.804,1.5824,1.58258,1.50,1.50
2011.01.14 02:03:46.888,1.5824,1.58258,1.50,1.50
2011.01.14 02:03:49.138,1.58225,1.58251,2.07,1.32
2011.01.14 02:03:49.257,1.58225,1.58251,1.88,1.13
2011.01.14 02:03:49.487,1.58226,1.58252,1.50,1.88
2011.01.14 02:03:49.827,1.58231,1.58252,2.25,1.50
2011.01.14 02:03:50.419,1.58231,1.58255,2.25,3.00
2011.01.14 02:03:51.426,1.58231,1.58253,2.25,1.50
2011.01.14 02:03:52.009,1.58228,1.58251,1.32,2.63
2011.01.14 02:03:52.133,1.58228,1.58252,1.32,2.25
2011.01.14 02:03:52.468,1.58231,1.58245,1.88,1.50
2011.01.14 02:03:53.024,1.58228,1.58254,2.07,1.50
2011.01.14 02:03:53.707,1.58228,1.5825,1.13,1.50
2011.01.14 02:03:55.568,1.58226,1.5825,1.88,1.50
2011.01.14 02:03:55.906,1.58229,1.5825,1.13,1.50
2011.01.14 02:03:56.246,1.58229,1.58256,1.32,2.25
2011.01.14 02:03:56.365,1.58226,1.58256,2.25,2.63
2011.01.14 02:03:57.048,1.58231,1.58256,1.50,1.13
2011.01.14 02:03:59.654,1.58231,1.58256,2.63,1.13
2011.01.14 02:03:59.987,1.58231,1.58257,2.63,1.50
2011.01.14 02:04:00.617,1.58234,1.58259,1.50,1.50
2011.01.14 02:04:01.177,1.58234,1.58257,1.50,1.13
2011.01.14 02:04:01.964,1.58234,1.58259,1.50,2.25
2011.01.14 02:04:02.636,1.58234,1.58257,1.50,1.13
2011.01.14 02:04:03.545,1.58234,1.58258,1.50,1.50
2011.01.14 02:04:03.885,1.58234,1.58257,2.25,1.50
2011.01.14 02:04:03.998,1.58234,1.58257,1.88,1.50
2011.01.14 02:04:04.712,1.58234,1.58259,2.33,1.50
2011.01.14 02:04:04.934,1.58234,1.58259,1.50,1.50
2011.01.14 02:04:05.265,1.58234,1.58259,2.63,1.50
2011.01.14 02:04:05.485,1.58234,1.58259,1.88,1.50
2011.01.14 02:04:05.705,1.58234,1.58259,2.25,1.50
2011.01.14 02:04:05.926,1.58234,1.58259,1.88,1.50
2011.01.14 02:04:06.816,1.58234,1.58259,2.25,1.50
2011.01.14 02:04:07.048,1.58234,1.58257,1.50,2.25
2011.01.14 02:04:07.276,1.58234,1.58257,2.25,1.50
2011.01.14 02:04:07.496,1.58234,1.58257,1.88,1.50
2011.01.14 02:04:08.507,1.58234,1.58257,2.25,1.50
2011.01.14 02:04:08.738,1.58234,1.58257,1.88,1.50
2011.01.14 02:04:09.297,1.58234,1.58254,1.50,2.25
2011.01.14 02:04:09.416,1.58224,1.58254,1.50,2.25
2011.01.14 02:04:20.393,1.58221,1.5825,4.88,1.50
2011.01.14 02:04:20.722,1.58221,1.58248,4.88,1.50
2011.01.14 02:04:22.052,1.58221,1.58248,4.88,1.50
2011.01.14 02:04:27.147,1.58221,1.58248,1.88,1.50
2011.01.14 02:04:27.505,1.58221,1.58248,1.88,1.88
2011.01.14 02:04:28.086,1.58221,1.58246,1.50,2.25
2011.01.14 02:04:28.754,1.58221,1.58248,1.50,3.00
2011.01.14 02:04:29.379,1.58221,1.58248,1.50,3.00
2011.01.14 02:04:32.467,1.58221,1.58247,3.57,2.25
2011.01.14 02:04:33.005,1.58221,1.58247,2.63,2.25
2011.01.14 02:04:33.584,1.58221,1.58246,1.50,1.50
2011.01.14 02:04:40.604,1.58221,1.58246,1.50,1.88
2011.01.14 02:04:43.125,1.58221,1.58242,1.50,1.50
2011.01.14 02:04:43.456,1.58221,1.5824,1.50,1.50
2011.01.14 02:04:44.046,1.58221,1.5824,1.50,1.50
2011.01.14 02:04:45.069,1.58221,1.58241,1.50,1.50
2011.01.14 02:04:45.296,1.58221,1.58243,1.50,1.13
2011.01.14 02:04:47.674,1.58221,1.58246,1.50,1.13
2011.01.14 02:04:52.062,1.58221,1.58246,2.25,1.13
2011.01.14 02:04:57.802,1.58221,1.58249,3.00,3.00
2011.01.14 02:05:04.036,1.58223,1.58249,1.13,3.00
2011.01.14 02:05:04.267,1.58224,1.58249,2.44,3.00
2011.01.14 02:05:04.715,1.58226,1.58253,2.25,2.25
2011.01.14 02:05:05.337,1.58226,1.58253,16.88,1.50
2011.01.14 02:05:06.074,1.58228,1.58253,2.44,1.50
2011.01.14 02:05:18.643,1.58228,1.58253,2.82,1.50
2011.01.14 02:05:20.934,1.58231,1.58255,1.50,1.50
2011.01.14 02:05:29.227,1.58231,1.58255,1.58,1.50
2011.01.14 02:05:33.384,1.58231,1.58258,2.33,1.13
2011.01.14 02:05:36.175,1.58231,1.58258,2.25,1.13
2011.01.14 02:05:38.306,1.58231,1.58259,2.25,2.25
2011.01.14 02:05:40.170,1.58231,1.58259,2.33,2.25
2011.01.14 02:05:40.507,1.58228,1.58254,1.13,1.69
2011.01.14 02:05:40.738,1.58226,1.58251,2.25,1.32
2011.01.14 02:05:41.320,1.58224,1.58251,1.58,1.32
2011.01.14 02:05:41.442,1.58224,1.58252,1.58,2.82
2011.01.14 02:05:42.215,1.58224,1.58251,1.58,1.32
2011.01.14 02:06:00.804,1.58223,1.58249,1.20,1.50
2011.01.14 02:06:02.141,1.58223,1.58249,1.73,1.50
2011.01.14 02:06:02.586,1.58223,1.58249,1.20,1.50
2011.01.14 02:06:03.892,1.58218,1.58246,1.20,1.32
2011.01.14 02:06:04.010,1.58221,1.58249,1.58,2.82
2011.01.14 02:06:04.127,1.58223,1.58249,1.20,1.69
2011.01.14 02:06:09.794,1.58223,1.58247,1.20,1.50
2011.01.14 02:06:10.490,1.58224,1.58247,1.33,1.50
2011.01.14 02:06:11.506,1.58226,1.58247,1.50,1.50
2011.01.14 02:06:12.197,1.58229,1.58254,1.32,2.25
2011.01.14 02:06:16.424,1.58228,1.58254,2.07,1.50
2011.01.14 02:06:16.535,1.58228,1.58254,1.88,3.19
2011.01.14 02:06:17.213,1.58229,1.58251,1.32,2.25
2011.01.14 02:06:17.330,1.58226,1.58255,2.25,1.50
2011.01.14 02:06:17.554,1.58226,1.58252,2.44,1.50
2011.01.14 02:06:17.884,1.58226,1.58252,5.33,1.50
2011.01.14 02:06:21.200,1.58226,1.58252,2.44,1.69
2011.01.14 02:06:25.877,1.58226,1.58252,5.33,1.69
2011.01.14 02:06:28.132,1.58231,1.58257,2.52,3.00
2011.01.14 02:06:44.924,1.58231,1.58256,1.69,1.35
2011.01.14 02:06:50.554,1.58231,1.58256,2.52,1.13
2011.01.14 02:06:50.664,1.58234,1.58258,1.02,2.25
2011.01.14 02:06:50.775,1.58236,1.58258,1.69,2.25
2011.01.14 02:06:51.105,1.58236,1.58263,1.69,2.44
2011.01.14 02:06:52.874,1.58236,1.58263,3.19,1.69
2011.01.14 02:06:55.705,1.58236,1.58263,1.69,2.44
2011.01.14 02:06:55.815,1.58233,1.58261,1.20,3.19
2011.01.14 02:06:56.779,1.58251,1.58258,1.50,1.69
2011.01.14 02:06:56.901,1.58254,1.58271,1.13,1.88
2011.01.14 02:06:57.128,1.58262,1.58275,1.13,1.88
2011.01.14 02:06:57.357,1.58262,1.58277,1.13,1.50
2011.01.14 02:06:57.588,1.58262,1.58275,1.13,1.50
2011.01.14 02:06:58.615,1.58249,1.58275,2.63,1.50
2011.01.14 02:07:00.184,1.58249,1.58277,2.63,1.50
2011.01.14 02:07:10.663,1.5825,1.58277,4.58,1.50
2011.01.14 02:07:12.896,1.5825,1.58277,2.33,1.88
2011.01.14 02:07:13.479,1.58252,1.58277,1.20,1.50
2011.01.14 02:07:24.723,1.5825,1.58277,2.25,1.50
2011.01.14 02:07:24.842,1.5825,1.58277,2.25,2.25
2011.01.14 02:07:28.154,1.5825,1.58277,2.25,1.88
2011.01.14 02:07:28.705,1.5825,1.58277,2.25,1.50
2011.01.14 02:07:58.666,1.5825,1.58277,2.25,1.88
2011.01.14 02:07:58.887,1.58246,1.58271,1.13,2.07
2011.01.14 02:07:59.008,1.58246,1.58271,1.13,3.94
2011.01.14 02:07:59.618,1.58239,1.58266,3.75,5.25
2011.01.14 02:07:59.943,1.58239,1.58266,3.75,5.25
2011.01.14 02:08:01.646,1.58239,1.58265,3.75,2.25
2011.01.14 02:08:03.914,1.58241,1.58261,1.50,1.88
2011.01.14 02:08:04.032,1.58236,1.58261,2.25,2.25
2011.01.14 02:08:04.365,1.58236,1.58261,1.50,2.25
2011.01.14 02:08:04.916,1.58236,1.58261,3.38,2.25
2011.01.14 02:08:05.027,1.58241,1.58261,1.50,1.88
2011.01.14 02:08:05.146,1.58241,1.58261,2.33,1.88
2011.01.14 02:08:05.677,1.58241,1.58261,1.58,1.88
2011.01.14 02:08:05.805,1.5824,1.58264,2.25,1.50
2011.01.14 02:08:15.100,1.5824,1.58263,2.25,1.50
2011.01.14 02:08:17.527,1.5824,1.58263,3.00,1.50
2011.01.14 02:08:18.316,1.58241,1.58266,1.50,1.50
2011.01.14 02:08:21.062,1.58244,1.58266,1.50,1.50
2011.01.14 02:08:21.618,1.58243,1.58266,1.50,1.88
2011.01.14 02:08:22.159,1.58239,1.58266,2.25,1.88
2011.01.14 02:08:22.279,1.58239,1.58264,1.50,1.50
2011.01.14 02:08:23.134,1.58243,1.58264,1.50,1.50
2011.01.14 02:08:23.466,1.58245,1.58264,1.50,1.50
2011.01.14 02:08:23.999,1.58245,1.58272,1.50,1.50
2011.01.14 02:08:39.713,1.58241,1.5827,3.94,1.69
2011.01.14 02:08:44.036,1.58241,1.58269,4.02,2.44
2011.01.14 02:08:47.164,1.58241,1.58269,3.94,2.44
2011.01.14 02:08:54.016,1.58241,1.58269,4.02,2.44
2011.01.14 02:08:54.236,1.58246,1.58269,1.69,1.50
2011.01.14 02:08:54.998,1.58251,1.58274,1.69,1.50
2011.01.14 02:09:00.810,1.5825,1.58278,2.44,2.25
2011.01.14 02:09:44.215,1.58255,1.58278,1.50,1.50
2011.01.14 02:09:44.436,1.58255,1.58284,2.82,3.94
2011.01.14 02:09:44.544,1.58255,1.58284,2.82,3.94
2011.01.14 02:09:53.380,1.58256,1.58284,2.44,3.19
2011.01.14 02:09:58.515,1.58256,1.58282,1.50,1.69
2011.01.14 02:09:58.626,1.58252,1.58282,2.25,1.69
2011.01.14 02:09:59.254,1.58252,1.5828,1.88,1.69
2011.01.14 02:10:14.165,1.58256,1.5828,2.25,1.50
2011.01.14 02:10:14.505,1.58258,1.5828,1.13,1.50
2011.01.14 02:10:17.303,1.58261,1.5828,1.50,1.50
2011.01.14 02:10:17.421,1.58261,1.58287,1.50,1.50
2011.01.14 02:10:18.454,1.58266,1.58287,2.63,1.50
2011.01.14 02:10:18.575,1.58268,1.5829,1.13,1.50
2011.01.14 02:10:19.511,1.58267,1.5829,2.63,1.50
2011.01.14 02:10:20.377,1.58267,1.58293,2.63,1.50
2011.01.14 02:10:52.907,1.58265,1.58293,3.00,1.50
2011.01.14 02:10:53.138,1.58265,1.58293,1.50,2.63
2011.01.14 02:10:53.809,1.58265,1.58292,1.50,1.32
2011.01.14 02:10:54.355,1.58262,1.58292,1.50,1.32
2011.01.14 02:10:54.586,1.5826,1.5829,1.50,1.69
2011.01.14 02:10:54.807,1.5826,1.5829,1.50,1.88
2011.01.14 02:11:00.472,1.5826,1.58285,1.50,1.50
2011.01.14 02:11:01.765,1.5826,1.58285,1.88,1.50
2011.01.14 02:11:05.732,1.58264,1.58285,1.62,1.50
2011.01.14 02:11:06.865,1.58264,1.58285,1.62,1.50
2011.01.14 02:11:09.735,1.58264,1.58285,1.24,1.50
2011.01.14 02:11:09.956,1.58262,1.58285,1.50,1.50
2011.01.14 02:11:12.328,1.58262,1.58285,2.44,1.50
2011.01.14 02:11:12.938,1.58261,1.58285,2.25,1.50
2011.01.14 02:11:13.496,1.58262,1.58285,1.50,1.50
2011.01.14 02:11:16.067,1.58262,1.58285,1.88,1.50
2011.01.14 02:11:16.286,1.58263,1.58287,1.20,1.50
2011.01.14 02:11:25.699,1.58263,1.58287,1.35,1.50
2011.01.14 02:11:26.295,1.5826,1.58287,4.73,1.50
2011.01.14 02:11:27.785,1.58263,1.58287,4.73,1.50
2011.01.14 02:11:28.006,1.58264,1.58292,1.20,1.50
2011.01.14 02:11:34.871,1.58266,1.58292,2.33,1.50
2011.01.14 02:11:48.282,1.58273,1.58298,1.20,1.50
2011.01.14 02:11:56.228,1.58274,1.58301,2.29,1.50
2011.01.14 02:11:56.785,1.58277,1.58302,1.13,1.50
2011.01.14 02:11:57.336,1.58274,1.58302,2.85,1.50
2011.01.14 02:11:57.666,1.58274,1.58302,1.58,1.88
2011.01.14 02:12:10.735,1.58271,1.58299,2.33,1.50
2011.01.14 02:12:11.696,1.58271,1.58299,2.25,1.50
2011.01.14 02:12:33.263,1.58271,1.58302,4.13,1.88
2011.01.14 02:12:33.379,1.58274,1.58302,1.13,1.50
2011.01.14 02:13:04.705,1.58274,1.58302,2.63,3.75
2011.01.14 02:13:05.038,1.58276,1.58297,3.38,2.48
2011.01.14 02:13:05.158,1.5828,1.58302,2.70,1.88
2011.01.14 02:13:05.277,1.58284,1.58306,2.52,3.38
2011.01.14 02:13:05.934,1.58292,1.58306,1.88,1.50
2011.01.14 02:13:09.340,1.58292,1.58309,1.88,1.50
2011.01.14 02:13:10.155,1.58293,1.58317,1.13,1.58
2011.01.14 02:13:12.052,1.58297,1.58321,3.00,1.50
2011.01.14 02:13:13.126,1.58297,1.58321,3.00,2.25
2011.01.14 02:13:13.346,1.58297,1.58321,2.25,1.50
2011.01.14 02:13:13.676,1.58297,1.58323,2.25,1.50
2011.01.14 02:13:13.787,1.58299,1.58323,1.13,1.50
2011.01.14 02:13:13.896,1.58299,1.58327,1.13,1.92
2011.01.14 02:13:15.225,1.58299,1.58327,2.82,3.79
2011.01.14 02:13:17.135,1.58299,1.58327,2.82,1.92
2011.01.14 02:13:18.460,1.58301,1.58326,1.50,1.54
2011.01.14 02:13:19.065,1.58297,1.58326,2.82,1.17
2011.01.14 02:13:19.180,1.58299,1.58326,1.32,1.17
2011.01.14 02:13:23.936,1.58299,1.58327,3.57,1.50
2011.01.14 02:13:26.686,1.58299,1.58327,3.57,4.58
2011.01.14 02:13:27.235,1.58299,1.58329,5.99,2.25
2011.01.14 02:13:28.634,1.58301,1.58329,2.48,2.25
2011.01.14 02:13:29.296,1.58301,1.58329,2.25,4.58
2011.01.14 02:13:29.625,1.58302,1.58329,1.13,1.50
2011.01.14 02:13:32.785,1.58303,1.58329,1.32,1.50
2011.01.14 02:13:35.084,1.58304,1.58329,1.39,1.50
2011.01.14 02:13:48.296,1.58304,1.58329,1.17,2.44
2011.01.14 02:14:03.668,1.58304,1.58326,1.17,1.88
2011.01.14 02:14:04.005,1.58304,1.58326,1.17,4.50
2011.01.14 02:14:05.345,1.58298,1.58326,3.42,4.50
2011.01.14 02:14:07.184,1.58298,1.58326,3.08,1.88
2011.01.14 02:14:07.764,1.58299,1.58326,1.20,1.88
2011.01.14 02:14:10.267,1.58298,1.58326,2.70,1.88
2011.01.14 02:14:13.276,1.58303,1.58326,2.70,1.88
2011.01.14 02:14:13.497,1.58304,1.58334,2.07,4.02
2011.01.14 02:14:14.859,1.58306,1.58334,1.50,4.02
2011.01.14 02:14:14.975,1.58306,1.58332,1.50,1.02
2011.01.14 02:14:15.536,1.58303,1.58331,2.70,1.32
2011.01.14 02:14:16.097,1.58304,1.58331,1.02,2.82
2011.01.14 02:14:16.208,1.58304,1.58331,1.54,2.07
2011.01.14 02:14:17.272,1.58304,1.58331,1.54,2.07
2011.01.14 02:14:17.498,1.58306,1.58331,11.25,1.88
2011.01.14 02:14:17.838,1.58306,1.58328,2.25,1.32
2011.01.14 02:14:17.959,1.58306,1.5833,6.57,1.50
2011.01.14 02:14:18.188,1.58308,1.58333,1.32,1.50
2011.01.14 02:14:18.738,1.58309,1.58333,1.13,1.50
2011.01.14 02:14:20.496,1.58308,1.58333,1.13,1.50
2011.01.14 02:14:24.207,1.58305,1.58326,1.50,1.50
2011.01.14 02:14:25.807,1.58305,1.58333,1.50,2.63
2011.01.14 02:14:29.152,1.58302,1.5833,3.00,1.50
2011.01.14 02:15:23.727,1.58302,1.5833,2.25,1.50
2011.01.14 02:15:25.465,1.58306,1.58335,2.25,1.50
2011.01.14 02:15:26.006,1.58306,1.58335,3.00,1.50
2011.01.14 02:15:30.474,1.58311,1.58335,4.69,1.50
2011.01.14 02:15:31.025,1.58316,1.58342,2.44,1.80
2011.01.14 02:15:39.748,1.58316,1.58336,1.50,1.24
2011.01.14 02:15:40.690,1.58309,1.58336,1.50,1.84
2011.01.14 02:15:40.915,1.58307,1.58335,1.50,2.07
2011.01.14 02:15:49.128,1.58307,1.58326,1.50,2.25
2011.01.14 02:15:49.477,1.583,1.58312,2.25,1.50
2011.01.14 02:15:49.697,1.58293,1.58312,2.63,1.50
2011.01.14 02:15:52.685,1.58293,1.58321,2.63,2.07
2011.01.14 02:15:59.116,1.58297,1.58321,1.50,2.07
2011.01.14 02:15:59.665,1.58296,1.58321,1.50,2.07
2011.01.14 02:16:01.149,1.58295,1.58321,2.25,2.07
2011.01.14 02:16:05.681,1.58293,1.5832,2.63,1.13
2011.01.14 02:16:06.038,1.58293,1.58321,2.63,2.07
2011.01.14 02:16:07.439,1.58293,1.58321,2.63,2.14
2011.01.14 02:16:07.776,1.58293,1.58321,2.63,2.44
2011.01.14 02:16:12.156,1.58293,1.58321,2.63,8.80
2011.01.14 02:16:12.762,1.58293,1.58321,2.63,12.55
2011.01.14 02:16:13.327,1.58293,1.58321,2.63,5.05
2011.01.14 02:16:14.295,1.58293,1.5832,2.63,6.45
2011.01.14 02:16:18.796,1.58293,1.58316,2.63,3.38
2011.01.14 02:16:19.647,1.58293,1.58321,2.63,2.52
2011.01.14 02:16:20.445,1.58293,1.58321,2.63,5.05
2011.01.14 02:16:22.007,1.58293,1.58316,1.50,1.62
2011.01.14 02:16:22.119,1.58289,1.58313,1.88,1.20
2011.01.14 02:16:22.998,1.58273,1.58301,1.88,1.62
2011.01.14 02:16:23.445,1.58273,1.58301,1.88,3.75
2011.01.14 02:16:24.116,1.58273,1.58301,1.88,3.83
2011.01.14 02:16:24.725,1.58273,1.58301,1.88,3.38
2011.01.14 02:16:26.679,1.58273,1.58301,1.88,3.38
2011.01.14 02:16:29.287,1.5827,1.58301,1.50,3.57
2011.01.14 02:16:29.510,1.58268,1.58295,2.25,1.32
2011.01.14 02:16:29.626,1.58268,1.58294,1.50,1.69
2011.01.14 02:16:31.666,1.58268,1.5829,1.50,1.50
2011.01.14 02:16:33.918,1.58265,1.5829,1.50,1.50
2011.01.14 02:16:34.365,1.58265,1.5829,2.25,1.88
2011.01.14 02:16:35.093,1.58264,1.5829,1.80,1.88
2011.01.14 02:16:35.436,1.58263,1.5829,1.88,2.10
2011.01.14 02:16:36.243,1.58261,1.58287,2.25,1.50
2011.01.14 02:16:38.160,1.58261,1.58287,2.25,1.58
2011.01.14 02:16:42.431,1.58257,1.58287,2.25,2.14
2011.01.14 02:16:42.557,1.58255,1.58279,1.50,1.58
2011.01.14 02:16:43.138,1.58251,1.58279,2.25,1.58
2011.01.14 02:16:45.425,1.58251,1.58277,2.25,1.80
2011.01.14 02:16:47.144,1.58253,1.58274,1.13,1.50
2011.01.14 02:16:47.488,1.58257,1.58276,1.88,1.50
2011.01.14 02:16:50.018,1.58257,1.58276,1.50,1.50
2011.01.14 02:16:50.136,1.58253,1.58276,1.50,1.88
2011.01.14 02:16:50.686,1.58249,1.58276,1.13,1.88
2011.01.14 02:16:51.349,1.58249,1.58273,1.13,1.50
2011.01.14 02:16:53.877,1.58254,1.58273,1.13,1.50
2011.01.14 02:16:54.210,1.58254,1.58276,1.13,1.50
2011.01.14 02:16:54.329,1.58255,1.58279,2.25,1.50
2011.01.14 02:16:55.766,1.58256,1.58279,1.50,1.50
2011.01.14 02:16:55.987,1.58259,1.58282,1.13,1.50
2011.01.14 02:16:57.638,1.58259,1.58285,1.13,1.50
2011.01.14 02:17:01.095,1.58259,1.58286,3.38,1.50
2011.01.14 02:17:11.732,1.58259,1.58286,1.88,1.50
2011.01.14 02:17:11.850,1.58258,1.58284,2.25,1.50
2011.01.14 02:17:12.515,1.58253,1.58285,1.88,3.00
2011.01.14 02:17:12.628,1.58253,1.58279,1.13,1.50
2011.01.14 02:17:13.295,1.58253,1.5828,1.13,1.50
2011.01.14 02:17:14.007,1.58262,1.5828,1.13,1.50
2011.01.14 02:17:14.118,1.58262,1.58284,1.13,1.50
2011.01.14 02:17:14.649,1.58259,1.58284,1.13,1.50
2011.01.14 02:17:15.156,1.58259,1.58285,1.13,1.50
2011.01.14 02:17:18.478,1.58259,1.58287,2.63,1.58
2011.01.14 02:17:20.125,1.58259,1.58286,2.63,3.57
2011.01.14 02:17:20.246,1.58257,1.58285,1.50,2.25
2011.01.14 02:17:20.360,1.58257,1.58281,1.50,1.88
2011.01.14 02:17:20.479,1.58252,1.58283,1.88,1.88
2011.01.14 02:17:21.076,1.58252,1.5828,1.88,1.50
2011.01.14 02:17:24.106,1.58252,1.5828,1.88,1.88
2011.01.14 02:17:24.775,1.58252,1.5828,1.88,3.38
2011.01.14 02:17:25.117,1.58252,1.58278,1.88,2.25
2011.01.14 02:17:25.953,1.58252,1.58277,1.88,2.25
2011.01.14 02:17:29.555,1.58252,1.58277,1.88,2.03
2011.01.14 02:17:29.996,1.58252,1.58279,1.88,1.88
2011.01.14 02:17:43.737,1.58252,1.58279,1.88,1.50
2011.01.14 02:17:51.705,1.58252,1.58279,4.69,1.50
2011.01.14 02:17:51.816,1.58254,1.58283,1.69,3.38
2011.01.14 02:17:52.477,1.58264,1.58287,1.32,1.50
2011.01.14 02:17:54.242,1.58267,1.58287,2.82,1.50
2011.01.14 02:17:54.357,1.58267,1.58297,2.82,1.95
2011.01.14 02:17:59.526,1.5827,1.58296,2.25,1.22
2011.01.14 02:18:00.385,1.5827,1.58298,2.25,3.08
2011.01.14 02:18:00.825,1.5827,1.58298,2.25,1.50
2011.01.14 02:18:05.896,1.5827,1.58295,2.25,1.50
2011.01.14 02:18:06.225,1.5827,1.58292,2.25,1.58
2011.01.14 02:18:07.494,1.5827,1.58292,2.25,1.88
2011.01.14 02:18:07.616,1.5827,1.58292,2.25,1.58
2011.01.14 02:18:08.300,1.5827,1.58292,2.25,1.50
2011.01.14 02:18:08.420,1.5827,1.58295,2.25,1.50
2011.01.14 02:18:09.064,1.5827,1.58292,2.25,1.50
2011.01.14 02:18:10.555,1.5827,1.5829,2.25,1.50
2011.01.14 02:18:11.105,1.5827,1.58291,2.25,1.50
2011.01.14 02:18:12.237,1.5827,1.58291,1.50,1.50
2011.01.14 02:18:12.930,1.5827,1.58292,1.50,1.50
2011.01.14 02:18:13.057,1.58264,1.58282,1.50,1.13
2011.01.14 02:18:13.168,1.58261,1.58282,1.50,1.13
2011.01.14 02:18:13.727,1.58262,1.5828,1.50,1.88
2011.01.14 02:18:18.870,1.58258,1.5828,1.88,1.88
2011.01.14 02:18:19.427,1.58258,1.5828,1.88,1.88
2011.01.14 02:18:24.192,1.58258,1.5828,1.88,1.88
2011.01.14 02:18:40.475,1.58248,1.58277,1.13,2.07
2011.01.14 02:18:41.686,1.58248,1.58274,1.13,1.50
2011.01.14 02:18:44.055,1.58248,1.58274,1.13,1.50
2011.01.14 02:18:50.868,1.58248,1.58275,1.13,3.19
2011.01.14 02:18:52.558,1.58248,1.58275,1.13,1.69
2011.01.14 02:18:54.126,1.58249,1.58275,1.50,1.69
2011.01.14 02:18:54.457,1.58256,1.58282,1.50,1.50
2011.01.14 02:18:55.455,1.58252,1.58277,1.62,2.82
2011.01.14 02:18:55.568,1.58252,1.58275,1.50,1.69
2011.01.14 02:18:56.232,1.58252,1.58275,1.50,1.50
2011.01.14 02:18:58.418,1.58252,1.58274,1.50,1.13
2011.01.14 02:18:58.637,1.58252,1.58274,1.50,1.50
2011.01.14 02:18:58.748,1.58248,1.58274,1.13,1.50
2011.01.14 02:18:59.373,1.58248,1.58275,1.13,1.50
2011.01.14 02:19:02.195,1.58248,1.58274,1.13,1.50
2011.01.14 02:19:03.443,1.58247,1.58274,2.63,3.00
2011.01.14 02:19:08.924,1.58248,1.58274,1.13,1.50
2011.01.14 02:19:13.027,1.58247,1.58274,2.63,1.50
2011.01.14 02:19:21.608,1.58244,1.58271,2.33,2.07
2011.01.14 02:19:21.938,1.58241,1.5827,2.25,1.77
2011.01.14 02:19:22.060,1.58241,1.58268,1.50,1.95
2011.01.14 02:19:22.287,1.58238,1.58266,2.63,3.08
2011.01.14 02:19:23.070,1.58238,1.58265,1.13,1.88
2011.01.14 02:19:23.406,1.58238,1.58263,1.13,1.50
2011.01.14 02:19:27.375,1.58237,1.58263,1.13,1.50
2011.01.14 02:19:28.399,1.58236,1.58263,2.25,1.88
2011.01.14 02:19:28.527,1.58238,1.58263,1.13,1.50
2011.01.14 02:19:31.028,1.58238,1.58263,1.13,1.50
2011.01.14 02:19:33.164,1.58238,1.58264,1.13,1.50
2011.01.14 02:19:34.239,1.58238,1.58264,1.13,1.50
2011.01.14 02:19:37.773,1.58238,1.58264,1.13,1.50
2011.01.14 02:19:39.555,1.58238,1.58264,1.13,1.50
2011.01.14 02:19:41.377,1.58238,1.58264,1.13,1.50
2011.01.14 02:19:42.507,1.58244,1.58264,1.50,1.50
2011.01.14 02:19:42.619,1.58244,1.5827,1.50,1.50
2011.01.14 02:19:42.740,1.58246,1.58274,2.25,3.00
2011.01.14 02:19:43.079,1.58249,1.58278,1.13,1.58
2011.01.14 02:19:48.135,1.58251,1.58278,1.50,1.77
2011.01.14 02:19:48.815,1.58251,1.58272,1.50,3.23
2011.01.14 02:19:48.938,1.58241,1.58263,2.25,1.50
2011.01.14 02:19:49.061,1.58241,1.5826,1.50,1.88
2011.01.14 02:19:49.658,1.58241,1.58261,1.50,1.88
2011.01.14 02:19:49.879,1.58239,1.5826,1.50,1.50
2011.01.14 02:19:49.999,1.58239,1.58266,1.50,1.95
2011.01.14 02:19:50.608,1.58239,1.5826,1.50,1.50
2011.01.14 02:19:50.948,1.58236,1.5826,1.50,1.50
2011.01.14 02:19:51.498,1.58236,1.58258,1.50,1.50
2011.01.14 02:19:51.827,1.58236,1.5826,1.50,1.50
2011.01.14 02:19:52.378,1.58236,1.5826,1.50,1.88
2011.01.14 02:19:53.016,1.58233,1.58258,1.88,1.50
2011.01.14 02:19:53.348,1.58233,1.58256,1.88,1.50
2011.01.14 02:19:54.064,1.58233,1.58257,1.88,1.50
2011.01.14 02:19:54.408,1.58236,1.5826,1.50,1.50
2011.01.14 02:19:55.338,1.58236,1.58261,1.50,3.00
2011.01.14 02:19:55.608,1.58234,1.58259,1.13,1.50
2011.01.14 02:19:56.303,1.58233,1.58259,2.63,1.88
2011.01.14 02:19:57.127,1.58233,1.58259,4.13,1.88
2011.01.14 02:19:57.457,1.58239,1.58262,1.13,1.50
2011.01.14 02:19:58.260,1.58241,1.58263,2.25,1.88
2011.01.14 02:19:58.916,1.58241,1.58263,2.25,1.88
2011.01.14 02:20:00.279,1.58241,1.58259,2.25,1.88
2011.01.14 02:20:02.485,1.58238,1.58256,2.44,2.25
2011.01.14 02:20:02.599,1.58236,1.58258,1.50,1.50
2011.01.14 02:20:03.432,1.58236,1.58263,2.25,1.50
2011.01.14 02:20:04.386,1.58237,1.58264,1.13,1.50
2011.01.14 02:20:06.810,1.58236,1.5825,2.25,1.32
2011.01.14 02:20:07.466,1.58232,1.58259,2.63,1.69
2011.01.14 02:20:07.689,1.58234,1.58259,1.32,1.50
2011.01.14 02:20:08.509,1.58233,1.5825,1.13,1.50
2011.01.14 02:20:09.409,1.58233,1.5825,1.13,1.50
2011.01.14 02:20:09.748,1.58233,1.58253,1.13,1.50
2011.01.14 02:20:10.283,1.58233,1.58253,1.13,1.88
2011.01.14 02:20:10.519,1.58227,1.58253,1.88,2.25
2011.01.14 02:20:10.638,1.58225,1.58253,1.50,3.00
2011.01.14 02:20:10.758,1.58222,1.58248,1.88,1.69
2011.01.14 02:20:11.098,1.58222,1.58248,1.50,1.13
2011.01.14 02:20:12.049,1.58222,1.58249,2.25,2.25
2011.01.14 02:20:14.424,1.58222,1.58249,2.33,2.33
2011.01.14 02:20:15.088,1.58222,1.58247,2.33,1.50
2011.01.14 02:20:21.337,1.58211,1.58237,1.69,1.73
2011.01.14 02:20:21.666,1.58213,1.58238,1.13,1.50
2011.01.14 02:20:24.615,1.58213,1.58237,1.13,1.50
2011.01.14 02:20:27.106,1.58213,1.58237,1.13,1.50
2011.01.14 02:20:29.046,1.58216,1.58237,1.50,1.50
2011.01.14 02:20:29.906,1.58213,1.58237,1.88,1.50
2011.01.14 02:20:31.329,1.58214,1.58237,1.02,1.50
2011.01.14 02:20:31.791,1.58214,1.5824,1.39,1.50
2011.01.14 02:20:35.149,1.58214,1.5824,2.44,1.50
2011.01.14 02:20:40.877,1.58218,1.5824,1.13,1.50
2011.01.14 02:20:46.818,1.58218,1.58241,1.13,1.50
2011.01.14 02:20:49.797,1.58218,1.58241,1.13,1.50
2011.01.14 02:20:50.656,1.58218,1.58244,1.13,1.50
2011.01.14 02:21:31.998,1.58218,1.58244,1.50,1.50
2011.01.14 02:21:32.666,1.58218,1.58244,1.13,1.50
2011.01.14 02:21:33.713,1.58219,1.58244,1.88,1.50
2011.01.14 02:21:33.838,1.58231,1.58259,3.38,1.50
2011.01.14 02:21:36.218,1.58231,1.58259,3.00,1.50
2011.01.14 02:21:36.933,1.5823,1.58259,1.50,2.63
2011.01.14 02:21:37.052,1.58234,1.58256,1.13,1.50
2011.01.14 02:21:37.277,1.58234,1.5826,1.13,1.50
2011.01.14 02:21:39.621,1.58234,1.58263,1.13,1.50
2011.01.14 02:21:40.067,1.58235,1.58263,1.50,1.88
2011.01.14 02:21:40.291,1.58239,1.58266,1.13,2.48
2011.01.14 02:21:41.018,1.58239,1.58266,1.13,3.83
2011.01.14 02:21:41.258,1.58235,1.58263,1.50,1.88
2011.01.14 02:21:51.155,1.58233,1.58261,1.88,1.88
2011.01.14 02:21:54.479,1.58233,1.58261,1.50,3.19
2011.01.14 02:21:55.104,1.58225,1.58254,1.13,1.88
2011.01.14 02:21:55.449,1.58229,1.58251,1.13,1.50
2011.01.14 02:21:56.265,1.58229,1.58254,1.13,1.50
2011.01.14 02:22:00.236,1.58229,1.58257,1.13,1.50
2011.01.14 02:22:02.530,1.58229,1.58255,2.63,1.50
2011.01.14 02:22:02.651,1.58225,1.58252,2.25,2.25
2011.01.14 02:22:02.772,1.58225,1.5825,1.50,1.69
2011.01.14 02:22:02.891,1.5822,1.58249,2.44,1.39
2011.01.14 02:22:03.592,1.58218,1.58248,2.82,4.58
2011.01.14 02:22:05.718,1.58218,1.58246,2.82,1.88
2011.01.14 02:22:06.836,1.58218,1.58246,2.82,1.88
2011.01.14 02:22:08.461,1.58226,1.58246,1.50,1.88
2011.01.14 02:22:08.586,1.58226,1.58248,1.50,1.50
2011.01.14 02:22:08.697,1.58226,1.58251,1.50,1.50
2011.01.14 02:22:20.327,1.58224,1.58254,1.32,1.50
2011.01.14 02:22:20.866,1.58225,1.58253,2.25,1.50
2011.01.14 02:22:26.410,1.58225,1.58253,1.50,1.50
2011.01.14 02:22:26.994,1.58225,1.58253,1.50,1.88
2011.01.14 02:22:27.105,1.58219,1.58252,2.44,2.63
2011.01.14 02:22:35.529,1.58222,1.58247,3.75,1.88
2011.01.14 02:22:35.998,1.58224,1.58249,1.32,1.50
2011.01.14 02:22:40.507,1.58224,1.58252,1.32,1.50
2011.01.14 02:22:44.262,1.58228,1.58252,1.13,1.50
2011.01.14 02:22:53.668,1.58226,1.58252,1.50,1.50
2011.01.14 02:23:00.686,1.58224,1.58253,1.32,1.50
2011.01.14 02:23:05.006,1.58224,1.58253,1.32,3.38
2011.01.14 02:23:05.127,1.58223,1.58253,2.07,1.50
2011.01.14 02:23:05.240,1.58223,1.58253,4.69,1.50
2011.01.14 02:23:05.468,1.58223,1.58253,2.44,3.00
2011.01.14 02:23:05.579,1.58223,1.58253,2.07,3.38
2011.01.14 02:23:06.389,1.58221,1.58249,1.69,3.00
2011.01.14 02:23:06.729,1.58219,1.58249,2.44,1.88
2011.01.14 02:23:06.848,1.58219,1.58249,2.44,4.50
2011.01.14 02:23:33.977,1.58217,1.58247,2.07,2.07
2011.01.14 02:23:34.653,1.58218,1.58247,1.32,1.88
2011.01.14 02:23:34.877,1.58218,1.58243,1.32,1.50
2011.01.14 02:23:53.863,1.58214,1.58243,1.05,1.88
2011.01.14 02:23:56.604,1.58218,1.58243,1.32,1.50
2011.01.14 02:24:10.389,1.58218,1.58246,1.32,1.88
2011.01.14 02:24:15.458,1.58225,1.58246,1.50,1.88
2011.01.14 02:24:15.787,1.58225,1.58255,1.50,4.88
2011.01.14 02:24:16.007,1.58226,1.58255,2.25,4.50
2011.01.14 02:24:16.228,1.58229,1.58258,1.88,1.50
2011.01.14 02:24:21.338,1.5823,1.58246,2.25,1.92
2011.01.14 02:24:21.556,1.5823,1.58246,1.50,1.92
2011.01.14 02:24:21.776,1.58225,1.58246,2.25,1.92
2011.01.14 02:24:22.668,1.58225,1.58253,3.00,1.50
2011.01.14 02:24:31.007,1.58225,1.58254,6.57,1.69
2011.01.14 02:24:31.228,1.5823,1.58254,2.82,1.50
2011.01.14 02:24:31.337,1.5823,1.58256,2.82,1.50
2011.01.14 02:24:31.560,1.58235,1.58259,4.69,1.50
2011.01.14 02:24:31.678,1.58235,1.58263,4.69,2.44
2011.01.14 02:24:44.976,1.58236,1.58264,5.44,2.44
2011.01.14 02:24:45.697,1.58236,1.58264,2.44,2.44
2011.01.14 02:25:02.948,1.58236,1.58264,2.44,3.19
2011.01.14 02:26:03.686,1.58236,1.58264,2.40,1.50
2011.01.14 02:26:36.497,1.5824,1.58264,2.44,1.50
2011.01.14 02:26:36.717,1.5824,1.58269,2.44,2.44
2011.01.14 02:26:44.918,1.5824,1.58269,1.58,2.44
2011.01.14 02:26:45.033,1.58236,1.58265,3.27,1.69
2011.01.14 02:26:57.447,1.58238,1.58264,2.82,1.50
2011.01.14 02:26:57.777,1.58247,1.58268,2.82,1.50
2011.01.14 02:26:58.109,1.58254,1.58268,3.75,1.50
2011.01.14 02:26:58.229,1.58259,1.58284,1.88,3.00
2011.01.14 02:26:58.348,1.58259,1.58285,1.88,2.25
2011.01.14 02:26:58.458,1.58261,1.58285,2.44,2.25
2011.01.14 02:26:59.848,1.58264,1.58286,1.13,2.29
2011.01.14 02:27:02.395,1.58259,1.58285,1.13,1.50
2011.01.14 02:27:02.947,1.58259,1.58286,1.13,3.00
2011.01.14 02:27:03.981,1.58262,1.58286,3.75,2.93
2011.01.14 02:27:06.137,1.58264,1.58281,1.13,1.50
2011.01.14 02:27:06.250,1.58263,1.58281,2.25,1.50
2011.01.14 02:27:06.759,1.58263,1.58281,1.88,1.13
2011.01.14 02:27:06.881,1.58261,1.58286,7.50,1.17
2011.01.14 02:27:10.258,1.58262,1.58287,2.25,3.12
2011.01.14 02:27:10.482,1.58262,1.58286,2.25,1.58
2011.01.14 02:27:11.184,1.58262,1.58286,1.88,1.50
2011.01.14 02:27:11.519,1.58262,1.58286,2.25,1.50
2011.01.14 02:27:11.749,1.58262,1.58286,2.25,1.50
2011.01.14 02:27:11.979,1.58262,1.58286,2.25,1.50
2011.01.14 02:27:12.207,1.58262,1.58286,2.25,1.50
2011.01.14 02:27:12.428,1.58262,1.58286,2.25,1.50
2011.01.14 02:27:12.768,1.58262,1.58286,2.25,1.50
2011.01.14 02:27:12.988,1.58262,1.58285,2.25,1.50
2011.01.14 02:27:22.104,1.58264,1.58287,2.63,1.39
2011.01.14 02:27:22.453,1.58264,1.58287,1.88,2.48
2011.01.14 02:27:23.046,1.58264,1.58287,1.50,1.58
2011.01.14 02:27:28.408,1.58264,1.58289,1.88,1.58
2011.01.14 02:27:29.241,1.58261,1.58287,2.25,1.58
2011.01.14 02:27:33.223,1.58261,1.58286,1.50,1.77
2011.01.14 02:27:33.339,1.58256,1.58282,2.44,1.50
2011.01.14 02:27:39.148,1.58256,1.58282,2.44,2.07
2011.01.14 02:27:41.212,1.58254,1.5828,1.20,1.69
2011.01.14 02:27:41.338,1.58253,1.5828,1.10,1.69
2011.01.14 02:27:41.450,1.58253,1.58277,1.47,1.50
2011.01.14 02:27:41.788,1.5826,1.58282,2.44,1.50
2011.01.14 02:27:42.008,1.58261,1.58286,2.44,1.28
2011.01.14 02:27:48.168,1.58261,1.58286,2.44,7.53
2011.01.14 02:27:51.235,1.58261,1.58286,2.44,8.40
2011.01.14 02:28:23.416,1.58261,1.58286,2.52,8.48
2011.01.14 02:28:28.656,1.58261,1.58286,2.52,8.70
2011.01.14 02:28:35.496,1.58263,1.58286,1.24,5.78
2011.01.14 02:28:35.716,1.58262,1.58286,1.32,3.98
2011.01.14 02:28:36.268,1.58259,1.58286,1.13,5.40
2011.01.14 02:28:36.981,1.58256,1.58282,3.19,1.50
2011.01.14 02:28:37.436,1.58256,1.58282,3.19,1.58
2011.01.14 02:28:41.247,1.58256,1.58282,3.19,1.50
2011.01.14 02:28:45.975,1.58256,1.58282,3.19,1.58
2011.01.14 02:29:46.595,1.58258,1.58282,1.32,1.73
2011.01.14 02:29:49.486,1.58259,1.58282,1.69,1.73
2011.01.14 02:29:49.596,1.58263,1.58286,1.13,5.63
2011.01.14 02:29:51.078,1.58264,1.58286,1.50,6.75
2011.01.14 02:29:52.742,1.58271,1.58288,2.25,2.25
2011.01.14 02:29:52.860,1.58274,1.58288,1.13,1.50
2011.01.14 02:29:52.980,1.58276,1.58296,2.25,1.28
2011.01.14 02:29:53.099,1.58276,1.58296,4.13,1.28
2011.01.14 02:30:02.837,1.58278,1.58302,1.32,3.57
2011.01.14 02:30:10.044,1.58276,1.58296,2.44,1.58
2011.01.14 02:30:10.160,1.58276,1.58296,1.69,1.02
2011.01.14 02:30:14.751,1.58276,1.58295,1.50,1.69
2011.01.14 02:30:15.203,1.58274,1.58296,1.47,1.35
2011.01.14 02:30:15.789,1.58276,1.58296,1.50,1.35
2011.01.14 02:30:49.888,1.58274,1.58296,1.47,1.35
2011.01.14 02:30:50.729,1.58276,1.58296,1.50,1.65
2011.01.14 02:30:51.338,1.58276,1.58296,2.25,1.50
2011.01.14 02:30:51.779,1.58276,1.58296,1.50,1.43
2011.01.14 02:31:08.948,1.58273,1.58296,1.17,1.43
2011.01.14 02:31:16.158,1.58276,1.58299,1.50,2.37
2011.01.14 02:31:16.779,1.58273,1.58296,1.54,1.09
2011.01.14 02:31:16.902,1.58274,1.58296,1.35,1.09
2011.01.14 02:31:17.648,1.5828,1.58299,1.32,1.47
2011.01.14 02:31:17.775,1.58275,1.58301,1.69,1.09
2011.01.14 02:31:18.766,1.58275,1.58301,1.50,1.09
2011.01.14 02:31:30.457,1.58273,1.58302,1.17,3.12
2011.01.14 02:31:50.748,1.58274,1.58298,1.54,1.58
2011.01.14 02:31:51.078,1.58282,1.58298,1.69,1.50
2011.01.14 02:31:51.188,1.58282,1.58304,1.69,1.50
2011.01.14 02:31:51.407,1.58284,1.58307,1.32,1.50
2011.01.14 02:31:52.199,1.58284,1.58308,1.32,1.50
2011.01.14 02:31:59.903,1.58298,1.58316,1.32,2.25
2011.01.14 02:32:00.458,1.58298,1.58316,1.32,1.50
2011.01.14 02:32:01.613,1.58298,1.58316,1.32,1.13
2011.01.14 02:32:02.009,1.58296,1.58316,2.44,1.13
2011.01.14 02:32:02.119,1.58296,1.58316,2.44,1.13
2011.01.14 02:32:04.358,1.58299,1.58324,1.13,3.19
2011.01.14 02:32:04.582,1.58303,1.58327,1.32,1.58
2011.01.14 02:32:05.205,1.5831,1.58327,1.69,1.58
2011.01.14 02:32:05.329,1.58304,1.58331,1.13,2.33
2011.01.14 02:32:08.309,1.58303,1.58325,2.25,1.50
2011.01.14 02:32:09.048,1.58299,1.58324,2.63,2.44
2011.01.14 02:32:09.168,1.58291,1.58322,1.50,1.13
2011.01.14 02:32:09.282,1.58291,1.58319,1.50,2.63
2011.01.14 02:32:10.086,1.58291,1.58319,1.50,3.08
2011.01.14 02:32:11.078,1.58288,1.58318,1.88,1.69
2011.01.14 02:32:20.657,1.58286,1.58314,2.25,1.50
2011.01.14 02:32:24.697,1.58288,1.58314,1.50,1.50
2011.01.14 02:32:25.027,1.58289,1.58318,1.13,1.58
2011.01.14 02:32:27.386,1.5829,1.58318,2.25,1.50
2011.01.14 02:32:27.827,1.5829,1.58318,2.25,1.58
2011.01.14 02:32:43.877,1.58296,1.58321,1.50,1.20
2011.01.14 02:33:03.099,1.58296,1.58324,3.38,3.60
2011.01.14 02:33:03.538,1.58296,1.58325,3.38,1.50
2011.01.14 02:33:03.760,1.58299,1.58325,2.25,1.50
2011.01.14 02:33:03.989,1.58299,1.58325,1.88,1.50
2011.01.14 02:33:04.611,1.58302,1.58325,1.50,1.50
2011.01.14 02:33:05.321,1.58302,1.58326,3.00,2.10
2011.01.14 02:33:05.659,1.58306,1.58326,1.88,1.35
2011.01.14 02:33:06.970,1.58302,1.58322,1.88,1.69
2011.01.14 02:33:07.310,1.58304,1.58321,1.69,2.63
2011.01.14 02:33:07.537,1.58304,1.58332,2.07,1.35
2011.01.14 02:33:08.787,1.58301,1.58326,1.13,2.66
2011.01.14 02:33:08.898,1.58299,1.58326,1.62,2.66
2011.01.14 02:33:09.477,1.58301,1.58326,1.50,2.66
2011.01.14 02:33:12.117,1.58296,1.58324,1.50,2.14
2011.01.14 02:33:13.951,1.58296,1.58326,4.13,1.73
2011.01.14 02:33:14.291,1.58301,1.58327,1.13,3.19
2011.01.14 02:33:14.520,1.58301,1.58327,1.88,2.63
2011.01.14 02:33:14.748,1.58301,1.58329,1.88,2.25
2011.01.14 02:33:16.218,1.58302,1.58329,1.88,2.33
2011.01.14 02:33:17.239,1.58302,1.58329,1.88,2.25
2011.01.14 02:33:20.656,1.58305,1.58329,1.50,2.25
2011.01.14 02:33:23.222,1.58305,1.58326,1.50,1.50
2011.01.14 02:33:24.164,1.58305,1.58324,1.50,1.50
2011.01.14 02:33:25.987,1.58305,1.5833,2.25,2.25
2011.01.14 02:33:26.211,1.58305,1.58332,2.25,2.25
2011.01.14 02:33:26.911,1.58305,1.5833,2.25,1.50
2011.01.14 02:33:27.361,1.58305,1.58332,2.25,1.50
2011.01.14 02:33:29.834,1.58305,1.58331,2.25,1.50
2011.01.14 02:33:35.764,1.58306,1.58331,4.50,1.50
2011.01.14 02:33:35.872,1.5831,1.58333,1.50,1.50
2011.01.14 02:33:35.993,1.5831,1.58333,2.25,1.50
2011.01.14 02:33:36.698,1.5831,1.58334,1.50,1.50
2011.01.14 02:33:36.815,1.5831,1.58332,1.50,1.50
2011.01.14 02:33:36.933,1.5831,1.58334,1.50,1.50
2011.01.14 02:33:39.367,1.5831,1.58335,1.50,2.25
2011.01.14 02:33:40.069,1.5831,1.58333,1.50,1.50
2011.01.14 02:33:40.776,1.58307,1.58333,1.88,1.50
2011.01.14 02:33:43.647,1.58307,1.58335,1.88,3.75
2011.01.14 02:33:44.294,1.58307,1.58334,1.88,1.50
2011.01.14 02:34:04.769,1.58307,1.58332,1.88,1.50
2011.01.14 02:34:05.208,1.58307,1.58332,1.88,1.58
2011.01.14 02:34:06.034,1.58307,1.58332,1.50,2.48
2011.01.14 02:34:08.769,1.58307,1.58328,1.50,1.69
2011.01.14 02:34:09.351,1.58307,1.58328,1.50,1.32
2011.01.14 02:34:11.103,1.58303,1.58328,1.88,2.82
2011.01.14 02:34:20.096,1.58306,1.58331,2.25,1.13
2011.01.14 02:34:20.318,1.58306,1.58333,2.25,3.00
2011.01.14 02:34:26.288,1.58306,1.58334,2.25,3.00
2011.01.14 02:34:34.968,1.58306,1.5833,2.25,2.25
2011.01.14 02:34:35.459,1.58306,1.58327,2.25,1.50
2011.01.14 02:34:35.576,1.583,1.58325,1.88,1.50
2011.01.14 02:34:40.289,1.58301,1.58329,1.88,1.58
2011.01.14 02:34:50.796,1.58305,1.58331,1.50,1.20
2011.01.14 02:35:03.199,1.58305,1.58326,1.50,2.52
2011.01.14 02:35:03.308,1.58301,1.5832,1.13,1.69
2011.01.14 02:35:03.419,1.58291,1.5832,2.63,1.69
2011.01.14 02:35:03.640,1.58296,1.58322,2.63,2.48
2011.01.14 02:35:03.758,1.583,1.58325,1.88,1.69
2011.01.14 02:35:04.468,1.58301,1.58325,9.38,1.50
2011.01.14 02:35:04.687,1.58304,1.58329,1.13,1.50
2011.01.14 02:35:10.417,1.58304,1.58332,1.13,2.33
2011.01.14 02:35:14.728,1.58304,1.58332,1.88,2.33
2011.01.14 02:35:20.446,1.58301,1.58327,1.50,1.58
2011.01.14 02:35:23.150,1.58304,1.58332,1.13,2.33
2011.01.14 02:35:24.598,1.58304,1.58332,2.63,1.50
2011.01.14 02:35:28.529,1.58304,1.58332,1.88,1.50
2011.01.14 02:35:28.645,1.58304,1.58331,1.50,1.92
2011.01.14 02:35:42.350,1.58304,1.58326,1.50,1.02
2011.01.14 02:35:43.019,1.58304,1.58324,1.50,1.73
2011.01.14 02:35:43.140,1.58296,1.58321,1.50,1.32
2011.01.14 02:35:44.208,1.58296,1.58324,1.50,4.32
2011.01.14 02:35:58.139,1.58296,1.58324,1.50,5.14
2011.01.14 02:35:59.779,1.58296,1.58324,1.50,4.69
2011.01.14 02:35:59.907,1.58301,1.58327,1.88,1.80
2011.01.14 02:36:00.678,1.58304,1.58332,1.50,4.43
2011.01.14 02:36:02.215,1.58304,1.5833,1.50,1.50
2011.01.14 02:36:02.443,1.58304,1.58332,2.25,1.88
2011.01.14 02:36:03.086,1.58304,1.58332,2.63,1.50
2011.01.14 02:36:06.728,1.58304,1.58332,1.88,1.50
2011.01.14 02:36:07.388,1.58304,1.58332,2.63,1.58
2011.01.14 02:36:07.718,1.58304,1.58332,2.63,1.50
2011.01.14 02:36:14.659,1.58304,1.58332,1.88,1.50
2011.01.14 02:36:15.254,1.58306,1.58334,1.50,1.95
2011.01.14 02:36:18.530,1.58303,1.5833,1.50,1.69
2011.01.14 02:36:20.568,1.58305,1.58331,1.50,2.85
2011.01.14 02:36:29.509,1.58305,1.58328,1.50,1.88
2011.01.14 02:36:30.850,1.58302,1.58326,1.50,1.09
2011.01.14 02:36:31.850,1.58302,1.58325,1.50,1.32
2011.01.14 02:36:32.463,1.58296,1.58324,1.50,3.57
2011.01.14 02:36:37.078,1.58296,1.58323,2.63,1.13
2011.01.14 02:36:37.189,1.58296,1.58324,3.38,1.88
2011.01.14 02:36:37.300,1.58301,1.58326,1.13,1.50
2011.01.14 02:36:50.648,1.58306,1.58332,1.50,1.13
2011.01.14 02:36:58.509,1.58306,1.58326,1.50,1.95
2011.01.14 02:37:00.558,1.58302,1.58326,1.50,1.88
2011.01.14 02:37:02.326,1.58302,1.58326,1.50,2.05
2011.01.14 02:37:07.430,1.58302,1.58325,1.50,1.13
2011.01.14 02:37:08.377,1.58296,1.58326,3.38,1.95
2011.01.14 02:37:08.494,1.58301,1.58326,1.13,1.95
2011.01.14 02:37:08.610,1.58301,1.58326,1.13,1.95
2011.01.14 02:37:10.940,1.58303,1.58331,1.50,1.88
2011.01.14 02:37:16.107,1.58305,1.58329,1.50,1.20
2011.01.14 02:37:40.407,1.58304,1.58334,1.50,1.88
2011.01.14 02:37:56.401,1.58295,1.58326,3.75,1.13
2011.01.14 02:37:56.521,1.58295,1.58326,2.25,1.13
2011.01.14 02:37:59.209,1.58295,1.58325,3.00,2.07
2011.01.14 02:37:59.327,1.58301,1.58332,1.13,2.14
2011.01.14 02:38:00.382,1.58302,1.58332,1.50,1.95
2011.01.14 02:38:00.940,1.58303,1.58331,1.50,1.13
2011.01.14 02:38:20.637,1.58302,1.58328,1.50,1.88
2011.01.14 02:38:21.463,1.58302,1.58326,1.50,2.78
2011.01.14 02:38:22.153,1.58302,1.58324,1.50,1.32
2011.01.14 02:38:22.273,1.58295,1.58324,2.25,1.32
2011.01.14 02:38:22.390,1.58295,1.58317,2.25,1.32
2011.01.14 02:38:23.608,1.58297,1.58317,1.50,1.32
2011.01.14 02:38:28.843,1.58294,1.58317,2.25,1.32
2011.01.14 02:38:42.149,1.58296,1.58317,1.13,1.39
2011.01.14 02:38:42.260,1.58296,1.58319,1.13,1.39
2011.01.14 02:38:42.779,1.58296,1.58324,1.88,1.32
2011.01.14 02:38:42.896,1.58301,1.58326,1.13,2.82
2011.01.14 02:38:43.562,1.58298,1.58326,3.00,2.63
2011.01.14 02:38:43.788,1.58301,1.58326,1.13,2.07
2011.01.14 02:38:44.453,1.58301,1.58326,1.13,1.13
2011.01.14 02:38:47.451,1.58301,1.58326,1.13,2.29
2011.01.14 02:38:47.678,1.58298,1.58326,3.00,1.88
2011.01.14 02:38:47.898,1.58301,1.58326,1.13,1.35
2011.01.14 02:38:48.118,1.58301,1.58326,1.13,1.20
2011.01.14 02:38:50.638,1.58302,1.58326,1.50,1.20
2011.01.14 02:39:10.409,1.58303,1.58331,2.25,1.32
2011.01.14 02:39:10.944,1.58306,1.58334,2.25,1.13
2011.01.14 02:39:11.070,1.58312,1.58338,1.13,1.58
2011.01.14 02:39:11.409,1.58307,1.58337,1.13,1.20
2011.01.14 02:39:12.408,1.58306,1.58327,1.88,1.32
2011.01.14 02:39:12.519,1.58306,1.58332,1.88,1.32
2011.01.14 02:39:12.739,1.58304,1.58332,1.50,1.32
2011.01.14 02:39:20.640,1.58303,1.58332,1.50,1.39
2011.01.14 02:39:21.445,1.58302,1.58329,1.50,1.58
2011.01.14 02:39:21.567,1.58299,1.58326,1.50,1.99
2011.01.14 02:39:29.700,1.58297,1.58321,1.50,1.32
2011.01.14 02:39:29.820,1.58295,1.58321,2.25,1.32
2011.01.14 02:39:31.969,1.58295,1.58316,2.25,1.32
2011.01.14 02:39:51.499,1.58295,1.58323,2.25,1.32
2011.01.14 02:39:51.722,1.58299,1.58325,1.50,1.32
2011.01.14 02:39:52.980,1.58301,1.58325,1.13,1.32
2011.01.14 02:39:53.097,1.58301,1.58327,1.13,1.50
2011.01.14 02:40:01.330,1.58306,1.58327,1.88,1.50
2011.01.14 02:40:01.562,1.58309,1.5834,1.13,1.77
2011.01.14 02:40:01.791,1.58309,1.58337,1.13,1.32
2011.01.14 02:40:09.228,1.58309,1.5833,1.13,1.50
2011.01.14 02:40:09.450,1.58307,1.58333,3.00,1.02
2011.01.14 02:40:09.893,1.58306,1.58335,1.50,1.69
2011.01.14 02:40:10.120,1.58306,1.58331,1.50,1.05
2011.01.14 02:40:10.736,1.58299,1.58326,3.00,2.44
2011.01.14 02:40:12.829,1.58301,1.58329,1.50,1.32
2011.01.14 02:40:12.939,1.58301,1.58331,2.63,2.07
2011.01.14 02:40:15.131,1.58302,1.58331,1.50,1.32
2011.01.14 02:40:16.044,1.58299,1.58331,2.25,1.32
2011.01.14 02:40:16.168,1.58301,1.58333,2.63,2.07
2011.01.14 02:40:19.498,1.58304,1.58333,1.50,2.07
2011.01.14 02:40:20.884,1.58303,1.58333,1.50,2.07
2011.01.14 02:40:26.769,1.58305,1.58333,1.50,2.07
2011.01.14 02:40:33.823,1.58304,1.58333,1.50,1.32
2011.01.14 02:40:34.530,1.58306,1.58335,2.25,1.32
2011.01.14 02:40:34.640,1.58309,1.58337,2.63,2.44
2011.01.14 02:40:38.908,1.58309,1.58341,3.38,1.32
2011.01.14 02:40:53.649,1.58311,1.58341,1.58,1.32
2011.01.14 02:40:54.440,1.58313,1.58341,2.70,1.32
2011.01.14 02:40:55.211,1.58314,1.58344,1.20,2.44
2011.01.14 02:40:56.561,1.58313,1.58338,1.20,1.32
2011.01.14 02:40:57.099,1.58313,1.58338,1.13,1.32
2011.01.14 02:41:01.798,1.58313,1.58338,1.13,1.32
2011.01.14 02:41:02.864,1.58312,1.58338,2.63,1.32
2011.01.14 02:41:05.096,1.58313,1.58338,2.70,1.32
2011.01.14 02:41:06.312,1.58314,1.58338,1.30,1.32
2011.01.14 02:41:09.347,1.58313,1.58338,1.13,1.32
2011.01.14 02:41:09.463,1.58312,1.58338,2.63,1.32
2011.01.14 02:41:10.530,1.58313,1.58338,1.13,1.32
2011.01.14 02:41:12.064,1.58314,1.58338,1.47,1.32
2011.01.14 02:41:14.490,1.58321,1.58344,1.39,1.50
2011.01.14 02:41:14.600,1.58324,1.58344,1.39,1.50
2011.01.14 02:41:15.189,1.58328,1.58344,1.50,1.50
2011.01.14 02:41:15.522,1.58332,1.58351,1.50,1.50
2011.01.14 02:41:15.641,1.58332,1.58357,1.50,2.59
2011.01.14 02:41:26.268,1.58345,1.58366,1.69,1.99
2011.01.14 02:41:30.541,1.58341,1.58374,2.25,3.49
2011.01.14 02:41:30.769,1.58344,1.58374,1.50,4.69
2011.01.14 02:41:31.658,1.58344,1.58374,1.88,4.69
2011.01.14 02:41:32.224,1.58351,1.58374,2.25,1.50
2011.01.14 02:41:32.903,1.58356,1.58376,1.88,1.50
2011.01.14 02:41:33.582,1.58356,1.58376,1.88,1.35
2011.01.14 02:41:34.662,1.58357,1.58384,1.69,3.27
2011.01.14 02:41:34.786,1.58364,1.58386,1.88,1.43
2011.01.14 02:41:35.012,1.58361,1.58386,1.13,1.58
2011.01.14 02:41:36.410,1.58361,1.58386,1.13,1.73
2011.01.14 02:41:36.739,1.58353,1.58382,2.25,1.32
2011.01.14 02:41:36.850,1.58353,1.58382,1.88,1.32
2011.01.14 02:41:37.475,1.58353,1.58378,1.50,1.13
2011.01.14 02:41:37.810,1.58353,1.58376,1.50,1.20
2011.01.14 02:41:37.920,1.58353,1.58376,1.50,1.13
2011.01.14 02:41:38.029,1.5835,1.58376,1.50,1.13
2011.01.14 02:41:38.602,1.58351,1.58376,1.50,1.13
2011.01.14 02:41:40.239,1.58351,1.58379,2.25,1.13
2011.01.14 02:41:43.078,1.58349,1.58376,1.50,1.88
2011.01.14 02:41:43.191,1.58349,1.58366,1.50,1.50
2011.01.14 02:41:43.420,1.58349,1.58376,1.50,1.88
2011.01.14 02:41:57.244,1.58344,1.58364,1.88,1.69
2011.01.14 02:41:57.364,1.58336,1.58364,4.13,1.69
2011.01.14 02:41:57.594,1.58336,1.58363,1.50,1.32
2011.01.14 02:41:57.711,1.58334,1.58363,2.25,1.32
2011.01.14 02:41:57.831,1.58334,1.5836,2.25,2.07
2011.01.14 02:41:58.530,1.58334,1.58359,2.70,1.32
2011.01.14 02:41:59.127,1.58338,1.58359,1.50,1.69
2011.01.14 02:42:01.482,1.58338,1.58354,1.50,2.25
2011.01.14 02:42:01.832,1.58334,1.58356,1.39,2.82
2011.01.14 02:42:02.169,1.58334,1.58349,1.39,1.50
2011.01.14 02:42:04.241,1.58328,1.58349,2.63,1.50
2011.01.14 02:42:04.359,1.58328,1.58352,2.63,1.50
2011.01.14 02:42:05.095,1.58328,1.58352,2.63,1.50
2011.01.14 02:42:05.970,1.5833,1.58352,1.50,1.50
2011.01.14 02:42:11.264,1.58334,1.58352,1.50,1.50
2011.01.14 02:42:11.602,1.58336,1.58354,3.00,1.50
2011.01.14 02:42:12.184,1.58336,1.58354,3.38,1.50
2011.01.14 02:42:12.311,1.58337,1.58357,1.50,1.50
2011.01.14 02:42:12.434,1.58332,1.58357,1.88,1.50
2011.01.14 02:42:13.142,1.5833,1.58357,2.25,1.58
2011.01.14 02:42:13.483,1.58332,1.58354,1.50,1.13
2011.01.14 02:42:14.105,1.58332,1.58349,1.50,1.50
2011.01.14 02:42:14.226,1.58323,1.58344,1.58,1.50
2011.01.14 02:42:14.931,1.5832,1.58344,1.50,1.69
2011.01.14 02:42:15.470,1.5832,1.58344,1.50,2.44
2011.01.14 02:42:15.598,1.58318,1.58341,1.50,2.82
2011.01.14 02:42:15.710,1.5832,1.58341,1.50,2.82
2011.01.14 02:42:15.931,1.5832,1.58341,1.50,2.07
2011.01.14 02:42:16.627,1.58319,1.58341,1.50,2.07
2011.01.14 02:42:16.746,1.58317,1.58341,1.50,2.07
2011.01.14 02:42:16.968,1.58319,1.58341,1.50,2.07
2011.01.14 02:42:17.827,1.58318,1.58341,1.50,2.07
2011.01.14 02:42:18.579,1.5832,1.58341,1.50,2.07
2011.01.14 02:42:19.272,1.58319,1.58341,1.50,2.07
2011.01.14 02:42:20.088,1.58321,1.58341,1.50,2.07
2011.01.14 02:42:20.207,1.58318,1.58341,1.50,2.07
2011.01.14 02:42:21.185,1.58319,1.58341,1.50,2.07
2011.01.14 02:42:22.400,1.58317,1.58341,1.50,2.07
2011.01.14 02:42:23.739,1.58325,1.58341,1.50,2.07
2011.01.14 02:42:23.962,1.5833,1.58345,2.25,1.50
2011.01.14 02:42:24.679,1.58337,1.58358,1.88,1.50
2011.01.14 02:42:25.326,1.58339,1.58357,1.50,1.50
2011.01.14 02:42:26.458,1.58336,1.58357,2.25,1.50
2011.01.14 02:42:27.526,1.58333,1.58359,1.88,1.32
2011.01.14 02:42:27.646,1.58333,1.58359,1.50,1.77
2011.01.14 02:42:28.461,1.58334,1.58359,1.50,1.58
2011.01.14 02:42:28.572,1.58332,1.58357,1.50,1.20
2011.01.14 02:42:29.156,1.58332,1.5836,1.88,2.33
2011.01.14 02:42:37.453,1.58332,1.5836,1.88,2.25
2011.01.14 02:42:38.662,1.58332,1.5836,1.88,2.33
2011.01.14 02:42:43.258,1.58332,1.5836,1.88,1.50
2011.01.14 02:42:44.030,1.58333,1.5836,1.13,1.58
2011.01.14 02:42:47.179,1.58333,1.5836,1.13,1.58
2011.01.14 02:42:49.503,1.58333,1.5836,1.13,1.50
2011.01.14 02:42:50.860,1.58332,1.5836,2.63,1.50
2011.01.14 02:42:53.150,1.58333,1.5836,1.13,1.50
2011.01.14 02:42:55.261,1.58332,1.5836,2.63,1.50
2011.01.14 02:42:58.045,1.58333,1.5836,1.13,1.50
2011.01.14 02:42:58.390,1.58338,1.5836,1.13,1.50
2011.01.14 02:43:00.310,1.58338,1.58363,1.13,1.50
2011.01.14 02:43:05.179,1.58338,1.58363,1.13,1.50
2011.01.14 02:43:05.891,1.58343,1.58368,1.13,1.58
2011.01.14 02:43:11.123,1.58346,1.58368,1.50,1.50
2011.01.14 02:43:11.245,1.58344,1.58371,1.13,1.50
2011.01.14 02:43:11.962,1.58343,1.58371,2.63,1.95
2011.01.14 02:43:14.137,1.58344,1.58371,2.25,1.88
2011.01.14 02:43:15.621,1.58344,1.58371,2.25,1.95
2011.01.14 02:43:27.068,1.58344,1.58368,2.25,1.32
2011.01.14 02:43:33.198,1.58344,1.58368,2.25,1.43
2011.01.14 02:43:33.640,1.58333,1.58361,1.13,2.14
2011.01.14 02:43:34.241,1.58323,1.58346,2.25,1.32
2011.01.14 02:43:34.584,1.58323,1.58345,2.25,2.07
2011.01.14 02:43:34.702,1.58323,1.58345,2.25,1.50
2011.01.14 02:43:35.575,1.58328,1.5835,1.13,1.50
2011.01.14 02:43:36.572,1.58328,1.5835,1.13,1.50
2011.01.14 02:43:41.609,1.58328,1.5835,1.13,1.50
2011.01.14 02:43:42.810,1.58328,1.58353,1.13,1.50
2011.01.14 02:43:44.091,1.58328,1.58353,1.13,1.50
2011.01.14 02:43:46.360,1.58328,1.58353,1.13,1.50
2011.01.14 02:43:56.959,1.58328,1.58353,1.13,1.50
2011.01.14 02:43:58.299,1.58328,1.58353,1.13,1.50
2011.01.14 02:43:59.334,1.58326,1.58353,2.25,1.88
2011.01.14 02:43:59.682,1.58326,1.58349,1.50,1.92
2011.01.14 02:44:00.240,1.58321,1.58349,2.25,1.92
2011.01.14 02:44:00.373,1.58319,1.58345,2.25,1.50
2011.01.14 02:44:01.531,1.58316,1.58343,2.25,1.88
2011.01.14 02:44:06.626,1.58316,1.58343,2.25,1.88
2011.01.14 02:44:07.181,1.58316,1.5834,2.25,1.50
2011.01.14 02:44:10.050,1.58316,1.5834,2.25,1.50
2011.01.14 02:44:12.818,1.58316,1.5834,2.25,1.50
2011.01.14 02:44:13.892,1.58322,1.58344,2.25,1.50
2011.01.14 02:44:14.012,1.58322,1.58346,2.25,1.50
2011.01.14 02:44:14.829,1.58328,1.5835,1.13,1.50
2011.01.14 02:44:14.950,1.5833,1.58351,1.50,1.50
2011.01.14 02:44:17.055,1.5833,1.58354,1.50,1.50
2011.01.14 02:44:17.182,1.58321,1.58351,1.62,1.50
2011.01.14 02:44:17.414,1.58321,1.58353,1.50,4.32
2011.01.14 02:44:18.100,1.58319,1.5835,1.50,2.07
2011.01.14 02:44:18.853,1.58318,1.58345,1.50,1.58
2011.01.14 02:44:19.334,1.58316,1.58345,3.75,3.08
2011.01.14 02:44:20.403,1.58319,1.58343,1.50,2.14
2011.01.14 02:44:22.594,1.58319,1.58344,2.63,1.58
2011.01.14 02:44:22.931,1.5832,1.58342,2.63,1.58
2011.01.14 02:44:28.151,1.58323,1.58344,1.50,1.58
2011.01.14 02:44:32.804,1.58329,1.58348,2.25,1.50
2011.01.14 02:44:32.926,1.58331,1.58348,2.25,1.50
2011.01.14 02:44:33.041,1.58331,1.5836,3.38,1.50
2011.01.14 02:44:33.163,1.58331,1.58362,4.88,1.50
2011.01.14 02:44:34.014,1.58333,1.58359,1.88,2.82
2011.01.14 02:44:34.244,1.58327,1.58356,1.13,1.32
2011.01.14 02:44:35.418,1.58326,1.58355,2.25,2.44
2011.01.14 02:44:36.981,1.58322,1.58344,1.50,1.77
2011.01.14 02:44:37.554,1.58322,1.58344,1.50,1.77
2011.01.14 02:44:40.379,1.58319,1.58344,2.25,2.44
2011.01.14 02:44:40.709,1.58318,1.58344,3.00,2.44
2011.01.14 02:44:41.401,1.58315,1.58341,1.50,1.32
2011.01.14 02:44:41.526,1.58314,1.58341,2.25,2.82
2011.01.14 02:44:49.380,1.58315,1.5834,1.50,3.96
2011.01.14 02:44:50.079,1.58311,1.5833,1.50,1.69
2011.01.14 02:44:50.198,1.58311,1.58339,1.50,2.44
2011.01.14 02:44:57.148,1.58313,1.58339,1.13,1.69
2011.01.14 02:45:20.618,1.58313,1.58339,1.13,1.50
2011.01.14 02:45:20.742,1.58311,1.58338,3.00,2.07
2011.01.14 02:45:23.122,1.58311,1.58338,3.00,2.07
2011.01.14 02:45:23.349,1.58311,1.58338,4.50,1.69
2011.01.14 02:45:28.410,1.58314,1.58338,1.50,1.69
2011.01.14 02:45:42.392,1.58313,1.58338,1.13,1.69
2011.01.14 02:46:20.855,1.58313,1.58338,1.13,1.50
2011.01.14 02:46:23.999,1.58324,1.58345,1.13,1.50
2011.01.14 02:46:24.111,1.58324,1.58348,1.13,1.50
2011.01.14 02:46:24.224,1.58326,1.58348,1.50,1.50
2011.01.14 02:46:24.346,1.58326,1.58351,1.50,1.50
2011.01.14 02:46:24.683,1.58326,1.58352,2.25,1.50
2011.01.14 02:46:25.020,1.58326,1.58351,1.50,1.50
2011.01.14 02:46:25.595,1.58329,1.58355,1.13,1.50
2011.01.14 02:46:28.950,1.58329,1.58357,1.13,1.50
2011.01.14 02:46:29.280,1.58328,1.58357,2.25,1.50
2011.01.14 02:46:30.216,1.5833,1.58354,1.50,1.50
2011.01.14 02:46:30.912,1.5833,1.58356,1.50,2.07
2011.01.14 02:46:33.119,1.5833,1.58353,1.50,1.50
2011.01.14 02:46:34.609,1.5833,1.58355,1.50,1.50
2011.01.14 02:46:40.296,1.58328,1.58355,1.88,1.50
2011.01.14 02:46:42.832,1.58329,1.58355,1.13,3.00
2011.01.14 02:46:46.400,1.58332,1.58358,1.20,1.50
2011.01.14 02:47:10.710,1.58334,1.58358,1.32,1.50
2011.01.14 02:47:15.659,1.58334,1.58358,1.13,1.50
2011.01.14 02:47:16.854,1.58331,1.58358,3.08,1.50
2011.01.14 02:47:24.760,1.58331,1.58358,3.75,1.50
2011.01.14 02:47:25.424,1.58333,1.58362,1.35,1.88
2011.01.14 02:47:30.070,1.58335,1.58362,2.25,1.88
2011.01.14 02:47:30.728,1.58333,1.5836,2.70,1.50
2011.01.14 02:47:32.167,1.58333,1.58362,2.70,1.88
2011.01.14 02:47:32.289,1.58338,1.58362,1.13,1.50
2011.01.14 02:47:32.936,1.58338,1.58363,1.13,1.50
2011.01.14 02:47:35.661,1.58338,1.58363,1.13,1.50
2011.01.14 02:47:38.099,1.58338,1.58363,1.13,1.50
2011.01.14 02:47:38.879,1.58339,1.58363,1.50,1.50
2011.01.14 02:47:39.210,1.58339,1.58369,1.88,2.63
2011.01.14 02:47:40.200,1.58342,1.58369,2.07,1.50
2011.01.14 02:47:40.311,1.58342,1.58369,4.69,1.50
2011.01.14 02:47:40.640,1.58344,1.58371,1.13,2.25
2011.01.14 02:47:40.750,1.58342,1.58371,2.25,2.25
2011.01.14 02:47:45.229,1.58344,1.58371,1.50,3.38
2011.01.14 02:48:01.447,1.58317,1.58347,2.44,4.95
2011.01.14 02:48:02.055,1.58318,1.58348,3.45,1.58
2011.01.14 02:48:07.785,1.58322,1.58352,3.45,4.95
2011.01.14 02:48:08.375,1.58326,1.58356,3.45,4.95
2011.01.14 02:48:16.787,1.58328,1.58358,3.08,1.50
2011.01.14 02:48:17.334,1.58322,1.58352,3.27,4.95
2011.01.14 02:48:19.748,1.58315,1.58345,3.08,1.50
2011.01.14 02:48:21.058,1.58312,1.58342,3.19,1.50
2011.01.14 02:48:23.555,1.58313,1.58343,3.27,4.95
2011.01.14 02:48:27.346,1.58316,1.58344,2.44,4.95
2011.01.14 02:48:45.177,1.58317,1.58345,3.27,4.95
2011.01.14 02:48:49.296,1.58318,1.58346,2.33,1.88
2011.01.14 02:48:49.895,1.58317,1.58347,3.45,1.58
2011.01.14 02:48:59.215,1.58317,1.58347,2.33,1.88
2011.01.14 02:49:01.007,1.58344,1.58371,1.50,4.13
2011.01.14 02:49:07.381,1.58344,1.5837,1.50,1.50
2011.01.14 02:49:11.806,1.58344,1.58371,1.50,4.13
2011.01.14 02:49:14.738,1.58344,1.5837,1.50,1.50
2011.01.14 02:49:15.308,1.58344,1.58371,1.50,4.88
2011.01.14 02:49:25.558,1.58344,1.58371,1.50,3.38
2011.01.14 02:49:26.128,1.58344,1.58371,1.50,3.38
2011.01.14 02:49:26.239,1.58345,1.58371,1.50,2.63
2011.01.14 02:49:26.835,1.58347,1.58371,2.07,1.13
2011.01.14 02:49:27.170,1.58349,1.58373,2.82,1.13
2011.01.14 02:49:27.280,1.58349,1.58374,3.75,1.13
2011.01.14 02:49:29.158,1.58352,1.58373,2.07,1.13
2011.01.14 02:49:30.006,1.58352,1.58374,1.88,1.13
2011.01.14 02:49:31.043,1.58352,1.58374,1.50,1.13
2011.01.14 02:49:31.161,1.58347,1.58373,1.88,1.13
2011.01.14 02:49:32.681,1.58347,1.58373,2.07,1.32
2011.01.14 02:49:32.793,1.5835,1.58373,2.82,1.13
2011.01.14 02:49:33.385,1.5835,1.58377,2.82,1.69
2011.01.14 02:49:38.490,1.58352,1.58375,1.88,1.50
2011.01.14 02:49:43.511,1.58352,1.58373,1.50,1.50
2011.01.14 02:49:44.184,1.58347,1.58373,1.88,1.50
2011.01.14 02:49:46.313,1.58347,1.58371,2.07,1.50
2011.01.14 02:49:49.636,1.5835,1.58371,1.69,1.50
2011.01.14 02:49:49.751,1.5835,1.58376,1.69,1.50
2011.01.14 02:49:49.981,1.58352,1.58379,1.88,3.19
2011.01.14 02:49:50.881,1.58353,1.58378,2.63,1.50
2011.01.14 02:49:51.553,1.5836,1.58381,2.82,2.25
2011.01.14 02:49:51.679,1.58359,1.5838,1.50,2.44
2011.01.14 02:49:51.905,1.5836,1.58385,2.82,1.50
2011.01.14 02:49:52.025,1.58356,1.58382,1.80,1.69
2011.01.14 02:49:52.576,1.58356,1.5838,1.13,2.63
2011.01.14 02:49:52.921,1.58355,1.5838,1.69,1.50
2011.01.14 02:49:56.240,1.5836,1.5838,1.69,1.50
2011.01.14 02:49:56.896,1.58357,1.58384,2.07,2.07
2011.01.14 02:50:05.883,1.58328,1.58357,3.72,1.50
2011.01.14 02:50:07.817,1.58331,1.58361,1.32,3.00
2011.01.14 02:50:09.193,1.58333,1.58362,1.50,3.00
2011.01.14 02:50:17.360,1.58331,1.58361,1.50,1.95
2011.01.14 02:50:21.037,1.58332,1.58362,3.72,1.50
2011.01.14 02:50:52.244,1.58333,1.58365,1.50,2.33
2011.01.14 02:50:54.127,1.58337,1.58366,1.50,3.00
2011.01.14 02:50:55.056,1.58337,1.58369,3.72,1.50
2011.01.14 02:50:55.387,1.58342,1.58372,1.50,1.95
2011.01.14 02:51:53.072,1.58353,1.58379,2.07,1.69
2011.01.14 02:51:53.185,1.58353,1.58379,2.07,2.82
2011.01.14 02:51:56.494,1.58351,1.58373,1.69,1.50
2011.01.14 02:51:56.723,1.58344,1.58371,1.88,1.32
2011.01.14 02:51:56.841,1.58344,1.58371,1.88,1.32
2011.01.14 02:51:57.634,1.58344,1.58369,1.50,1.69
2011.01.14 02:51:57.755,1.58341,1.58369,3.00,1.69
2011.01.14 02:51:58.641,1.58341,1.58369,2.25,2.07
2011.01.14 02:51:59.388,1.58341,1.58366,1.50,1.32
2011.01.14 02:52:00.219,1.58338,1.58366,1.88,1.13
2011.01.14 02:52:02.980,1.58338,1.58366,2.25,2.63
2011.01.14 02:52:03.560,1.58339,1.58368,1.13,3.00
2011.01.14 02:52:04.224,1.5834,1.58366,1.50,1.69
2011.01.14 02:52:04.454,1.58331,1.5836,2.52,1.32
2011.01.14 02:52:05.038,1.58334,1.58359,1.69,1.50
2011.01.14 02:52:05.270,1.58335,1.58364,1.69,2.44
2011.01.14 02:52:05.972,1.5834,1.58364,4.69,2.25
2011.01.14 02:52:06.314,1.58339,1.58365,2.25,2.44
2011.01.14 02:52:06.431,1.58341,1.58366,1.69,1.13
2011.01.14 02:52:07.117,1.58345,1.58369,2.82,1.88
2011.01.14 02:52:07.236,1.58339,1.58367,5.63,1.50
2011.01.14 02:52:07.781,1.58345,1.58367,1.69,1.50
2011.01.14 02:52:08.000,1.58345,1.58374,1.69,3.75
2011.01.14 02:52:31.793,1.58348,1.58374,1.32,4.77
2011.01.14 02:52:32.132,1.5836,1.58375,1.69,1.88
2011.01.14 02:52:32.352,1.58353,1.58382,1.17,1.69
2011.01.14 02:52:32.902,1.58354,1.58382,1.50,2.44
2011.01.14 02:52:40.421,1.58351,1.58381,2.25,1.69
2011.01.14 02:52:58.140,1.58352,1.5838,2.82,2.25
2011.01.14 02:53:07.841,1.58352,1.5838,1.50,2.25
2011.01.14 02:53:07.952,1.58352,1.58374,1.50,1.50
2011.01.14 02:53:08.074,1.58344,1.58372,1.69,1.13
2011.01.14 02:53:13.229,1.58344,1.58371,1.69,1.13
2011.01.14 02:53:13.452,1.58337,1.58366,1.32,1.13
2011.01.14 02:53:14.182,1.58337,1.58364,1.32,1.50
2011.01.14 02:53:14.920,1.58338,1.58364,1.32,1.50
2011.01.14 02:53:32.493,1.58343,1.58364,1.13,1.50
2011.01.14 02:53:32.833,1.58363,1.58372,1.32,1.73
2011.01.14 02:53:32.955,1.58359,1.58372,1.13,1.73
2011.01.14 02:53:33.529,1.58359,1.58382,1.13,1.69
2011.01.14 02:53:33.648,1.58355,1.58383,2.44,2.25
2011.01.14 02:53:45.292,1.58358,1.58383,1.32,2.25
2011.01.14 02:54:09.016,1.58358,1.58383,1.32,2.33
2011.01.14 02:54:10.890,1.58358,1.58383,1.32,2.25
2011.01.14 02:54:11.459,1.58355,1.58382,1.50,2.44
2011.01.14 02:54:11.586,1.58352,1.5838,2.07,1.20
2011.01.14 02:54:11.941,1.58352,1.58379,2.07,1.58
2011.01.14 02:54:13.771,1.5834,1.58366,1.59,1.50
2011.01.14 02:54:13.887,1.58338,1.58365,1.77,1.13
2011.01.14 02:54:14.331,1.58337,1.58364,1.32,1.88
2011.01.14 02:54:16.692,1.58337,1.58364,1.32,2.25
2011.01.14 02:54:17.230,1.58338,1.58364,1.32,2.25
2011.01.14 02:54:19.364,1.58338,1.58364,1.32,6.45
2011.01.14 02:54:20.513,1.58338,1.58364,1.32,3.00
2011.01.14 02:54:20.741,1.58338,1.58364,1.32,2.63
2011.01.14 02:54:24.250,1.58336,1.58362,2.44,1.13
2011.01.14 02:54:24.819,1.58335,1.58364,1.69,1.88
2011.01.14 02:54:38.221,1.58338,1.58364,1.32,1.88
2011.01.14 02:54:38.977,1.58333,1.58362,1.32,1.69
2011.01.14 02:54:39.861,1.58332,1.5836,2.07,1.50
2011.01.14 02:54:41.864,1.58332,1.5836,2.07,2.63
2011.01.14 02:54:44.771,1.58332,1.5836,2.07,3.00
2011.01.14 02:54:53.987,1.58332,1.5836,6.27,3.00
2011.01.14 02:54:56.942,1.58332,1.5836,6.27,1.88
2011.01.14 02:54:58.782,1.58332,1.58359,1.58,1.50
2011.01.14 02:54:58.901,1.58332,1.58359,1.58,1.88
2011.01.14 02:54:59.340,1.58329,1.58359,1.58,1.88
2011.01.14 02:55:14.412,1.58326,1.58354,1.69,1.88
2011.01.14 02:55:14.523,1.58321,1.58331,1.13,1.69
2011.01.14 02:55:14.644,1.58314,1.58331,1.62,1.69
2011.01.14 02:55:14.764,1.58314,1.58329,1.50,1.50
2011.01.14 02:55:15.395,1.583,1.58323,1.50,1.88
2011.01.14 02:55:15.734,1.58306,1.58323,2.44,1.88
2011.01.14 02:55:15.852,1.58305,1.58323,2.44,1.50
2011.01.14 02:55:16.552,1.58299,1.58328,2.82,1.69
2011.01.14 02:55:16.674,1.58299,1.58324,2.44,1.88
2011.01.14 02:55:17.492,1.58306,1.58324,2.07,1.88
2011.01.14 02:55:17.724,1.5831,1.58328,1.88,1.50
2011.01.14 02:55:17.952,1.58312,1.58332,1.50,1.50
2011.01.14 02:55:18.512,1.58312,1.58335,1.13,1.50
2011.01.14 02:55:28.893,1.58309,1.58338,1.32,1.73
2011.01.14 02:55:33.983,1.5831,1.58338,2.25,1.50
2011.01.14 02:55:34.431,1.5831,1.58338,2.25,1.58
2011.01.14 02:56:02.853,1.5831,1.58338,2.25,1.50
2011.01.14 02:56:05.131,1.5831,1.58338,2.25,1.88
2011.01.14 02:56:07.247,1.5831,1.58338,2.25,3.38
2011.01.14 02:56:07.581,1.5831,1.58332,1.50,3.00
2011.01.14 02:56:07.955,1.58311,1.58332,2.85,3.00
2011.01.14 02:56:08.076,1.58315,1.58332,1.69,2.25
2011.01.14 02:56:09.058,1.58318,1.58336,1.13,1.88
2011.01.14 02:56:09.183,1.58326,1.5834,1.50,1.88
2011.01.14 02:56:09.304,1.58329,1.5834,1.13,1.50
2011.01.14 02:56:09.423,1.58332,1.58349,1.32,1.50
2011.01.14 02:56:10.487,1.58332,1.58354,1.32,4.58
2011.01.14 02:56:10.932,1.58332,1.58354,1.32,2.25
2011.01.14 02:56:11.165,1.58332,1.58354,1.32,1.88
2011.01.14 02:56:11.834,1.58332,1.58354,1.32,1.88
2011.01.14 02:56:14.652,1.58332,1.58357,1.32,2.70
2011.01.14 02:56:14.772,1.58332,1.58357,1.32,3.08
2011.01.14 02:56:15.334,1.58329,1.58353,1.88,1.69
2011.01.14 02:56:16.153,1.58323,1.5835,1.50,2.25
2011.01.14 02:56:16.821,1.58321,1.5835,1.50,2.25
2011.01.14 02:56:19.593,1.58321,1.58349,1.50,2.25
2011.01.14 02:56:20.271,1.58319,1.58344,1.50,1.88
2011.01.14 02:56:20.384,1.58316,1.58344,2.25,1.88
2011.01.14 02:56:20.503,1.58317,1.58345,1.13,3.38
2011.01.14 02:56:20.733,1.58317,1.58344,1.13,2.25
2011.01.14 02:56:20.852,1.58317,1.58344,1.13,1.88
2011.01.14 02:56:21.803,1.58317,1.58344,1.13,1.88
2011.01.14 02:56:22.951,1.58316,1.58344,3.00,2.63
2011.01.14 02:56:25.683,1.58316,1.58344,1.50,3.75
2011.01.14 02:56:26.021,1.58314,1.58341,1.50,1.13
2011.01.14 02:56:26.716,1.58313,1.5834,2.44,1.13
2011.01.14 02:56:26.953,1.58313,1.58339,2.07,1.13
2011.01.14 02:56:28.947,1.58313,1.58338,2.07,6.60
2011.01.14 02:56:28.973,1.58313,1.58338,2.07,6.60
2011.01.14 02:56:29.098,1.58313,1.58337,2.07,2.85
2011.01.14 02:56:29.434,1.58313,1.58337,1.69,2.85
2011.01.14 02:56:30.434,1.58309,1.58334,2.82,2.63
2011.01.14 02:56:30.780,1.58304,1.58332,1.69,2.25
2011.01.14 02:56:31.111,1.58304,1.58332,2.44,2.25
2011.01.14 02:56:31.220,1.58304,1.58332,2.44,2.25
2011.01.14 02:56:40.946,1.58303,1.58329,1.32,1.50
2011.01.14 02:56:46.054,1.58303,1.58325,1.32,1.50
2011.01.14 02:56:46.173,1.58301,1.58325,2.25,1.50
2011.01.14 02:56:46.719,1.58301,1.58325,1.50,1.50
2011.01.14 02:56:46.852,1.58299,1.5832,2.44,3.00
2011.01.14 02:56:48.864,1.58299,1.5832,2.44,2.63
2011.01.14 02:56:49.093,1.58299,1.58327,2.44,14.89
2011.01.14 02:56:49.846,1.58299,1.58327,2.44,6.08
2011.01.14 02:56:50.402,1.58299,1.58327,1.69,6.08
2011.01.14 02:56:50.512,1.58299,1.58327,1.69,6.08
2011.01.14 02:56:51.652,1.58298,1.58325,1.13,1.95
2011.01.14 02:56:53.012,1.58298,1.58325,1.13,1.88
2011.01.14 02:56:53.753,1.58298,1.58325,1.13,1.88
2011.01.14 02:56:54.162,1.58297,1.58325,1.88,2.25
2011.01.14 02:57:00.827,1.58297,1.5832,1.88,2.63
2011.01.14 02:57:01.271,1.58297,1.5832,1.88,3.00
2011.01.14 02:57:02.544,1.58297,1.5832,1.88,2.25
2011.01.14 02:57:02.890,1.58298,1.58325,1.13,2.33
2011.01.14 02:57:05.060,1.58297,1.5832,1.88,2.25
2011.01.14 02:57:05.803,1.58293,1.5832,2.29,2.63
2011.01.14 02:57:06.144,1.58294,1.5832,1.17,1.88
2011.01.14 02:57:06.265,1.58296,1.5832,1.50,1.50
2011.01.14 02:57:06.856,1.58298,1.5832,1.13,1.50
2011.01.14 02:57:08.264,1.58294,1.5832,1.17,1.50
2011.01.14 02:58:08.163,1.58292,1.5832,2.37,1.50
2011.01.14 02:58:15.440,1.58294,1.5832,1.24,1.50
2011.01.14 02:58:15.773,1.58299,1.5832,1.13,1.50
2011.01.14 02:58:16.223,1.58303,1.58323,1.50,1.50
2011.01.14 02:58:17.065,1.58304,1.58326,2.29,1.50
2011.01.14 02:58:17.188,1.58308,1.58326,1.13,1.50
2011.01.14 02:58:18.241,1.58306,1.58326,1.50,1.50
2011.01.14 02:58:18.464,1.58306,1.58329,1.50,1.50
2011.01.14 02:58:20.321,1.58306,1.58331,1.50,1.50
2011.01.14 02:58:24.900,1.58308,1.58331,1.13,1.50
2011.01.14 02:58:30.250,1.58308,1.58334,1.13,1.50
2011.01.14 02:58:31.503,1.58308,1.58334,1.13,1.50
2011.01.14 02:58:31.842,1.58316,1.58341,1.69,2.63
2011.01.14 02:58:31.952,1.58319,1.58347,1.13,2.25
2011.01.14 02:58:32.062,1.58319,1.58347,1.13,2.25
2011.01.14 02:58:43.081,1.58319,1.58349,2.63,3.00
2011.01.14 02:58:59.360,1.58321,1.58347,2.25,2.44
2011.01.14 02:59:01.181,1.58321,1.58347,2.25,2.33
2011.01.14 02:59:02.732,1.58321,1.58348,2.25,1.50
2011.01.14 02:59:07.201,1.58321,1.58349,2.25,2.25
2011.01.14 02:59:23.871,1.58324,1.58349,1.13,1.50
2011.01.14 02:59:23.982,1.58324,1.58351,1.13,1.50
2011.01.14 02:59:25.003,1.58324,1.58353,1.13,1.50
2011.01.14 02:59:53.291,1.58325,1.58353,1.50,1.69
2011.01.14 02:59:53.772,1.58325,1.58353,1.50,1.69
2011.01.14 02:59:53.891,1.58312,1.58339,1.50,1.50
2011.01.14 02:59:54.921,1.58311,1.58339,1.50,1.50
2011.01.14 02:59:54.939,1.58309,1.58339,1.50,3.00
2011.01.14 02:59:57.249,1.58307,1.58336,1.13,1.88
2011.01.14 02:59:57.362,1.58307,1.58334,1.13,1.50
