2010.01.11 07:00:00.575,1.60725,1.60755,7.20,1.00
2010.01.11 07:00:00.865,1.60725,1.60755,7.40,1.00
2010.01.11 07:00:01.095,1.6073,1.60755,1.00,1.00
2010.01.11 07:00:05.434,1.60725,1.60755,8.20,1.00
2010.01.11 07:00:05.724,1.60725,1.60755,5.40,1.00
2010.01.11 07:00:06.064,1.60735,1.60755,1.60,1.00
2010.01.11 07:00:17.771,1.60735,1.60755,3.20,1.00
2010.01.11 07:00:18.941,1.60735,1.60755,1.60,1.00
2010.01.11 07:00:21.120,1.60735,1.60755,1.60,1.00
2010.01.11 07:00:21.290,1.6074,1.60765,2.50,1.00
2010.01.11 07:00:21.460,1.60745,1.60765,2.50,1.00
2010.01.11 07:00:21.680,1.60745,1.6077,2.50,1.00
2010.01.11 07:00:22.040,1.60745,1.6078,2.50,12.40
2010.01.11 07:00:23.660,1.60745,1.6078,2.50,12.80
2010.01.11 07:00:23.830,1.60745,1.60775,2.50,1.60
2010.01.11 07:00:24.189,1.60745,1.6078,4.50,9.60
2010.01.11 07:00:24.530,1.6075,1.6078,3.30,2.80
2010.01.11 07:00:24.879,1.6075,1.6078,3.30,1.20
2010.01.11 07:00:26.039,1.6075,1.6078,3.30,1.00
2010.01.11 07:00:26.679,1.60755,1.6078,1.00,1.00
2010.01.11 07:00:27.429,1.6075,1.6078,4.90,1.00
2010.01.11 07:00:29.578,1.60755,1.6078,1.70,4.50
2010.01.11 07:00:29.938,1.60755,1.6078,1.00,4.50
2010.01.11 07:00:30.718,1.60755,1.6078,1.00,4.60
2010.01.11 07:00:30.958,1.60755,1.6078,1.00,4.80
2010.01.11 07:00:31.727,1.6075,1.6078,3.30,6.50
2010.01.11 07:00:32.078,1.6075,1.6078,3.30,4.10
2010.01.11 07:00:33.527,1.6075,1.60775,3.30,2.40
2010.01.11 07:00:33.697,1.6075,1.6078,2.50,6.50
2010.01.11 07:00:33.917,1.6075,1.6078,2.50,4.10
2010.01.11 07:00:38.436,1.6075,1.6077,2.50,1.60
2010.01.11 07:00:38.656,1.6075,1.6077,1.00,1.60
2010.01.11 07:00:38.876,1.6075,1.6078,1.00,8.50
2010.01.11 07:00:39.406,1.6075,1.6078,2.50,8.50
2010.01.11 07:00:41.226,1.6075,1.6078,2.50,6.90
2010.01.11 07:00:41.865,1.6075,1.6078,2.50,4.50
2010.01.11 07:00:42.575,1.6075,1.6078,4.10,4.40
2010.01.11 07:00:42.915,1.6075,1.6078,5.70,3.90
2010.01.11 07:00:43.145,1.60755,1.6078,1.00,2.30
2010.01.11 07:00:43.665,1.60755,1.6078,2.50,2.30
2010.01.11 07:00:43.895,1.60755,1.6078,3.70,1.60
2010.01.11 07:00:44.015,1.6076,1.60785,1.00,3.20
2010.01.11 07:00:44.345,1.60755,1.6079,10.70,1.00
2010.01.11 07:00:44.685,1.60765,1.6079,2.50,1.00
2010.01.11 07:00:45.075,1.60765,1.60795,2.70,5.60
2010.01.11 07:00:45.775,1.60765,1.60795,2.90,5.60
2010.01.11 07:00:46.124,1.6077,1.608,1.60,7.60
2010.01.11 07:00:46.304,1.6077,1.608,4.80,4.40
2010.01.11 07:00:46.414,1.6077,1.608,5.60,4.40
2010.01.11 07:00:46.694,1.6077,1.608,5.60,4.00
2010.01.11 07:00:47.514,1.6077,1.608,3.30,4.00
2010.01.11 07:00:47.924,1.6077,1.608,3.30,4.00
2010.01.11 07:00:48.274,1.6077,1.608,4.90,4.00
2010.01.11 07:00:49.743,1.6077,1.608,4.90,4.00
2010.01.11 07:00:50.093,1.6077,1.608,4.90,5.00
2010.01.11 07:00:50.443,1.6077,1.608,3.30,5.00
2010.01.11 07:00:50.733,1.6077,1.608,4.90,5.00
2010.01.11 07:00:50.973,1.6077,1.608,4.90,6.50
2010.01.11 07:00:51.313,1.6077,1.608,3.30,8.90
2010.01.11 07:00:51.826,1.6077,1.608,3.30,6.50
2010.01.11 07:00:52.612,1.6077,1.608,3.30,5.00
2010.01.11 07:00:58.891,1.6077,1.608,2.50,4.70
2010.01.11 07:01:00.590,1.6077,1.608,2.50,4.40
2010.01.11 07:01:03.570,1.6077,1.608,4.10,2.00
2010.01.11 07:01:04.100,1.60775,1.608,1.00,1.60
2010.01.11 07:01:05.369,1.60775,1.608,1.00,1.60
2010.01.11 07:01:05.719,1.60775,1.608,1.10,1.60
2010.01.11 07:01:06.769,1.60775,1.608,1.30,1.60
2010.01.11 07:01:11.708,1.60765,1.6079,8.50,1.60
2010.01.11 07:01:11.868,1.60765,1.60785,8.50,1.00
2010.01.11 07:01:11.928,1.60765,1.60785,8.20,1.00
2010.01.11 07:01:12.677,1.60765,1.60785,8.90,1.00
2010.01.11 07:01:13.418,1.60765,1.60785,8.10,1.00
2010.01.11 07:01:13.657,1.60765,1.60785,7.30,1.00
2010.01.11 07:01:14.667,1.60765,1.60785,8.10,1.00
2010.01.11 07:01:19.726,1.60765,1.60785,7.30,1.00
2010.01.11 07:01:20.066,1.60765,1.6078,1.00,1.00
2010.01.11 07:01:20.456,1.6076,1.6078,2.50,1.80
2010.01.11 07:01:20.736,1.60755,1.60775,1.60,1.60
2010.01.11 07:01:21.016,1.60745,1.6077,6.10,1.60
2010.01.11 07:01:21.246,1.60745,1.6077,2.00,1.60
2010.01.11 07:01:21.535,1.6074,1.6077,4.10,4.80
2010.01.11 07:01:22.885,1.6074,1.6077,4.10,4.80
2010.01.11 07:01:23.225,1.6074,1.6077,3.20,4.80
2010.01.11 07:01:27.924,1.6074,1.6077,3.20,5.10
2010.01.11 07:01:42.201,1.6074,1.6077,3.20,5.30
2010.01.11 07:01:42.780,1.6074,1.60765,3.20,1.60
2010.01.11 07:01:43.071,1.6074,1.60765,1.60,1.60
2010.01.11 07:02:06.595,1.60735,1.60765,11.30,3.20
2010.01.11 07:02:06.895,1.60735,1.60765,11.70,3.20
2010.01.11 07:02:07.115,1.6074,1.60765,1.60,1.60
2010.01.11 07:02:08.854,1.6074,1.60765,1.60,1.60
2010.01.11 07:02:10.114,1.6074,1.60765,1.60,1.60
2010.01.11 07:02:26.840,1.6074,1.60765,1.60,1.60
2010.01.11 07:02:37.927,1.6074,1.60765,1.60,1.60
2010.01.11 07:03:01.621,1.60745,1.6077,1.00,3.20
2010.01.11 07:03:01.681,1.6074,1.6077,2.50,4.80
2010.01.11 07:03:01.801,1.6074,1.6077,1.60,7.20
2010.01.11 07:03:02.031,1.6074,1.6077,1.60,4.80
2010.01.11 07:03:05.910,1.6074,1.6077,1.60,6.90
2010.01.11 07:03:06.380,1.6074,1.6077,1.60,5.30
2010.01.11 07:03:31.674,1.6074,1.6077,1.60,5.50
2010.01.11 07:03:31.794,1.60745,1.6077,1.00,5.50
2010.01.11 07:03:31.914,1.6074,1.6077,7.20,3.90
2010.01.11 07:03:32.784,1.60745,1.6077,2.00,3.90
2010.01.11 07:03:33.894,1.60745,1.6076,2.00,1.00
2010.01.11 07:03:34.134,1.6074,1.6076,6.40,1.00
2010.01.11 07:03:34.314,1.6074,1.60765,1.60,1.60
2010.01.11 07:03:38.693,1.6074,1.60765,1.60,2.00
2010.01.11 07:03:39.093,1.60735,1.60765,9.70,4.30
2010.01.11 07:03:39.442,1.60735,1.60765,8.10,5.90
2010.01.11 07:03:39.782,1.60735,1.6076,8.50,2.30
2010.01.11 07:03:40.812,1.60735,1.6076,8.50,2.40
2010.01.11 07:03:46.331,1.60735,1.6076,4.50,2.60
2010.01.11 07:03:47.540,1.60735,1.60755,1.30,1.60
2010.01.11 07:03:47.761,1.6073,1.6075,4.40,1.60
2010.01.11 07:03:47.990,1.6073,1.6074,1.00,1.00
2010.01.11 07:03:48.330,1.6073,1.6075,2.00,2.30
2010.01.11 07:03:48.680,1.60725,1.60745,1.60,1.00
2010.01.11 07:03:49.001,1.60725,1.6075,2.50,1.90
2010.01.11 07:03:50.000,1.60725,1.6075,2.50,1.90
2010.01.11 07:03:50.680,1.60725,1.60745,1.00,1.60
2010.01.11 07:03:51.809,1.6072,1.60745,8.90,1.60
2010.01.11 07:03:51.919,1.6072,1.60745,8.90,1.60
2010.01.11 07:03:53.149,1.6072,1.60745,8.90,1.60
2010.01.11 07:03:56.858,1.6072,1.6074,8.90,1.00
2010.01.11 07:03:57.028,1.6072,1.6074,6.50,1.00
2010.01.11 07:04:01.418,1.6072,1.6074,2.50,1.60
2010.01.11 07:04:01.587,1.6072,1.6074,2.50,1.60
2010.01.11 07:04:01.768,1.6072,1.6074,2.50,2.40
2010.01.11 07:04:01.827,1.6072,1.6074,1.00,2.40
2010.01.11 07:04:02.237,1.6072,1.6074,1.00,2.30
2010.01.11 07:04:02.357,1.6072,1.6074,2.50,1.00
2010.01.11 07:04:02.807,1.6072,1.60745,2.50,2.00
2010.01.11 07:04:05.566,1.6072,1.6074,1.00,2.40
2010.01.11 07:04:05.856,1.6072,1.6074,1.00,1.60
2010.01.11 07:04:06.096,1.6072,1.60745,2.50,2.00
2010.01.11 07:04:06.846,1.6072,1.60745,2.50,2.00
2010.01.11 07:04:17.874,1.6072,1.6074,2.50,1.00
2010.01.11 07:04:19.264,1.6072,1.60745,2.50,2.00
2010.01.11 07:04:20.403,1.6072,1.6074,1.00,2.40
2010.01.11 07:04:22.213,1.6072,1.6074,1.00,2.30
2010.01.11 07:04:22.433,1.6072,1.60745,2.50,2.00
2010.01.11 07:04:23.822,1.6072,1.6074,2.50,1.00
2010.01.11 07:04:26.382,1.6072,1.6074,4.10,1.00
2010.01.11 07:04:26.892,1.6072,1.6074,2.50,1.00
2010.01.11 07:04:32.540,1.60715,1.6074,7.30,2.80
2010.01.11 07:04:32.830,1.6072,1.6074,3.20,1.00
2010.01.11 07:04:33.160,1.6072,1.6074,4.10,1.00
2010.01.11 07:04:39.769,1.6072,1.6074,2.50,1.00
2010.01.11 07:04:44.938,1.6072,1.60745,2.50,2.00
2010.01.11 07:04:56.464,1.6072,1.60745,3.30,2.00
2010.01.11 07:04:56.805,1.6072,1.60745,5.30,2.00
2010.01.11 07:04:57.844,1.60725,1.60745,1.00,2.00
2010.01.11 07:05:01.133,1.6072,1.60745,6.10,2.00
2010.01.11 07:05:01.413,1.60725,1.60745,1.00,2.00
2010.01.11 07:05:01.763,1.60725,1.60745,2.10,1.60
2010.01.11 07:05:02.043,1.60735,1.60755,2.00,1.00
2010.01.11 07:05:02.493,1.60735,1.6076,2.20,4.00
2010.01.11 07:05:02.843,1.60735,1.60765,3.40,7.20
2010.01.11 07:05:03.143,1.60735,1.60765,3.30,7.20
2010.01.11 07:05:04.742,1.60735,1.60765,3.30,4.80
2010.01.11 07:05:05.972,1.60735,1.60765,3.40,4.80
2010.01.11 07:05:06.552,1.60735,1.60765,5.00,4.80
2010.01.11 07:05:08.012,1.60735,1.60765,4.60,6.40
2010.01.11 07:05:08.191,1.60735,1.60765,2.80,6.40
2010.01.11 07:05:08.362,1.60735,1.60765,2.80,7.20
2010.01.11 07:05:09.181,1.60735,1.60765,2.10,7.20
2010.01.11 07:05:10.851,1.60735,1.60765,2.50,7.20
2010.01.11 07:05:12.351,1.60735,1.60765,2.80,7.20
2010.01.11 07:05:13.630,1.60735,1.60765,4.10,7.20
2010.01.11 07:05:14.430,1.60735,1.60765,4.00,7.20
2010.01.11 07:05:14.600,1.60735,1.60765,3.60,7.20
2010.01.11 07:05:14.720,1.60735,1.60765,3.10,7.20
2010.01.11 07:05:14.890,1.60735,1.60765,2.70,7.20
2010.01.11 07:05:15.300,1.60735,1.60765,2.70,5.60
2010.01.11 07:05:16.280,1.60755,1.60765,1.00,1.60
2010.01.11 07:05:16.520,1.60755,1.60775,3.20,6.50
2010.01.11 07:05:16.750,1.60755,1.60775,3.10,1.60
2010.01.11 07:05:16.929,1.6076,1.6078,1.60,4.80
2010.01.11 07:05:17.159,1.6076,1.6078,1.60,1.60
2010.01.11 07:05:17.550,1.60755,1.6078,3.20,3.20
2010.01.11 07:05:17.879,1.60755,1.6078,2.70,3.20
2010.01.11 07:05:18.239,1.60755,1.6078,2.80,1.60
2010.01.11 07:05:18.409,1.6076,1.6078,1.60,1.60
2010.01.11 07:05:18.749,1.6076,1.60785,1.60,3.20
2010.01.11 07:05:18.929,1.6076,1.6079,2.50,4.80
2010.01.11 07:05:19.099,1.6077,1.60795,1.60,10.40
2010.01.11 07:05:19.389,1.6077,1.60795,1.60,4.80
2010.01.11 07:05:21.158,1.6077,1.60795,1.60,3.20
2010.01.11 07:05:21.508,1.6077,1.60795,2.50,1.60
2010.01.11 07:05:21.888,1.6077,1.60795,1.60,1.60
2010.01.11 07:05:22.238,1.6078,1.60795,1.60,1.60
2010.01.11 07:05:22.578,1.6077,1.60795,1.60,1.60
2010.01.11 07:05:23.948,1.6077,1.60795,1.60,3.20
2010.01.11 07:05:24.068,1.6077,1.60795,1.60,4.80
2010.01.11 07:05:24.878,1.6077,1.60795,1.60,3.20
2010.01.11 07:05:25.227,1.6077,1.60795,1.60,1.60
2010.01.11 07:05:25.917,1.60775,1.60795,1.00,1.60
2010.01.11 07:05:26.307,1.6078,1.608,1.60,4.80
2010.01.11 07:05:26.657,1.6078,1.608,1.60,3.20
2010.01.11 07:05:28.877,1.6078,1.608,1.60,1.60
2010.01.11 07:05:32.256,1.60785,1.60805,1.00,1.00
2010.01.11 07:05:32.436,1.6078,1.60805,1.60,1.60
2010.01.11 07:05:32.656,1.6078,1.60805,1.60,4.00
2010.01.11 07:05:32.835,1.6078,1.60805,1.60,7.20
2010.01.11 07:05:33.056,1.6078,1.60805,1.60,9.60
2010.01.11 07:05:33.625,1.6078,1.60805,1.60,8.00
2010.01.11 07:05:33.925,1.6078,1.60805,1.60,10.40
2010.01.11 07:05:34.156,1.6078,1.60805,1.60,5.60
2010.01.11 07:05:34.905,1.6077,1.60805,5.70,12.00
2010.01.11 07:05:35.245,1.6077,1.608,5.70,6.40
2010.01.11 07:05:35.825,1.60775,1.608,1.00,6.40
2010.01.11 07:05:36.175,1.60775,1.608,1.00,6.40
2010.01.11 07:05:37.325,1.60775,1.608,1.00,6.40
2010.01.11 07:05:37.504,1.6077,1.608,5.70,6.40
2010.01.11 07:05:39.384,1.6077,1.608,5.70,8.00
2010.01.11 07:05:39.654,1.6077,1.608,5.70,5.60
2010.01.11 07:05:40.004,1.6077,1.608,5.70,8.00
2010.01.11 07:05:40.354,1.6077,1.608,5.70,3.20
2010.01.11 07:05:42.543,1.6077,1.608,5.70,5.60
2010.01.11 07:05:42.603,1.6077,1.608,5.70,8.00
2010.01.11 07:05:43.243,1.6077,1.608,5.70,5.60
2010.01.11 07:05:44.023,1.6077,1.608,5.70,3.20
2010.01.11 07:05:44.363,1.6077,1.608,8.10,3.20
2010.01.11 07:05:44.583,1.6077,1.608,5.70,3.20
2010.01.11 07:05:45.143,1.60775,1.608,1.60,3.20
2010.01.11 07:05:45.443,1.60775,1.608,1.60,4.00
2010.01.11 07:05:45.802,1.6079,1.60805,1.60,5.60
2010.01.11 07:05:46.532,1.6079,1.60805,1.60,4.00
2010.01.11 07:06:00.849,1.60785,1.60805,2.30,4.00
2010.01.11 07:06:01.479,1.6079,1.60805,1.60,4.00
2010.01.11 07:06:01.759,1.6079,1.60805,1.60,10.40
2010.01.11 07:06:02.089,1.60785,1.60805,1.10,12.00
2010.01.11 07:06:02.369,1.60785,1.608,1.00,2.40
2010.01.11 07:06:02.658,1.6078,1.60805,5.70,8.00
2010.01.11 07:06:02.929,1.6078,1.60805,3.10,6.10
2010.01.11 07:06:03.268,1.6078,1.60805,1.60,15.70
2010.01.11 07:06:03.548,1.6078,1.60805,1.60,13.30
2010.01.11 07:06:03.668,1.6078,1.60805,1.60,11.00
2010.01.11 07:06:03.788,1.6078,1.60805,1.60,10.90
2010.01.11 07:06:03.958,1.6078,1.60805,2.70,15.20
2010.01.11 07:06:04.758,1.6078,1.60805,1.60,14.10
2010.01.11 07:06:05.048,1.6078,1.60805,1.60,11.70
2010.01.11 07:06:05.328,1.6078,1.60805,1.60,10.90
2010.01.11 07:06:05.958,1.6078,1.60805,1.60,11.00
2010.01.11 07:06:06.598,1.6078,1.60805,3.20,9.40
2010.01.11 07:06:06.818,1.6078,1.60805,3.20,7.70
2010.01.11 07:06:07.108,1.6078,1.60805,3.20,10.10
2010.01.11 07:06:07.707,1.6078,1.60805,3.20,12.50
2010.01.11 07:06:08.057,1.6078,1.608,3.20,2.40
2010.01.11 07:06:08.407,1.6078,1.60805,3.20,12.50
2010.01.11 07:06:08.937,1.60785,1.60805,1.00,12.50
2010.01.11 07:06:09.057,1.60785,1.60805,1.00,6.10
2010.01.11 07:06:09.907,1.60785,1.60805,1.00,8.50
2010.01.11 07:06:10.607,1.60785,1.60805,2.50,6.40
2010.01.11 07:06:10.947,1.60785,1.60805,6.60,4.00
2010.01.11 07:06:11.236,1.60795,1.60815,1.60,3.30
2010.01.11 07:06:11.577,1.608,1.60815,2.60,2.40
2010.01.11 07:06:12.596,1.608,1.60815,3.50,2.40
2010.01.11 07:06:13.176,1.608,1.60815,2.60,2.40
2010.01.11 07:06:13.536,1.60805,1.60825,2.80,1.00
2010.01.11 07:06:13.836,1.60805,1.60825,3.90,1.00
2010.01.11 07:06:13.956,1.60805,1.60825,4.10,1.00
2010.01.11 07:06:14.686,1.60805,1.60825,4.70,1.00
2010.01.11 07:06:15.075,1.60805,1.60825,5.30,1.00
2010.01.11 07:06:16.475,1.60805,1.6083,7.70,1.00
2010.01.11 07:06:16.825,1.60815,1.60835,1.80,1.00
2010.01.11 07:06:17.105,1.6082,1.6084,1.60,4.00
2010.01.11 07:06:17.385,1.6082,1.6084,2.00,1.60
2010.01.11 07:06:17.655,1.60835,1.60845,1.00,3.20
2010.01.11 07:06:17.885,1.6084,1.6086,1.60,2.00
2010.01.11 07:06:18.285,1.6084,1.6087,1.60,3.60
2010.01.11 07:06:18.635,1.6084,1.6087,2.00,12.80
2010.01.11 07:06:18.975,1.60845,1.60865,1.00,1.60
2010.01.11 07:06:19.444,1.60855,1.60865,1.60,1.60
2010.01.11 07:06:19.685,1.60855,1.6087,1.60,5.60
2010.01.11 07:06:22.944,1.60855,1.60875,1.60,2.00
2010.01.11 07:06:23.184,1.60855,1.6088,1.60,3.20
2010.01.11 07:06:25.433,1.6086,1.6088,1.60,1.60
2010.01.11 07:06:25.783,1.6086,1.60885,1.60,4.80
2010.01.11 07:06:26.123,1.6086,1.60885,1.60,3.20
2010.01.11 07:06:26.773,1.60855,1.6088,4.90,1.60
2010.01.11 07:06:28.172,1.6086,1.60885,3.60,4.00
2010.01.11 07:06:28.462,1.6086,1.6088,1.40,1.60
2010.01.11 07:06:28.632,1.6086,1.6088,3.10,1.60
2010.01.11 07:06:30.712,1.6086,1.6088,1.00,1.60
2010.01.11 07:06:31.062,1.60855,1.6088,2.50,1.80
2010.01.11 07:06:31.402,1.60855,1.6088,1.60,4.90
2010.01.11 07:06:31.692,1.6085,1.6088,8.00,4.90
2010.01.11 07:06:32.032,1.6085,1.6088,6.40,4.90
2010.01.11 07:06:32.321,1.6085,1.6088,4.90,4.90
2010.01.11 07:06:33.831,1.60855,1.6088,1.60,3.30
2010.01.11 07:06:33.931,1.60855,1.6088,1.60,2.30
2010.01.11 07:06:34.161,1.6085,1.6088,6.80,3.20
2010.01.11 07:06:34.451,1.6085,1.6088,5.30,3.20
2010.01.11 07:06:34.571,1.60855,1.6088,1.60,1.60
2010.01.11 07:06:36.000,1.6085,1.6088,3.30,5.60
2010.01.11 07:06:36.350,1.60845,1.6088,7.70,8.00
2010.01.11 07:06:39.050,1.60845,1.60875,7.70,1.60
2010.01.11 07:06:39.100,1.60845,1.60875,7.30,1.60
2010.01.11 07:06:39.220,1.60845,1.60875,6.50,1.60
2010.01.11 07:06:40.689,1.60845,1.60875,6.50,1.60
2010.01.11 07:06:41.039,1.60845,1.60875,7.10,1.60
2010.01.11 07:06:42.119,1.60845,1.60875,7.70,1.60
2010.01.11 07:06:42.869,1.6084,1.60875,11.70,1.60
2010.01.11 07:06:43.209,1.60845,1.60875,8.10,1.60
2010.01.11 07:06:43.329,1.60855,1.6088,1.60,5.60
2010.01.11 07:06:44.368,1.6086,1.6088,1.60,4.00
2010.01.11 07:06:45.068,1.6086,1.6088,1.60,3.20
2010.01.11 07:06:46.778,1.6086,1.6088,1.60,3.20
2010.01.11 07:06:48.047,1.6086,1.6088,1.60,1.60
2010.01.11 07:06:52.666,1.60855,1.6088,1.60,3.70
2010.01.11 07:06:52.896,1.60855,1.6088,1.60,5.30
2010.01.11 07:06:53.116,1.6085,1.6087,3.30,1.60
2010.01.11 07:06:53.346,1.60845,1.6087,5.50,2.30
2010.01.11 07:06:53.586,1.60845,1.6087,2.80,3.90
2010.01.11 07:06:53.766,1.60855,1.60875,1.60,1.30
2010.01.11 07:06:53.936,1.60855,1.60875,1.60,1.60
2010.01.11 07:06:54.056,1.60855,1.6088,1.60,5.60
2010.01.11 07:06:54.236,1.60855,1.6088,1.60,9.40
2010.01.11 07:06:54.566,1.60855,1.6088,1.60,7.00
2010.01.11 07:06:58.325,1.60855,1.6088,1.60,5.60
2010.01.11 07:07:00.715,1.6085,1.6088,2.00,8.50
2010.01.11 07:07:01.115,1.6085,1.60875,1.60,1.60
2010.01.11 07:07:03.404,1.60855,1.60875,1.00,1.60
2010.01.11 07:07:08.643,1.60855,1.60875,2.40,1.60
2010.01.11 07:07:08.863,1.60855,1.60875,1.00,1.60
2010.01.11 07:07:08.913,1.60855,1.60875,1.00,1.60
2010.01.11 07:07:11.612,1.60855,1.60875,1.60,1.60
2010.01.11 07:07:11.662,1.60855,1.60875,2.40,1.60
2010.01.11 07:07:11.832,1.60855,1.60875,1.00,1.60
2010.01.11 07:07:11.892,1.60855,1.60875,2.40,1.60
2010.01.11 07:07:12.002,1.60855,1.60875,1.60,1.60
2010.01.11 07:07:12.052,1.60855,1.60875,1.00,1.60
2010.01.11 07:07:12.412,1.60855,1.60875,1.60,1.60
2010.01.11 07:07:12.472,1.60855,1.60875,1.00,1.60
2010.01.11 07:07:21.100,1.60855,1.6087,1.00,1.60
2010.01.11 07:07:21.449,1.6085,1.6087,1.00,8.80
2010.01.11 07:07:21.850,1.6085,1.6087,1.00,10.40
2010.01.11 07:07:22.190,1.6085,1.60865,1.00,1.00
2010.01.11 07:07:26.428,1.6085,1.60865,1.00,3.20
2010.01.11 07:07:26.718,1.60845,1.60865,1.00,3.20
2010.01.11 07:07:27.868,1.6084,1.60865,4.10,3.20
2010.01.11 07:07:27.988,1.6084,1.6086,4.10,1.60
2010.01.11 07:07:28.108,1.6084,1.6086,3.30,2.50
2010.01.11 07:07:28.218,1.6084,1.6086,1.00,3.30
2010.01.11 07:07:28.388,1.6084,1.6086,1.00,2.90
2010.01.11 07:07:28.558,1.6084,1.6086,1.00,2.30
2010.01.11 07:07:28.738,1.6084,1.6086,1.00,1.60
2010.01.11 07:07:29.138,1.6084,1.6086,1.00,1.60
2010.01.11 07:07:29.888,1.60845,1.6086,1.00,1.60
2010.01.11 07:07:32.517,1.60845,1.60865,1.00,3.20
2010.01.11 07:07:32.737,1.60845,1.60865,1.00,2.40
2010.01.11 07:07:32.967,1.60845,1.60865,2.40,7.20
2010.01.11 07:07:33.197,1.6085,1.60865,1.00,2.40
2010.01.11 07:07:45.494,1.6085,1.60865,1.00,2.40
2010.01.11 07:07:48.323,1.60855,1.60865,1.00,1.00
2010.01.11 07:07:48.563,1.60855,1.60875,1.20,4.80
2010.01.11 07:07:48.853,1.60855,1.60875,3.60,1.60
2010.01.11 07:07:49.083,1.60855,1.60875,1.20,1.60
2010.01.11 07:07:49.413,1.60855,1.60875,1.00,1.60
2010.01.11 07:07:50.343,1.60855,1.60875,1.00,1.60
2010.01.11 07:07:51.802,1.60855,1.6088,1.00,13.20
2010.01.11 07:07:57.431,1.60855,1.6088,1.20,13.20
2010.01.11 07:07:57.551,1.60855,1.6088,2.80,11.60
2010.01.11 07:07:57.781,1.6086,1.6088,1.00,11.60
2010.01.11 07:07:58.810,1.6086,1.6088,1.00,10.00
2010.01.11 07:07:58.990,1.6086,1.6088,1.00,10.00
2010.01.11 07:08:01.240,1.60855,1.60865,1.70,1.00
2010.01.11 07:08:01.590,1.60855,1.6087,1.00,1.70
2010.01.11 07:08:02.100,1.60855,1.6087,1.00,1.70
2010.01.11 07:08:02.220,1.60855,1.60865,1.00,1.00
2010.01.11 07:08:02.690,1.60855,1.6087,1.00,1.40
2010.01.11 07:08:04.149,1.60855,1.6087,1.00,1.50
2010.01.11 07:08:04.209,1.60855,1.60865,1.00,1.00
2010.01.11 07:08:04.429,1.60855,1.60865,1.00,1.00
2010.01.11 07:08:05.789,1.60855,1.6088,2.40,15.20
2010.01.11 07:08:06.139,1.60855,1.6088,2.40,10.40
2010.01.11 07:08:06.988,1.6086,1.6088,1.00,10.40
2010.01.11 07:08:07.678,1.6086,1.6088,1.00,8.60
2010.01.11 07:08:09.528,1.6086,1.6088,1.00,6.80
2010.01.11 07:08:09.698,1.6086,1.6088,2.80,5.20
2010.01.11 07:08:09.868,1.60865,1.6088,1.00,5.20
2010.01.11 07:08:10.048,1.60865,1.6089,2.60,4.00
2010.01.11 07:08:10.168,1.6087,1.6089,1.60,4.80
2010.01.11 07:08:10.868,1.6087,1.6089,1.60,3.20
2010.01.11 07:08:11.578,1.60875,1.6089,4.10,3.20
2010.01.11 07:08:11.927,1.60875,1.60905,8.40,8.00
2010.01.11 07:08:12.287,1.60885,1.60905,1.00,3.20
2010.01.11 07:08:12.737,1.6088,1.609,3.30,1.60
2010.01.11 07:08:13.097,1.60885,1.609,1.60,1.60
2010.01.11 07:08:13.427,1.60885,1.60905,1.60,3.60
2010.01.11 07:08:14.347,1.60885,1.60905,1.60,2.00
2010.01.11 07:08:14.567,1.60885,1.60905,1.60,3.20
2010.01.11 07:08:14.917,1.60885,1.60905,1.60,1.60
2010.01.11 07:08:17.966,1.6089,1.60905,1.00,1.60
2010.01.11 07:08:25.904,1.6089,1.60905,1.00,4.00
2010.01.11 07:08:26.254,1.6089,1.60905,1.00,1.60
2010.01.11 07:08:26.604,1.6089,1.6091,1.60,1.00
2010.01.11 07:08:26.844,1.609,1.6092,1.60,6.80
2010.01.11 07:08:27.124,1.609,1.6092,1.60,1.60
2010.01.11 07:08:28.053,1.609,1.6092,1.60,1.60
2010.01.11 07:08:28.353,1.609,1.6092,1.00,1.60
2010.01.11 07:08:28.694,1.609,1.6092,1.60,1.00
2010.01.11 07:08:28.813,1.609,1.6092,1.60,1.00
2010.01.11 07:08:30.003,1.60905,1.6092,1.00,1.00
2010.01.11 07:08:32.392,1.60905,1.60925,1.00,2.40
2010.01.11 07:08:34.122,1.60905,1.6093,1.60,6.80
2010.01.11 07:08:34.462,1.60905,1.60925,1.00,1.60
2010.01.11 07:08:34.812,1.60905,1.6093,3.20,1.00
2010.01.11 07:08:35.042,1.6091,1.60935,1.60,4.80
2010.01.11 07:08:35.402,1.6091,1.6093,3.20,1.60
2010.01.11 07:08:35.622,1.60915,1.6094,2.00,2.80
2010.01.11 07:08:35.912,1.60915,1.6094,2.00,1.60
2010.01.11 07:08:36.202,1.60915,1.6094,3.60,1.60
2010.01.11 07:08:37.001,1.60915,1.6094,5.50,1.60
2010.01.11 07:08:37.301,1.60915,1.6094,7.10,1.60
2010.01.11 07:08:39.291,1.60915,1.6094,7.20,1.70
2010.01.11 07:08:39.401,1.60915,1.6094,7.20,1.00
2010.01.11 07:08:40.970,1.60915,1.6094,7.10,1.00
2010.01.11 07:08:41.200,1.60915,1.6094,7.10,1.00
2010.01.11 07:08:41.550,1.60915,1.6094,7.60,1.00
2010.01.11 07:08:44.180,1.60915,1.6094,7.70,1.00
2010.01.11 07:08:44.749,1.60915,1.60945,7.60,2.80
2010.01.11 07:08:45.429,1.6092,1.60945,1.60,2.40
2010.01.11 07:08:46.129,1.6092,1.60945,1.60,2.40
2010.01.11 07:08:47.469,1.6092,1.60945,1.60,2.80
2010.01.11 07:08:47.819,1.6092,1.60945,3.20,2.40
2010.01.11 07:08:47.929,1.6092,1.60945,3.20,2.00
2010.01.11 07:08:48.588,1.6092,1.60945,3.20,2.40
2010.01.11 07:08:49.218,1.6092,1.60945,3.20,2.00
2010.01.11 07:08:51.578,1.6092,1.60945,3.20,1.00
2010.01.11 07:08:51.918,1.6092,1.60945,6.70,1.00
2010.01.11 07:08:52.258,1.60925,1.60945,3.20,1.00
2010.01.11 07:08:52.488,1.60925,1.60945,3.70,1.00
2010.01.11 07:08:52.728,1.6093,1.6095,1.60,2.70
2010.01.11 07:08:53.238,1.6093,1.6095,1.60,4.30
2010.01.11 07:08:53.627,1.6093,1.60945,1.60,1.00
2010.01.11 07:08:53.977,1.60925,1.6094,3.80,1.00
2010.01.11 07:08:54.317,1.6093,1.60945,1.00,1.00
2010.01.11 07:08:56.887,1.6092,1.60945,5.60,1.00
2010.01.11 07:08:58.126,1.60925,1.60945,4.00,2.40
2010.01.11 07:08:58.477,1.60925,1.60945,3.20,1.00
2010.01.11 07:08:58.776,1.60925,1.60945,1.60,3.70
2010.01.11 07:08:59.066,1.60925,1.60945,1.60,3.20
2010.01.11 07:08:59.566,1.60925,1.60945,1.60,3.20
2010.01.11 07:09:00.546,1.60925,1.60945,1.60,4.80
2010.01.11 07:09:04.465,1.60925,1.60945,3.20,1.00
2010.01.11 07:09:04.685,1.60925,1.60945,4.00,1.00
2010.01.11 07:09:05.375,1.60925,1.60945,4.00,1.00
2010.01.11 07:09:06.084,1.60925,1.60945,4.00,2.40
2010.01.11 07:09:06.434,1.60925,1.60945,4.00,2.00
2010.01.11 07:09:07.204,1.60925,1.60945,4.00,2.40
2010.01.11 07:09:08.374,1.60925,1.60945,4.00,2.40
2010.01.11 07:09:10.053,1.60925,1.60945,4.00,2.00
2010.01.11 07:09:12.763,1.6093,1.60945,1.60,2.00
2010.01.11 07:09:14.402,1.6093,1.60945,1.60,2.40
2010.01.11 07:09:15.502,1.6093,1.60945,3.20,2.00
2010.01.11 07:09:16.522,1.60935,1.6095,1.60,1.00
2010.01.11 07:09:16.862,1.60935,1.60955,3.20,1.60
2010.01.11 07:09:17.262,1.60935,1.60955,10.40,1.60
2010.01.11 07:09:17.552,1.60945,1.6096,1.60,1.00
2010.01.11 07:09:17.912,1.60945,1.60965,1.60,2.70
2010.01.11 07:09:18.251,1.6095,1.6097,1.60,1.60
2010.01.11 07:09:18.582,1.6095,1.6098,4.00,7.80
2010.01.11 07:09:19.041,1.6095,1.60975,4.00,1.60
2010.01.11 07:09:20.111,1.60955,1.6098,1.60,2.60
2010.01.11 07:09:20.451,1.60955,1.6098,4.00,2.30
2010.01.11 07:09:20.811,1.60955,1.6098,6.40,1.90
2010.01.11 07:09:21.514,1.60955,1.6098,10.40,1.00
2010.01.11 07:09:21.851,1.6096,1.6098,1.00,1.00
2010.01.11 07:09:22.840,1.6096,1.6098,1.60,1.00
2010.01.11 07:09:23.650,1.6097,1.6098,1.00,1.00
2010.01.11 07:09:24.000,1.6097,1.6099,1.00,4.00
2010.01.11 07:09:24.350,1.6097,1.6099,2.50,1.00
2010.01.11 07:09:24.570,1.6097,1.6099,7.30,1.60
2010.01.11 07:09:24.790,1.6097,1.61,8.80,4.40
2010.01.11 07:09:25.030,1.6097,1.61,8.00,4.40
2010.01.11 07:09:25.250,1.6097,1.61,8.00,6.00
2010.01.11 07:09:25.600,1.6098,1.61,7.20,1.00
2010.01.11 07:09:25.940,1.6098,1.61005,4.80,2.40
2010.01.11 07:09:26.289,1.6098,1.61005,4.80,1.60
2010.01.11 07:09:26.679,1.6098,1.61005,4.80,1.60
2010.01.11 07:09:27.369,1.60985,1.61005,1.60,1.60
2010.01.11 07:09:28.659,1.6099,1.6101,3.20,3.60
2010.01.11 07:09:28.879,1.6099,1.6101,2.50,1.00
2010.01.11 07:09:29.109,1.60985,1.6101,4.00,1.60
2010.01.11 07:09:29.399,1.60985,1.61015,6.40,1.00
2010.01.11 07:09:29.619,1.6099,1.61015,1.60,1.00
2010.01.11 07:09:29.979,1.6099,1.61005,3.20,1.00
2010.01.11 07:09:30.369,1.6099,1.61015,4.10,1.60
2010.01.11 07:09:31.008,1.6099,1.61015,4.20,1.60
2010.01.11 07:09:31.358,1.60995,1.61015,1.00,1.60
2010.01.11 07:09:31.708,1.60995,1.61015,4.00,3.20
2010.01.11 07:09:32.048,1.60995,1.6102,4.00,5.50
2010.01.11 07:09:32.328,1.6102,1.6103,1.60,1.60
2010.01.11 07:09:32.688,1.61025,1.61045,5.60,1.00
2010.01.11 07:09:32.978,1.6102,1.61045,9.60,1.00
2010.01.11 07:09:33.318,1.61025,1.61045,4.00,1.70
2010.01.11 07:09:33.648,1.6102,1.61045,4.10,1.70
2010.01.11 07:09:34.008,1.6102,1.61045,4.00,1.70
2010.01.11 07:09:34.517,1.6102,1.61035,4.00,1.00
2010.01.11 07:09:34.858,1.6102,1.6104,4.00,3.40
2010.01.11 07:09:35.187,1.61025,1.6104,1.60,3.40
2010.01.11 07:09:35.547,1.61025,1.6104,1.60,1.40
2010.01.11 07:09:35.937,1.6102,1.6104,1.60,1.40
2010.01.11 07:09:36.277,1.6102,1.6104,4.00,1.40
2010.01.11 07:09:36.617,1.6102,1.6104,5.60,1.40
2010.01.11 07:09:36.967,1.61025,1.6104,1.00,1.40
2010.01.11 07:09:37.307,1.61025,1.6104,1.60,1.40
2010.01.11 07:09:37.987,1.61025,1.6104,1.60,1.40
2010.01.11 07:09:38.656,1.6103,1.6104,1.60,1.00
2010.01.11 07:09:39.006,1.61035,1.6105,4.00,1.00
2010.01.11 07:09:39.386,1.6104,1.6106,1.00,2.00
2010.01.11 07:09:39.506,1.6103,1.6106,13.20,1.00
2010.01.11 07:09:39.676,1.61035,1.6106,5.60,1.00
2010.01.11 07:09:40.546,1.61035,1.6106,5.60,1.00
2010.01.11 07:09:40.896,1.6104,1.6106,1.70,1.00
2010.01.11 07:09:41.246,1.61045,1.61065,2.80,1.00
2010.01.11 07:09:41.586,1.61045,1.61065,1.70,1.20
2010.01.11 07:09:41.926,1.6104,1.61055,1.70,1.00
2010.01.11 07:09:42.806,1.6104,1.61055,1.70,1.00
2010.01.11 07:09:43.035,1.61035,1.6106,6.40,2.70
2010.01.11 07:09:43.265,1.61035,1.6106,5.80,1.00
2010.01.11 07:09:43.545,1.61035,1.6106,9.00,1.00
2010.01.11 07:09:43.835,1.61035,1.61065,5.10,4.40
2010.01.11 07:09:44.125,1.61035,1.61065,5.80,2.80
2010.01.11 07:09:44.405,1.61035,1.61065,5.80,2.40
2010.01.11 07:09:44.755,1.6104,1.61065,1.00,1.60
2010.01.11 07:09:44.935,1.61035,1.6106,5.10,1.00
2010.01.11 07:09:45.095,1.61035,1.6106,5.50,1.00
2010.01.11 07:09:46.015,1.61045,1.6106,1.00,1.00
2010.01.11 07:09:46.355,1.6104,1.6106,2.40,1.00
2010.01.11 07:09:46.635,1.61045,1.6106,1.00,1.00
2010.01.11 07:09:46.855,1.6104,1.6106,1.80,1.00
2010.01.11 07:09:47.075,1.6104,1.6106,1.00,1.00
2010.01.11 07:09:47.354,1.6104,1.6106,1.80,1.00
2010.01.11 07:09:47.704,1.61045,1.61065,1.80,1.60
2010.01.11 07:09:48.384,1.61045,1.61065,1.10,1.60
2010.01.11 07:09:48.724,1.6105,1.61065,1.60,1.60
2010.01.11 07:09:49.064,1.61055,1.61065,1.00,1.60
2010.01.11 07:09:49.354,1.6106,1.61065,1.00,1.60
2010.01.11 07:09:50.644,1.61055,1.61065,1.00,1.60
2010.01.11 07:09:51.343,1.6105,1.61065,1.70,2.00
2010.01.11 07:09:51.683,1.61045,1.6107,2.40,4.60
2010.01.11 07:09:54.823,1.6105,1.61065,1.60,2.40
2010.01.11 07:09:55.752,1.6105,1.6106,1.60,1.00
2010.01.11 07:09:56.092,1.61035,1.6106,4.40,1.00
2010.01.11 07:09:56.432,1.6103,1.6106,8.00,1.10
2010.01.11 07:09:56.772,1.6103,1.6106,4.40,6.70
2010.01.11 07:09:57.072,1.6103,1.6106,4.40,8.40
2010.01.11 07:09:58.122,1.61035,1.6105,1.60,1.00
2010.01.11 07:09:58.462,1.6103,1.6105,4.40,1.00
2010.01.11 07:09:59.091,1.61035,1.6105,1.60,1.00
2010.01.11 07:09:59.252,1.6104,1.61055,1.60,1.00
2010.01.11 07:09:59.771,1.6104,1.6106,1.60,3.90
2010.01.11 07:09:59.931,1.6104,1.6106,1.60,3.60
2010.01.11 07:10:00.331,1.61035,1.61055,1.60,1.00
2010.01.11 07:10:01.321,1.61045,1.6106,2.40,3.20
2010.01.11 07:10:01.681,1.6104,1.61065,1.60,1.60
2010.01.11 07:10:02.031,1.61055,1.6107,2.80,2.40
2010.01.11 07:10:02.351,1.61055,1.61075,2.80,4.80
2010.01.11 07:10:02.621,1.61055,1.61075,2.80,4.40
2010.01.11 07:10:02.920,1.61055,1.61075,2.80,4.00
2010.01.11 07:10:03.540,1.61055,1.61075,2.50,3.20
2010.01.11 07:10:04.371,1.61055,1.61075,2.60,1.60
2010.01.11 07:10:04.480,1.61055,1.6108,2.60,7.90
2010.01.11 07:10:04.870,1.61055,1.6108,4.20,4.70
2010.01.11 07:10:08.169,1.61065,1.6108,3.20,1.00
2010.01.11 07:10:08.709,1.61065,1.61085,2.40,1.40
2010.01.11 07:10:09.739,1.61065,1.61085,3.20,2.20
2010.01.11 07:10:14.328,1.61065,1.6108,5.60,1.00
2010.01.11 07:10:15.228,1.61065,1.61075,4.00,6.40
2010.01.11 07:10:15.448,1.6106,1.61085,3.40,8.60
2010.01.11 07:10:15.728,1.6106,1.61085,2.60,8.60
2010.01.11 07:10:16.077,1.6106,1.61085,2.60,8.80
2010.01.11 07:10:16.427,1.6106,1.61085,2.60,3.70
2010.01.11 07:10:16.777,1.6106,1.61085,4.20,3.90
2010.01.11 07:10:17.347,1.6106,1.61085,4.20,3.80
2010.01.11 07:10:17.807,1.6106,1.6108,4.10,1.00
2010.01.11 07:10:19.327,1.6106,1.6108,2.50,1.00
2010.01.11 07:10:19.557,1.6106,1.6108,1.60,1.00
2010.01.11 07:10:19.797,1.6106,1.6108,1.00,1.00
2010.01.11 07:10:19.967,1.61055,1.6108,5.70,1.00
2010.01.11 07:10:20.377,1.61055,1.61085,1.60,11.80
2010.01.11 07:10:20.716,1.6106,1.61085,1.60,14.00
2010.01.11 07:10:21.046,1.61055,1.61085,1.60,15.60
2010.01.11 07:10:21.386,1.61055,1.61085,1.60,15.60
2010.01.11 07:10:23.136,1.61055,1.61085,1.60,13.50
2010.01.11 07:10:23.476,1.61055,1.61085,1.60,13.50
2010.01.11 07:10:23.776,1.61055,1.61085,3.20,11.90
2010.01.11 07:10:24.126,1.61055,1.61085,4.80,11.90
2010.01.11 07:10:27.005,1.61055,1.6108,1.60,1.00
2010.01.11 07:10:28.334,1.61065,1.61085,1.60,5.50
2010.01.11 07:10:28.964,1.6106,1.61085,1.60,7.30
2010.01.11 07:10:29.264,1.61065,1.61085,1.60,7.30
2010.01.11 07:10:29.624,1.61065,1.6109,1.60,11.60
2010.01.11 07:10:29.734,1.61065,1.61085,1.60,2.00
2010.01.11 07:10:29.844,1.61065,1.61085,1.60,1.00
2010.01.11 07:10:32.234,1.61065,1.61085,1.60,1.00
2010.01.11 07:10:32.923,1.61065,1.6108,1.60,1.00
2010.01.11 07:10:34.993,1.61065,1.6109,1.60,14.00
2010.01.11 07:10:36.302,1.61065,1.61085,1.60,1.00
2010.01.11 07:10:36.642,1.61065,1.6108,1.60,1.00
2010.01.11 07:10:40.871,1.61065,1.61085,1.60,9.60
2010.01.11 07:10:41.201,1.61065,1.61085,1.60,6.00
2010.01.11 07:10:41.551,1.6106,1.6108,1.60,5.20
2010.01.11 07:10:41.822,1.61065,1.6108,1.60,6.50
2010.01.11 07:10:42.121,1.61065,1.6108,1.60,4.80
2010.01.11 07:10:42.971,1.61065,1.6108,1.60,2.40
2010.01.11 07:10:43.591,1.61065,1.6108,1.60,4.00
2010.01.11 07:10:43.951,1.61065,1.6108,1.60,3.60
2010.01.11 07:10:44.311,1.6106,1.6108,1.60,3.60
2010.01.11 07:10:48.070,1.6106,1.6108,1.60,5.20
2010.01.11 07:10:53.069,1.6106,1.61075,1.60,1.00
2010.01.11 07:10:53.239,1.61045,1.61075,5.90,9.30
2010.01.11 07:10:53.358,1.61045,1.61075,3.50,13.30
2010.01.11 07:10:53.539,1.61045,1.61075,2.30,14.30
2010.01.11 07:10:53.828,1.61045,1.61075,2.30,14.30
2010.01.11 07:10:54.478,1.61045,1.61065,1.60,1.00
2010.01.11 07:10:54.778,1.61045,1.61065,1.70,1.00
2010.01.11 07:10:54.898,1.61045,1.61065,1.60,1.00
2010.01.11 07:10:54.958,1.61045,1.61075,1.60,14.20
2010.01.11 07:10:55.068,1.61045,1.61075,1.60,14.60
2010.01.11 07:10:55.178,1.61045,1.61075,1.60,15.00
2010.01.11 07:10:55.289,1.61045,1.61075,1.60,15.00
2010.01.11 07:10:56.578,1.61045,1.61075,1.60,14.80
2010.01.11 07:10:56.938,1.61045,1.6107,1.00,12.40
2010.01.11 07:10:57.288,1.6104,1.6107,3.20,14.00
2010.01.11 07:10:57.818,1.6104,1.61065,1.60,3.20
2010.01.11 07:10:58.107,1.6104,1.6106,1.60,3.20
2010.01.11 07:11:00.717,1.61035,1.6106,2.70,3.20
2010.01.11 07:11:01.107,1.61035,1.6106,2.40,3.20
2010.01.11 07:11:01.456,1.61035,1.6106,1.00,4.80
2010.01.11 07:11:01.737,1.6103,1.6106,8.00,4.80
2010.01.11 07:11:02.026,1.6103,1.6106,5.60,7.10
2010.01.11 07:11:02.356,1.6103,1.61055,4.00,2.40
2010.01.11 07:11:03.886,1.6103,1.61055,4.00,2.40
2010.01.11 07:11:04.966,1.6103,1.6105,3.20,4.80
2010.01.11 07:11:05.146,1.6103,1.6105,1.60,4.80
2010.01.11 07:11:05.385,1.6103,1.61055,1.60,1.60
2010.01.11 07:11:05.915,1.6103,1.61055,4.80,1.60
2010.01.11 07:11:06.595,1.6103,1.61055,3.20,1.60
2010.01.11 07:11:07.065,1.6103,1.61055,3.20,1.60
2010.01.11 07:11:07.756,1.61035,1.6106,2.40,3.40
2010.01.11 07:11:07.975,1.61045,1.61065,2.00,1.60
2010.01.11 07:11:08.195,1.61045,1.61065,1.60,1.60
2010.01.11 07:11:08.595,1.6105,1.61065,1.00,1.60
2010.01.11 07:11:08.825,1.6105,1.61065,1.00,1.60
2010.01.11 07:11:09.185,1.6105,1.61065,1.20,1.60
2010.01.11 07:11:09.534,1.61055,1.6107,1.60,1.00
2010.01.11 07:11:09.874,1.61055,1.61075,1.60,1.00
2010.01.11 07:11:10.225,1.61055,1.61085,5.10,6.20
2010.01.11 07:11:10.504,1.61055,1.61085,3.50,6.20
2010.01.11 07:11:10.805,1.61055,1.61085,2.80,6.20
2010.01.11 07:11:11.144,1.61055,1.61075,1.20,1.60
2010.01.11 07:11:11.484,1.6106,1.6108,1.60,2.90
2010.01.11 07:11:11.834,1.6106,1.6109,1.60,7.00
2010.01.11 07:11:12.174,1.61065,1.61085,1.60,4.50
2010.01.11 07:11:12.454,1.61065,1.6109,2.00,5.80
2010.01.11 07:11:12.814,1.6106,1.6109,2.60,6.20
2010.01.11 07:11:13.154,1.6106,1.6108,1.60,1.60
2010.01.11 07:11:13.454,1.61065,1.6108,1.60,1.60
2010.01.11 07:11:14.164,1.61065,1.6108,3.20,1.60
2010.01.11 07:11:18.062,1.6107,1.6108,1.60,1.60
2010.01.11 07:11:18.223,1.6107,1.6109,1.60,10.40
2010.01.11 07:11:19.392,1.6107,1.6109,1.60,6.80
2010.01.11 07:11:23.161,1.6107,1.61085,1.60,1.60
2010.01.11 07:11:23.391,1.6107,1.61095,4.80,2.10
2010.01.11 07:11:23.691,1.61075,1.61095,1.00,2.10
2010.01.11 07:11:23.931,1.61075,1.61095,1.00,4.60
2010.01.11 07:11:24.571,1.61075,1.611,1.00,11.70
2010.01.11 07:11:24.801,1.61075,1.611,1.00,11.70
2010.01.11 07:11:24.911,1.61075,1.611,1.00,12.00
2010.01.11 07:11:25.271,1.61075,1.61105,2.60,21.80
2010.01.11 07:11:25.661,1.61075,1.61105,4.20,12.80
2010.01.11 07:11:25.991,1.61075,1.61105,4.00,11.20
2010.01.11 07:11:26.730,1.6108,1.61105,3.20,10.40
2010.01.11 07:11:28.541,1.6108,1.611,3.20,8.80
2010.01.11 07:11:28.810,1.61075,1.611,4.00,6.40
2010.01.11 07:11:29.040,1.6108,1.611,1.60,3.40
2010.01.11 07:11:29.330,1.6108,1.611,1.60,6.20
2010.01.11 07:11:29.620,1.6108,1.61095,1.60,1.00
2010.01.11 07:11:30.519,1.6108,1.61095,1.60,1.00
2010.01.11 07:11:31.160,1.6108,1.61095,1.60,1.00
2010.01.11 07:11:31.840,1.6108,1.6109,1.60,1.00
2010.01.11 07:11:34.249,1.6108,1.611,1.60,1.90
2010.01.11 07:11:34.519,1.6108,1.611,1.60,1.00
2010.01.11 07:11:34.638,1.6108,1.611,3.20,1.00
2010.01.11 07:11:34.758,1.6108,1.611,3.20,1.00
2010.01.11 07:11:35.159,1.6108,1.611,3.20,1.00
2010.01.11 07:11:35.329,1.6108,1.611,3.20,1.00
2010.01.11 07:11:35.659,1.6108,1.61105,4.00,7.40
2010.01.11 07:11:36.009,1.61085,1.61105,1.60,5.20
2010.01.11 07:11:36.358,1.61085,1.61105,1.60,4.80
2010.01.11 07:11:38.308,1.61085,1.61105,3.20,4.80
2010.01.11 07:11:41.007,1.61085,1.61105,3.20,2.40
2010.01.11 07:11:42.277,1.61085,1.61105,3.20,4.80
2010.01.11 07:11:42.507,1.61085,1.61105,3.20,2.40
2010.01.11 07:11:43.936,1.61085,1.61105,3.20,4.80
2010.01.11 07:11:52.214,1.61075,1.611,3.80,1.00
2010.01.11 07:11:52.914,1.61075,1.611,3.80,1.00
2010.01.11 07:11:53.094,1.61075,1.611,2.20,1.00
2010.01.11 07:11:53.564,1.61075,1.611,3.80,1.00
2010.01.11 07:11:54.824,1.61075,1.611,4.10,1.00
2010.01.11 07:11:59.103,1.61075,1.61105,4.10,7.20
2010.01.11 07:12:00.332,1.61075,1.611,2.50,1.00
2010.01.11 07:12:00.673,1.61075,1.611,4.00,1.00
2010.01.11 07:12:01.632,1.61075,1.611,3.80,1.00
2010.01.11 07:12:02.032,1.61075,1.611,3.90,1.00
2010.01.11 07:12:04.031,1.61075,1.611,2.30,1.90
2010.01.11 07:12:04.201,1.61075,1.611,1.80,7.10
2010.01.11 07:12:04.501,1.61075,1.611,1.80,4.70
2010.01.11 07:12:04.792,1.61075,1.611,1.80,2.30
2010.01.11 07:12:05.141,1.61075,1.611,1.00,1.90
2010.01.11 07:12:05.491,1.61075,1.611,2.20,5.10
2010.01.11 07:12:05.831,1.61075,1.611,1.00,7.10
2010.01.11 07:12:06.871,1.61075,1.6109,1.00,3.20
2010.01.11 07:12:07.441,1.61075,1.61095,1.00,2.40
2010.01.11 07:12:07.621,1.61075,1.61095,1.00,1.00
2010.01.11 07:12:07.791,1.61075,1.61095,1.00,1.60
2010.01.11 07:12:07.970,1.61075,1.61095,1.00,3.60
2010.01.11 07:12:08.250,1.61075,1.61095,1.00,2.00
2010.01.11 07:12:08.480,1.61075,1.61095,1.00,1.00
2010.01.11 07:12:08.751,1.61075,1.6109,1.00,1.00
2010.01.11 07:12:09.220,1.61075,1.61095,1.80,1.00
2010.01.11 07:12:09.450,1.61075,1.611,1.80,2.30
2010.01.11 07:12:09.680,1.61075,1.611,1.00,4.70
2010.01.11 07:12:09.920,1.61075,1.61095,1.00,2.40
2010.01.11 07:12:10.260,1.61075,1.61095,1.00,2.50
2010.01.11 07:12:10.600,1.61075,1.61095,1.00,3.60
2010.01.11 07:12:10.950,1.61075,1.61095,1.00,4.00
2010.01.11 07:12:11.999,1.61075,1.6109,1.00,2.80
2010.01.11 07:12:12.349,1.61075,1.6109,1.00,1.00
2010.01.11 07:12:12.749,1.61065,1.6109,7.30,1.00
2010.01.11 07:12:13.389,1.6107,1.6109,1.60,1.00
2010.01.11 07:12:14.619,1.6107,1.6109,1.60,1.60
2010.01.11 07:12:14.729,1.6107,1.6109,1.60,2.00
2010.01.11 07:12:14.899,1.6107,1.6109,3.20,1.00
2010.01.11 07:12:15.469,1.61075,1.61095,2.40,1.00
2010.01.11 07:12:15.808,1.61075,1.611,2.50,1.00
2010.01.11 07:12:16.149,1.61075,1.611,4.70,1.00
2010.01.11 07:12:16.858,1.61075,1.611,6.30,1.00
2010.01.11 07:12:17.208,1.61075,1.611,6.40,1.00
2010.01.11 07:12:18.008,1.61075,1.611,8.00,1.00
2010.01.11 07:12:19.358,1.6107,1.61105,11.60,11.20
2010.01.11 07:12:24.247,1.61075,1.611,5.70,2.70
2010.01.11 07:12:24.307,1.61075,1.611,5.30,2.70
2010.01.11 07:12:24.427,1.61075,1.611,5.30,2.80
2010.01.11 07:12:27.326,1.6108,1.611,1.60,2.80
2010.01.11 07:12:28.926,1.6108,1.611,1.60,4.40
2010.01.11 07:12:29.885,1.6108,1.611,1.60,1.60
2010.01.11 07:12:30.165,1.6108,1.611,1.60,1.60
2010.01.11 07:12:30.745,1.6108,1.611,1.60,3.20
2010.01.11 07:12:30.975,1.6108,1.611,1.60,8.00
2010.01.11 07:12:31.875,1.6108,1.611,1.60,6.40
2010.01.11 07:12:33.964,1.6108,1.611,1.60,6.40
2010.01.11 07:12:36.144,1.61075,1.611,4.10,8.00
2010.01.11 07:12:36.654,1.61075,1.611,4.00,8.00
2010.01.11 07:12:37.834,1.61075,1.611,2.40,8.00
2010.01.11 07:12:39.223,1.61075,1.611,2.00,8.00
2010.01.11 07:12:42.442,1.61075,1.611,1.20,8.00
2010.01.11 07:12:44.232,1.61075,1.611,2.80,8.00
2010.01.11 07:12:45.401,1.61075,1.611,3.00,8.00
2010.01.11 07:12:46.511,1.61075,1.611,3.20,8.00
2010.01.11 07:12:46.731,1.61075,1.611,5.20,4.00
2010.01.11 07:12:46.911,1.61075,1.611,3.60,5.60
2010.01.11 07:12:47.141,1.61075,1.611,1.00,10.40
2010.01.11 07:12:47.371,1.6107,1.61095,2.00,1.60
2010.01.11 07:12:47.601,1.6107,1.61095,2.00,6.40
2010.01.11 07:12:47.831,1.61075,1.61095,1.60,1.60
2010.01.11 07:12:48.291,1.6107,1.61095,2.00,4.00
2010.01.11 07:12:48.631,1.6107,1.61095,2.00,6.40
2010.01.11 07:12:48.961,1.6107,1.61095,1.60,4.00
2010.01.11 07:12:49.311,1.6107,1.61095,1.60,6.40
2010.01.11 07:12:50.770,1.6107,1.61095,1.60,1.60
2010.01.11 07:12:51.120,1.61075,1.61095,1.60,1.60
2010.01.11 07:12:51.460,1.61075,1.61095,1.70,1.60
2010.01.11 07:12:51.690,1.61075,1.61095,3.00,1.60
2010.01.11 07:12:52.470,1.61075,1.61095,1.60,1.60
2010.01.11 07:12:53.379,1.61075,1.61095,2.20,1.60
2010.01.11 07:12:54.359,1.61075,1.61095,1.00,1.60
2010.01.11 07:12:55.010,1.6107,1.61095,3.60,1.60
2010.01.11 07:13:01.357,1.6107,1.61095,3.20,1.60
2010.01.11 07:13:10.095,1.61075,1.61095,1.00,1.60
2010.01.11 07:13:10.385,1.61075,1.61095,2.20,1.60
2010.01.11 07:13:12.495,1.61075,1.61095,2.20,4.00
2010.01.11 07:13:12.775,1.61065,1.6108,5.60,2.70
2010.01.11 07:13:13.065,1.6107,1.6108,1.60,1.00
2010.01.11 07:13:13.295,1.6107,1.6109,1.60,1.00
2010.01.11 07:13:13.595,1.61065,1.61085,1.60,3.20
2010.01.11 07:13:13.885,1.6106,1.61085,1.60,6.40
2010.01.11 07:13:14.214,1.6106,1.61085,1.60,8.00
2010.01.11 07:13:17.114,1.6106,1.6108,1.60,1.60
2010.01.11 07:13:17.564,1.61055,1.6108,1.80,1.60
2010.01.11 07:13:17.804,1.61055,1.61075,1.60,2.40
2010.01.11 07:13:19.613,1.6105,1.61075,4.80,2.40
2010.01.11 07:13:19.783,1.6105,1.61075,7.20,2.40
2010.01.11 07:13:19.843,1.6105,1.61075,8.80,1.00
2010.01.11 07:13:22.892,1.61065,1.61085,1.60,1.60
2010.01.11 07:13:23.132,1.61065,1.6109,2.00,4.20
2010.01.11 07:13:23.652,1.61065,1.6109,2.00,3.40
2010.01.11 07:13:23.892,1.61065,1.6109,2.00,3.20
2010.01.11 07:13:25.042,1.6106,1.61085,4.00,1.60
2010.01.11 07:13:25.282,1.6106,1.61085,1.60,1.60
2010.01.11 07:13:25.512,1.61055,1.61085,11.80,1.60
2010.01.11 07:13:29.061,1.6106,1.61085,1.60,1.60
2010.01.11 07:13:29.411,1.6106,1.6109,3.20,5.60
2010.01.11 07:13:29.761,1.6106,1.6109,3.20,4.80
2010.01.11 07:13:30.810,1.6106,1.6109,3.20,5.60
2010.01.11 07:13:31.490,1.6106,1.61085,1.60,1.60
2010.01.11 07:13:35.339,1.61065,1.61085,1.00,1.60
2010.01.11 07:13:35.459,1.61065,1.6109,2.00,4.20
2010.01.11 07:13:35.760,1.61065,1.6109,2.00,4.00
2010.01.11 07:13:36.040,1.61065,1.6109,2.00,3.20
2010.01.11 07:13:36.329,1.6106,1.61085,5.60,1.60
2010.01.11 07:13:36.669,1.6106,1.61085,3.20,1.60
2010.01.11 07:13:37.539,1.6106,1.61085,1.60,3.20
2010.01.11 07:13:38.409,1.61055,1.6108,1.00,2.00
2010.01.11 07:13:38.819,1.61055,1.6108,1.00,3.60
2010.01.11 07:13:39.109,1.61055,1.6108,3.40,2.00
2010.01.11 07:13:40.038,1.61055,1.6108,5.00,1.00
2010.01.11 07:13:40.209,1.61055,1.61085,5.60,2.00
2010.01.11 07:13:44.028,1.61055,1.61085,5.60,2.00
2010.01.11 07:13:46.547,1.6106,1.61085,1.60,1.00
2010.01.11 07:13:46.787,1.6106,1.6109,3.20,6.80
2010.01.11 07:13:46.957,1.6106,1.6109,3.20,3.60
2010.01.11 07:13:47.927,1.6106,1.61085,3.20,8.00
2010.01.11 07:13:48.326,1.6106,1.6109,3.20,5.20
2010.01.11 07:13:49.106,1.6106,1.6109,1.60,6.80
2010.01.11 07:13:49.396,1.61055,1.6109,8.20,6.80
2010.01.11 07:13:50.666,1.6106,1.61085,1.60,1.00
2010.01.11 07:13:52.045,1.6106,1.6108,1.60,1.00
2010.01.11 07:13:53.525,1.61055,1.6108,9.60,1.00
2010.01.11 07:13:53.705,1.61055,1.6108,8.00,1.00
2010.01.11 07:13:54.695,1.61055,1.61085,8.00,1.00
2010.01.11 07:13:54.875,1.61055,1.61085,8.00,1.00
2010.01.11 07:13:54.995,1.61055,1.61085,8.10,1.00
2010.01.11 07:13:55.105,1.61055,1.61085,8.30,1.00
2010.01.11 07:13:55.395,1.61055,1.61085,8.50,1.00
2010.01.11 07:13:55.684,1.61055,1.61085,8.90,1.00
2010.01.11 07:13:57.024,1.6106,1.61085,1.00,1.00
2010.01.11 07:13:58.174,1.6106,1.61085,1.60,1.00
2010.01.11 07:13:58.804,1.61065,1.61085,1.60,1.00
2010.01.11 07:14:03.383,1.6106,1.61085,1.60,1.00
2010.01.11 07:14:04.463,1.6106,1.61085,1.60,1.00
2010.01.11 07:14:04.573,1.6106,1.6108,1.60,1.00
2010.01.11 07:14:04.812,1.61055,1.6108,7.60,1.00
2010.01.11 07:14:04.922,1.61055,1.6108,7.50,1.00
2010.01.11 07:14:05.033,1.61055,1.6108,5.30,1.00
2010.01.11 07:14:05.153,1.61055,1.6108,6.90,1.00
2010.01.11 07:14:05.502,1.61055,1.6108,6.60,1.00
2010.01.11 07:14:05.842,1.61055,1.6108,3.40,1.00
2010.01.11 07:14:06.512,1.61055,1.6108,5.80,1.00
2010.01.11 07:14:06.802,1.61055,1.61075,5.80,1.00
2010.01.11 07:14:07.332,1.61055,1.61075,1.80,1.00
2010.01.11 07:14:09.381,1.6106,1.6108,1.60,1.60
2010.01.11 07:14:09.551,1.6106,1.6108,3.20,1.00
2010.01.11 07:14:09.662,1.61065,1.6108,1.60,2.40
2010.01.11 07:14:09.781,1.61065,1.6108,1.60,1.10
2010.01.11 07:14:10.021,1.61065,1.61085,1.60,5.20
2010.01.11 07:14:10.141,1.61065,1.61085,1.60,3.20
2010.01.11 07:14:10.251,1.61065,1.61085,1.60,1.60
2010.01.11 07:14:10.761,1.61065,1.61075,1.60,1.00
2010.01.11 07:14:12.880,1.61065,1.61075,3.60,1.00
2010.01.11 07:14:13.380,1.61065,1.61085,3.60,1.60
2010.01.11 07:14:14.000,1.61065,1.61085,3.60,1.60
2010.01.11 07:14:14.570,1.6107,1.6109,1.60,5.20
2010.01.11 07:14:15.500,1.6107,1.6109,1.60,5.70
2010.01.11 07:14:15.840,1.6107,1.6109,1.60,5.60
2010.01.11 07:14:16.859,1.6107,1.6109,3.20,5.40
2010.01.11 07:14:17.960,1.61075,1.61095,1.60,1.00
2010.01.11 07:14:18.729,1.61075,1.61095,3.20,1.00
2010.01.11 07:14:19.449,1.61075,1.61095,4.00,1.00
2010.01.11 07:14:23.508,1.61075,1.6109,4.00,1.00
2010.01.11 07:14:23.748,1.61075,1.6109,3.20,1.00
2010.01.11 07:14:24.168,1.61075,1.6109,1.60,1.60
2010.01.11 07:14:24.398,1.6107,1.6109,4.00,1.60
2010.01.11 07:14:24.748,1.6107,1.6109,2.40,1.60
2010.01.11 07:14:24.858,1.61065,1.61085,5.60,1.60
2010.01.11 07:14:24.967,1.61065,1.61085,5.60,2.40
2010.01.11 07:14:25.077,1.61065,1.61085,4.00,2.40
2010.01.11 07:14:25.188,1.61065,1.61085,4.00,1.00
2010.01.11 07:14:25.308,1.61065,1.61085,5.60,1.00
2010.01.11 07:14:25.429,1.61065,1.61085,5.60,1.00
2010.01.11 07:14:25.547,1.61065,1.6108,5.60,1.60
2010.01.11 07:14:25.897,1.61055,1.6108,6.80,8.00
2010.01.11 07:14:26.288,1.6106,1.6108,1.60,8.00
2010.01.11 07:14:26.627,1.6106,1.6107,1.60,1.60
2010.01.11 07:14:26.987,1.6106,1.61075,1.60,1.60
2010.01.11 07:14:27.377,1.61065,1.61085,1.60,2.00
2010.01.11 07:14:27.827,1.61065,1.61085,1.60,1.60
2010.01.11 07:14:28.767,1.6106,1.61085,1.60,1.60
2010.01.11 07:14:29.926,1.6106,1.61075,1.60,1.60
2010.01.11 07:14:30.046,1.6106,1.61075,1.60,2.00
2010.01.11 07:14:30.167,1.61055,1.61075,1.80,2.00
2010.01.11 07:14:31.836,1.61055,1.6108,1.80,3.40
2010.01.11 07:14:32.076,1.61055,1.6108,1.80,4.20
2010.01.11 07:14:32.376,1.61055,1.6108,3.40,4.00
2010.01.11 07:14:32.656,1.61055,1.6108,3.20,4.00
2010.01.11 07:14:33.625,1.61055,1.61075,3.20,1.60
2010.01.11 07:14:34.015,1.61055,1.61075,1.60,2.40
2010.01.11 07:14:34.235,1.61055,1.61075,1.60,2.40
2010.01.11 07:14:34.515,1.6105,1.6107,6.40,4.00
2010.01.11 07:14:34.745,1.61045,1.6107,3.20,31.20
2010.01.11 07:14:35.015,1.61045,1.6107,1.60,31.40
2010.01.11 07:14:35.245,1.61045,1.6107,1.60,22.60
2010.01.11 07:14:35.545,1.61055,1.6107,1.00,15.20
2010.01.11 07:14:35.825,1.6106,1.6108,1.60,1.00
2010.01.11 07:14:36.155,1.61065,1.61085,1.00,4.10
2010.01.11 07:14:36.455,1.61065,1.61085,1.80,1.60
2010.01.11 07:14:36.834,1.61065,1.61085,1.80,1.00
2010.01.11 07:14:37.175,1.6106,1.61085,3.20,1.00
2010.01.11 07:14:38.534,1.6106,1.6108,3.20,1.60
2010.01.11 07:14:39.224,1.6106,1.6108,1.60,1.60
2010.01.11 07:14:39.574,1.61065,1.6108,1.60,1.60
2010.01.11 07:14:42.743,1.6106,1.6108,1.60,1.60
2010.01.11 07:14:43.213,1.61055,1.6108,4.10,1.60
2010.01.11 07:14:44.583,1.61055,1.6107,2.40,2.00
2010.01.11 07:14:44.823,1.61055,1.6107,1.60,1.10
2010.01.11 07:14:44.943,1.61055,1.6107,4.00,1.00
2010.01.11 07:14:45.053,1.61055,1.61075,4.00,1.00
2010.01.11 07:14:45.163,1.61055,1.6108,2.40,4.00
2010.01.11 07:14:45.273,1.61055,1.6108,3.20,1.60
2010.01.11 07:14:45.383,1.61055,1.6108,2.40,1.60
2010.01.11 07:14:45.503,1.61055,1.6108,1.00,1.60
2010.01.11 07:14:47.152,1.61055,1.61075,1.00,1.00
2010.01.11 07:14:47.843,1.61055,1.6107,1.00,1.00
2010.01.11 07:14:56.720,1.61045,1.6107,8.10,2.80
2010.01.11 07:14:57.060,1.61055,1.61075,1.00,1.00
2010.01.11 07:15:00.129,1.61055,1.6107,2.40,1.00
2010.01.11 07:15:02.308,1.61055,1.61075,2.40,1.60
2010.01.11 07:15:02.428,1.61055,1.61065,1.00,1.00
2010.01.11 07:15:02.668,1.61055,1.6107,1.00,3.10
2010.01.11 07:15:02.788,1.61055,1.6107,1.00,1.50
2010.01.11 07:15:05.108,1.61045,1.6106,1.60,1.60
2010.01.11 07:15:05.338,1.61045,1.6106,1.60,1.00
2010.01.11 07:15:05.558,1.61045,1.61065,3.60,1.20
2010.01.11 07:15:05.778,1.61045,1.6107,3.60,1.00
2010.01.11 07:15:06.008,1.61045,1.6107,3.20,1.00
2010.01.11 07:15:06.178,1.61045,1.6107,4.80,1.00
2010.01.11 07:15:06.407,1.61045,1.6107,3.20,1.60
2010.01.11 07:15:08.397,1.61045,1.6107,4.80,1.00
2010.01.11 07:15:08.687,1.61045,1.6107,7.20,1.00
2010.01.11 07:15:09.127,1.61045,1.6107,3.20,1.00
2010.01.11 07:15:09.947,1.61045,1.6107,3.20,1.00
2010.01.11 07:15:10.127,1.6104,1.6107,6.40,1.80
2010.01.11 07:15:10.307,1.6104,1.6107,7.20,2.60
2010.01.11 07:15:10.596,1.6104,1.61065,5.60,1.60
2010.01.11 07:15:10.987,1.61035,1.61055,1.00,1.00
2010.01.11 07:15:11.676,1.61035,1.61055,1.00,1.00
2010.01.11 07:15:12.006,1.61035,1.6106,1.00,1.60
2010.01.11 07:15:12.746,1.61035,1.6106,1.60,1.60
2010.01.11 07:15:13.256,1.61035,1.61065,5.60,2.40
2010.01.11 07:15:13.496,1.6104,1.61065,1.60,1.00
2010.01.11 07:15:14.016,1.6104,1.61065,1.60,1.00
2010.01.11 07:15:14.605,1.6104,1.61065,3.20,1.00
2010.01.11 07:15:14.835,1.6104,1.61065,3.20,2.00
2010.01.11 07:15:14.946,1.6104,1.6106,1.60,1.00
2010.01.11 07:15:15.065,1.61035,1.6106,3.20,1.00
2010.01.11 07:15:16.155,1.61045,1.6106,1.00,1.00
2010.01.11 07:15:16.555,1.61045,1.6106,1.00,1.00
2010.01.11 07:15:16.905,1.61045,1.6106,1.60,1.00
2010.01.11 07:15:17.245,1.61045,1.61065,4.00,1.00
2010.01.11 07:15:17.595,1.61045,1.61065,1.20,1.00
2010.01.11 07:15:18.655,1.6104,1.6106,3.20,2.70
2010.01.11 07:15:19.005,1.61035,1.61055,7.90,1.00
2010.01.11 07:15:19.364,1.6104,1.61055,6.40,1.00
2010.01.11 07:15:20.064,1.6104,1.61055,4.80,1.00
2010.01.11 07:15:20.234,1.61035,1.61055,7.60,1.00
2010.01.11 07:15:20.404,1.6104,1.61055,1.60,1.00
2010.01.11 07:15:20.584,1.61035,1.61055,6.40,1.00
2010.01.11 07:15:20.804,1.61035,1.61055,4.80,1.00
2010.01.11 07:15:20.974,1.6104,1.61065,3.20,4.00
2010.01.11 07:15:21.134,1.6104,1.61065,1.60,2.40
2010.01.11 07:15:21.464,1.61035,1.61055,7.20,1.00
2010.01.11 07:15:22.684,1.61035,1.61055,7.10,1.00
2010.01.11 07:15:22.974,1.61035,1.61055,6.70,1.00
2010.01.11 07:15:24.123,1.61035,1.61055,5.10,1.00
2010.01.11 07:15:24.583,1.61035,1.61055,6.70,1.00
2010.01.11 07:15:25.513,1.6104,1.61055,1.60,1.00
2010.01.11 07:15:26.842,1.6104,1.61055,1.60,1.00
2010.01.11 07:15:27.862,1.6104,1.61055,1.60,1.00
2010.01.11 07:15:30.242,1.61045,1.61065,1.90,1.00
2010.01.11 07:15:30.402,1.61045,1.6107,1.90,4.20
2010.01.11 07:15:30.522,1.61045,1.6107,1.90,4.00
2010.01.11 07:15:31.501,1.61045,1.6107,1.90,3.50
2010.01.11 07:15:32.151,1.61045,1.6107,2.00,3.50
2010.01.11 07:15:35.241,1.61045,1.6107,2.00,1.00
2010.01.11 07:15:35.460,1.61045,1.6107,3.60,1.00
2010.01.11 07:15:35.680,1.61045,1.6107,3.60,1.00
2010.01.11 07:15:35.920,1.61045,1.6107,5.40,1.00
2010.01.11 07:15:36.100,1.61045,1.6107,5.40,1.00
2010.01.11 07:15:36.430,1.61045,1.6107,1.80,1.60
2010.01.11 07:15:36.830,1.6104,1.6106,2.40,2.00
2010.01.11 07:15:37.170,1.61045,1.61055,1.60,1.00
2010.01.11 07:15:38.520,1.61045,1.61055,3.20,1.00
2010.01.11 07:15:43.089,1.6105,1.6107,4.80,1.00
2010.01.11 07:15:43.328,1.6105,1.6107,4.80,1.00
2010.01.11 07:15:44.358,1.6105,1.61075,4.80,1.00
2010.01.11 07:15:44.698,1.6105,1.61075,7.20,1.00
2010.01.11 07:15:45.049,1.6105,1.61075,4.80,1.00
2010.01.11 07:15:47.717,1.6105,1.61075,4.80,1.00
2010.01.11 07:15:48.757,1.61055,1.61075,2.00,1.00
2010.01.11 07:15:52.057,1.61055,1.61075,1.00,1.00
2010.01.11 07:15:52.226,1.61055,1.61075,1.60,1.00
2010.01.11 07:15:52.346,1.61055,1.61075,2.00,1.00
2010.01.11 07:15:53.276,1.61055,1.61075,3.60,1.00
2010.01.11 07:15:53.796,1.6106,1.6108,3.60,1.00
2010.01.11 07:15:54.176,1.61055,1.6108,4.20,1.00
2010.01.11 07:15:54.506,1.61055,1.6108,3.60,1.00
2010.01.11 07:15:54.956,1.61055,1.6108,3.60,1.00
2010.01.11 07:15:55.306,1.61055,1.6108,4.00,3.20
2010.01.11 07:15:55.596,1.61055,1.6108,3.60,1.00
2010.01.11 07:15:56.585,1.61055,1.61075,2.00,1.00
2010.01.11 07:15:57.205,1.61055,1.6108,7.60,1.00
2010.01.11 07:15:57.715,1.61055,1.6108,7.60,1.00
2010.01.11 07:15:57.995,1.61055,1.6108,7.20,3.20
2010.01.11 07:15:58.285,1.61055,1.6108,3.20,2.40
2010.01.11 07:15:58.565,1.61055,1.6108,5.60,2.80
2010.01.11 07:15:59.495,1.61055,1.61075,5.60,1.00
2010.01.11 07:16:02.414,1.6106,1.6108,4.70,1.00
2010.01.11 07:16:02.774,1.6106,1.6109,6.70,4.90
2010.01.11 07:16:02.894,1.6106,1.6109,8.30,4.50
2010.01.11 07:16:03.074,1.61065,1.6109,1.00,3.60
2010.01.11 07:16:03.244,1.61065,1.6109,1.00,3.20
2010.01.11 07:16:03.544,1.6106,1.6109,9.90,3.20
2010.01.11 07:16:04.004,1.6106,1.6109,10.00,3.20
2010.01.11 07:16:06.183,1.6106,1.6108,2.40,2.30
2010.01.11 07:16:06.593,1.61055,1.61075,1.00,2.40
2010.01.11 07:16:06.933,1.61055,1.6108,1.60,1.60
2010.01.11 07:16:07.233,1.61055,1.61085,3.20,4.40
2010.01.11 07:16:07.473,1.61055,1.61085,3.20,6.80
2010.01.11 07:16:07.893,1.6106,1.61085,1.00,6.80
2010.01.11 07:16:08.303,1.6105,1.6108,5.60,1.00
2010.01.11 07:16:09.862,1.6105,1.6108,5.60,1.00
2010.01.11 07:16:10.212,1.6105,1.6108,5.60,1.00
2010.01.11 07:16:10.392,1.6105,1.6108,4.80,2.40
2010.01.11 07:16:11.142,1.6106,1.6108,3.20,1.60
2010.01.11 07:16:11.382,1.61055,1.61085,1.60,8.80
2010.01.11 07:16:11.602,1.61055,1.6108,1.60,1.00
2010.01.11 07:16:11.832,1.6105,1.6108,3.20,2.40
2010.01.11 07:16:12.972,1.6105,1.6108,1.60,2.40
2010.01.11 07:16:13.252,1.6105,1.6108,1.60,4.20
2010.01.11 07:16:13.591,1.6105,1.61075,3.20,1.60
2010.01.11 07:16:13.951,1.6106,1.6108,4.80,1.60
2010.01.11 07:16:14.231,1.6106,1.61085,7.20,3.20
2010.01.11 07:16:14.411,1.6106,1.61085,4.80,3.20
2010.01.11 07:16:15.391,1.6106,1.61085,4.80,1.60
2010.01.11 07:16:15.851,1.6106,1.61085,4.80,1.60
2010.01.11 07:16:16.711,1.6106,1.61085,3.20,3.60
2010.01.11 07:16:17.291,1.6106,1.61085,4.80,3.60
2010.01.11 07:16:17.520,1.6106,1.61085,4.80,3.60
2010.01.11 07:16:17.581,1.6106,1.61085,4.80,2.00
2010.01.11 07:16:17.700,1.6106,1.61085,4.80,1.60
2010.01.11 07:16:18.390,1.6106,1.6109,8.00,4.80
2010.01.11 07:16:19.210,1.6106,1.6109,6.40,4.80
2010.01.11 07:16:19.500,1.6106,1.6109,4.80,4.80
2010.01.11 07:16:19.780,1.6106,1.61085,3.20,1.60
2010.01.11 07:16:20.400,1.61065,1.61085,1.60,1.60
2010.01.11 07:16:20.689,1.6106,1.6109,8.00,5.00
2010.01.11 07:16:20.800,1.6106,1.6109,8.00,4.80
2010.01.11 07:16:22.169,1.6106,1.6109,6.40,5.60
2010.01.11 07:16:22.689,1.6107,1.6109,3.20,3.20
2010.01.11 07:16:22.979,1.6107,1.6109,1.60,3.20
2010.01.11 07:16:23.149,1.6107,1.6109,1.60,4.80
2010.01.11 07:16:23.499,1.6107,1.6109,1.60,3.20
2010.01.11 07:16:23.669,1.6107,1.6109,1.60,4.80
2010.01.11 07:16:24.839,1.6107,1.6109,1.60,4.90
2010.01.11 07:16:25.068,1.6107,1.6109,1.60,4.80
2010.01.11 07:16:25.708,1.6107,1.6109,1.60,3.20
2010.01.11 07:16:26.578,1.6107,1.6109,1.60,4.80
2010.01.11 07:16:26.938,1.6106,1.61085,9.60,2.30
2010.01.11 07:16:27.298,1.6106,1.61085,6.40,1.00
2010.01.11 07:16:28.868,1.6106,1.61085,6.40,1.00
2010.01.11 07:16:38.915,1.61065,1.6109,2.40,4.00
2010.01.11 07:16:39.205,1.6107,1.6109,3.20,3.20
2010.01.11 07:16:40.125,1.6107,1.6109,3.20,4.80
2010.01.11 07:16:40.285,1.6107,1.61085,3.20,1.60
2010.01.11 07:16:40.455,1.6107,1.61085,3.20,2.00
2010.01.11 07:16:40.515,1.6107,1.61085,3.20,3.60
2010.01.11 07:16:40.575,1.6106,1.61085,3.00,3.60
2010.01.11 07:16:40.695,1.6106,1.61085,4.60,2.00
2010.01.11 07:16:40.755,1.6106,1.61085,4.60,1.60
2010.01.11 07:16:42.155,1.6106,1.61085,4.60,2.00
2010.01.11 07:16:42.215,1.6106,1.61085,4.60,1.60
2010.01.11 07:16:43.894,1.6106,1.61085,4.70,1.60
2010.01.11 07:16:45.704,1.6106,1.61085,4.70,1.60
2010.01.11 07:16:45.873,1.61065,1.61085,1.00,1.60
2010.01.11 07:16:46.043,1.61065,1.61085,1.80,1.60
2010.01.11 07:16:46.214,1.61065,1.6109,1.80,5.60
2010.01.11 07:16:46.374,1.61065,1.6109,2.20,3.20
2010.01.11 07:16:46.783,1.6107,1.6109,1.60,3.20
2010.01.11 07:16:47.174,1.61075,1.61095,1.00,7.20
2010.01.11 07:16:47.473,1.61075,1.61095,2.00,2.40
2010.01.11 07:16:47.813,1.6108,1.61095,1.60,5.60
2010.01.11 07:16:48.213,1.61075,1.61095,1.80,4.00
2010.01.11 07:16:48.553,1.61075,1.61095,2.00,1.60
2010.01.11 07:16:49.233,1.61075,1.61095,1.60,4.80
2010.01.11 07:16:49.583,1.61075,1.61095,1.60,7.20
2010.01.11 07:16:49.933,1.61075,1.6109,1.60,1.00
2010.01.11 07:16:50.232,1.6107,1.61085,1.60,2.00
2010.01.11 07:16:50.522,1.6107,1.6108,1.60,1.00
2010.01.11 07:16:50.872,1.6107,1.61085,1.60,2.40
2010.01.11 07:16:51.162,1.61065,1.61085,1.60,2.40
2010.01.11 07:16:54.102,1.61065,1.61085,1.60,2.40
2010.01.11 07:16:54.761,1.6107,1.61085,1.60,1.00
2010.01.11 07:16:55.111,1.6107,1.61085,1.60,1.00
2010.01.11 07:16:55.671,1.6107,1.6109,1.60,3.20
2010.01.11 07:16:55.911,1.6107,1.6109,1.60,1.60
2010.01.11 07:16:57.861,1.61075,1.6109,1.00,1.60
2010.01.11 07:17:03.759,1.61075,1.61095,1.00,5.60
2010.01.11 07:17:05.509,1.61075,1.61095,1.60,5.60
2010.01.11 07:17:07.798,1.61075,1.6109,1.60,1.60
2010.01.11 07:17:07.918,1.6107,1.6109,1.60,4.00
2010.01.11 07:17:09.178,1.6107,1.6109,1.60,4.00
2010.01.11 07:17:09.528,1.6107,1.61085,1.00,1.60
2010.01.11 07:17:09.888,1.6107,1.61085,1.00,3.20
2010.01.11 07:17:10.168,1.6107,1.6108,1.00,1.00
2010.01.11 07:17:10.228,1.6107,1.6108,1.00,1.00
2010.01.11 07:17:10.867,1.6107,1.6108,1.00,1.00
2010.01.11 07:17:11.208,1.6107,1.61085,1.00,1.60
2010.01.11 07:17:11.677,1.6107,1.6108,1.00,1.00
2010.01.11 07:17:11.968,1.6106,1.6108,4.70,1.80
2010.01.11 07:17:12.307,1.6106,1.6108,3.00,1.80
2010.01.11 07:17:12.647,1.6106,1.6108,1.60,2.00
2010.01.11 07:17:13.677,1.6106,1.6108,1.60,2.40
2010.01.11 07:17:14.407,1.6106,1.6108,1.60,1.60
2010.01.11 07:17:14.707,1.6106,1.6108,1.60,1.00
2010.01.11 07:17:15.056,1.6106,1.61075,1.60,2.00
2010.01.11 07:17:17.966,1.61055,1.61075,1.60,2.00
2010.01.11 07:17:18.646,1.6106,1.61085,3.20,2.40
2010.01.11 07:17:18.996,1.6106,1.6109,3.20,7.40
2010.01.11 07:17:19.566,1.61065,1.6109,1.60,7.00
2010.01.11 07:17:19.796,1.61065,1.6109,3.60,2.70
2010.01.11 07:17:20.035,1.61065,1.6109,3.60,1.60
2010.01.11 07:17:20.815,1.6107,1.6109,1.00,3.90
2010.01.11 07:17:21.155,1.6107,1.6109,1.00,4.30
2010.01.11 07:17:21.845,1.6107,1.6109,1.00,1.00
2010.01.11 07:17:22.075,1.6107,1.61095,1.60,2.80
2010.01.11 07:17:22.305,1.6107,1.61095,3.20,2.80
2010.01.11 07:17:23.734,1.61075,1.61095,1.00,2.80
2010.01.11 07:17:25.054,1.6107,1.61095,3.20,2.80
2010.01.11 07:17:25.234,1.6107,1.61095,3.20,2.00
2010.01.11 07:17:25.944,1.6107,1.61095,4.80,1.00
2010.01.11 07:17:26.164,1.6107,1.61095,6.00,1.00
2010.01.11 07:17:26.444,1.61075,1.61095,1.60,1.00
2010.01.11 07:17:26.794,1.6107,1.61095,6.00,1.00
2010.01.11 07:17:28.043,1.6108,1.61095,1.00,1.00
2010.01.11 07:17:32.802,1.6108,1.61095,1.00,1.00
2010.01.11 07:17:32.922,1.6108,1.6109,1.00,1.00
2010.01.11 07:17:40.521,1.61075,1.6109,1.60,1.00
2010.01.11 07:17:40.631,1.61075,1.6109,1.60,1.00
2010.01.11 07:17:40.801,1.6107,1.611,6.00,6.20
2010.01.11 07:17:41.360,1.61075,1.611,1.60,4.60
2010.01.11 07:17:41.710,1.61075,1.611,3.20,3.00
2010.01.11 07:17:42.060,1.6108,1.611,1.60,1.80
2010.01.11 07:17:42.410,1.6108,1.611,1.60,1.80
2010.01.11 07:17:42.690,1.6108,1.611,3.20,1.60
2010.01.11 07:17:43.260,1.6108,1.611,1.60,1.60
2010.01.11 07:17:44.190,1.6108,1.61105,1.60,10.40
2010.01.11 07:17:44.930,1.61085,1.61105,1.00,10.40
2010.01.11 07:17:46.609,1.6108,1.61105,1.60,10.40
2010.01.11 07:17:47.349,1.6108,1.61105,1.60,8.00
2010.01.11 07:17:47.519,1.6108,1.61105,1.60,6.40
2010.01.11 07:17:47.689,1.6108,1.61105,1.60,6.40
2010.01.11 07:17:48.039,1.6108,1.61105,1.60,6.40
2010.01.11 07:17:53.467,1.6108,1.611,1.60,1.60
2010.01.11 07:17:53.739,1.6108,1.611,1.60,1.10
2010.01.11 07:17:54.037,1.61085,1.61105,1.00,7.20
2010.01.11 07:17:54.327,1.61085,1.61105,1.00,6.40
2010.01.11 07:17:58.286,1.61085,1.61105,1.00,6.40
2010.01.11 07:17:58.506,1.61085,1.61105,1.00,3.20
2010.01.11 07:17:58.676,1.61085,1.6111,1.80,26.40
2010.01.11 07:17:58.916,1.61085,1.6111,1.00,26.40
2010.01.11 07:17:59.146,1.61085,1.6111,1.00,28.00
2010.01.11 07:17:59.326,1.61085,1.6111,1.80,28.00
2010.01.11 07:17:59.666,1.61085,1.6111,1.80,16.00
2010.01.11 07:18:00.046,1.61085,1.6111,1.60,16.00
2010.01.11 07:18:00.396,1.6109,1.6111,1.60,13.60
2010.01.11 07:18:00.456,1.6109,1.6111,4.00,13.60
2010.01.11 07:18:00.576,1.6109,1.6111,5.60,1.60
2010.01.11 07:18:00.696,1.6109,1.6111,8.00,1.60
2010.01.11 07:18:00.806,1.6109,1.6111,7.20,1.60
2010.01.11 07:18:00.856,1.61095,1.6111,4.00,1.60
2010.01.11 07:18:00.966,1.61095,1.61115,4.00,1.60
2010.01.11 07:18:01.076,1.611,1.6112,1.60,1.60
2010.01.11 07:18:01.195,1.611,1.6112,1.60,1.40
2010.01.11 07:18:01.355,1.611,1.6112,4.80,1.40
2010.01.11 07:18:01.755,1.61115,1.61135,9.60,1.20
2010.01.11 07:18:02.105,1.61125,1.61145,1.00,2.40
2010.01.11 07:18:02.445,1.61125,1.61145,3.40,2.40
2010.01.11 07:18:02.615,1.61125,1.61145,3.80,2.40
2010.01.11 07:18:02.725,1.61125,1.61145,4.00,2.40
2010.01.11 07:18:02.835,1.61125,1.61145,3.60,2.40
2010.01.11 07:18:02.955,1.61125,1.61145,4.20,2.40
2010.01.11 07:18:03.125,1.61125,1.61145,4.00,2.40
2010.01.11 07:18:03.245,1.6113,1.61145,8.00,1.00
2010.01.11 07:18:03.355,1.61135,1.61155,3.20,1.00
2010.01.11 07:18:03.695,1.6114,1.61165,3.20,2.00
2010.01.11 07:18:04.395,1.6114,1.61165,4.00,2.00
2010.01.11 07:18:04.675,1.61145,1.61165,1.60,2.00
2010.01.11 07:18:05.364,1.61145,1.61165,1.60,2.60
2010.01.11 07:18:05.424,1.61145,1.61165,1.60,1.00
2010.01.11 07:18:05.594,1.61145,1.6117,1.60,2.60
2010.01.11 07:18:05.714,1.61145,1.6117,1.60,1.80
2010.01.11 07:18:07.224,1.61145,1.61165,1.60,1.00
2010.01.11 07:18:07.574,1.6114,1.61165,7.20,1.00
2010.01.11 07:18:08.234,1.6114,1.61165,7.20,1.20
2010.01.11 07:18:08.354,1.6114,1.61165,5.60,2.80
2010.01.11 07:18:09.904,1.6114,1.61165,4.80,2.80
2010.01.11 07:18:10.483,1.6114,1.61165,3.20,2.80
2010.01.11 07:18:11.483,1.6114,1.61165,1.60,2.80
2010.01.11 07:18:11.833,1.6114,1.6116,1.60,1.60
2010.01.11 07:18:12.183,1.61135,1.6116,4.80,1.60
2010.01.11 07:18:12.943,1.6114,1.61165,2.40,2.40
2010.01.11 07:18:13.113,1.6114,1.61165,4.00,2.40
2010.01.11 07:18:13.282,1.6114,1.61165,4.00,2.00
2010.01.11 07:18:14.652,1.6114,1.61165,5.60,2.00
2010.01.11 07:18:15.162,1.6114,1.61165,5.60,2.40
2010.01.11 07:18:15.332,1.6114,1.61165,4.00,2.00
2010.01.11 07:18:15.452,1.6114,1.61165,4.00,2.80
2010.01.11 07:18:16.732,1.61135,1.61165,13.10,2.80
2010.01.11 07:18:17.082,1.6114,1.61165,4.00,2.80
2010.01.11 07:18:17.831,1.6114,1.6117,4.00,6.30
2010.01.11 07:18:22.040,1.61135,1.6116,5.50,2.80
2010.01.11 07:18:22.890,1.61135,1.6116,3.90,2.80
2010.01.11 07:18:23.060,1.61135,1.6116,5.10,1.10
2010.01.11 07:18:23.230,1.61135,1.61165,8.00,3.20
2010.01.11 07:18:23.410,1.6114,1.61165,1.60,3.20
2010.01.11 07:18:26.100,1.6114,1.61165,8.80,1.00
2010.01.11 07:18:27.129,1.6114,1.61165,8.80,1.00
2010.01.11 07:18:27.309,1.61145,1.61165,1.60,1.00
2010.01.11 07:18:27.929,1.61135,1.6116,9.00,2.30
2010.01.11 07:18:28.149,1.61135,1.6116,7.40,2.30
2010.01.11 07:18:28.329,1.61135,1.6116,6.80,2.30
2010.01.11 07:18:28.559,1.61135,1.6116,6.80,2.40
2010.01.11 07:18:28.789,1.61135,1.6116,5.20,2.60
2010.01.11 07:18:29.639,1.61135,1.6116,5.20,2.80
2010.01.11 07:18:30.378,1.61135,1.6116,3.60,2.80
2010.01.11 07:18:30.848,1.61135,1.6115,2.00,1.60
2010.01.11 07:18:30.908,1.61135,1.6115,1.00,2.30
2010.01.11 07:18:31.028,1.61135,1.6115,1.00,1.00
2010.01.11 07:18:31.388,1.61125,1.6115,9.60,1.60
2010.01.11 07:18:31.738,1.61125,1.6115,4.40,1.60
2010.01.11 07:18:32.548,1.61125,1.6115,1.20,1.60
2010.01.11 07:18:33.068,1.61125,1.6115,1.00,1.60
2010.01.11 07:18:33.418,1.6112,1.6115,8.20,3.40
2010.01.11 07:18:34.107,1.6112,1.6115,8.20,1.80
2010.01.11 07:18:34.457,1.6112,1.6115,8.10,1.80
2010.01.11 07:18:34.857,1.6112,1.6115,6.50,3.40
2010.01.11 07:18:35.037,1.6112,1.6115,5.80,3.40
2010.01.11 07:18:39.036,1.6112,1.6115,7.40,3.40
2010.01.11 07:18:40.616,1.6112,1.6115,5.80,3.40
2010.01.11 07:18:41.316,1.61125,1.6115,1.60,1.80
2010.01.11 07:18:45.715,1.61125,1.6115,1.60,1.00
2010.01.11 07:18:48.064,1.61125,1.6115,1.60,1.70
2010.01.11 07:18:48.974,1.61125,1.6115,1.60,1.40
2010.01.11 07:18:49.314,1.61125,1.6114,1.60,1.00
2010.01.11 07:18:49.664,1.61125,1.6114,1.70,1.00
2010.01.11 07:18:50.004,1.61125,1.6115,1.90,1.40
2010.01.11 07:18:50.514,1.61125,1.6115,3.50,1.40
2010.01.11 07:18:50.633,1.61125,1.6115,4.70,1.40
2010.01.11 07:18:50.803,1.61125,1.6115,4.90,1.40
2010.01.11 07:18:50.983,1.61125,1.6115,3.30,1.40
2010.01.11 07:18:51.793,1.61125,1.6115,1.90,1.40
2010.01.11 07:18:52.083,1.61125,1.6114,1.00,1.00
2010.01.11 07:18:52.303,1.61115,1.6114,4.00,2.60
2010.01.11 07:18:52.543,1.61115,1.6114,1.60,2.60
2010.01.11 07:18:52.763,1.61115,1.6114,1.60,6.60
2010.01.11 07:18:53.173,1.6111,1.6114,4.00,6.60
2010.01.11 07:18:53.453,1.6111,1.6112,3.20,1.00
2010.01.11 07:18:53.683,1.611,1.6112,5.60,1.60
2010.01.11 07:18:53.903,1.611,1.6112,5.60,1.00
2010.01.11 07:18:54.133,1.61105,1.61125,1.60,1.00
2010.01.11 07:18:56.872,1.61105,1.61125,3.20,1.00
2010.01.11 07:18:58.332,1.61105,1.61125,4.80,1.00
2010.01.11 07:18:58.571,1.61105,1.61125,4.80,1.00
2010.01.11 07:18:58.971,1.61105,1.61125,3.20,1.00
2010.01.11 07:18:59.331,1.61105,1.61125,1.60,1.00
2010.01.11 07:19:00.871,1.61105,1.61125,1.60,1.00
2010.01.11 07:19:01.551,1.61105,1.61125,3.20,1.00
2010.01.11 07:19:02.261,1.61105,1.61125,4.80,1.00
2010.01.11 07:19:02.551,1.6111,1.61135,1.60,1.60
2010.01.11 07:19:04.680,1.6111,1.6113,1.60,1.00
2010.01.11 07:19:04.800,1.61105,1.6113,6.40,1.00
2010.01.11 07:19:05.150,1.61105,1.6113,4.80,1.00
2010.01.11 07:19:05.320,1.6111,1.6113,1.00,1.00
2010.01.11 07:19:05.490,1.61125,1.61135,1.60,4.80
2010.01.11 07:19:05.660,1.61125,1.61145,1.60,4.00
2010.01.11 07:19:06.000,1.6112,1.61145,1.60,3.20
2010.01.11 07:19:06.700,1.6112,1.61145,1.60,4.00
2010.01.11 07:19:06.919,1.6112,1.6114,1.60,1.00
2010.01.11 07:19:07.090,1.6112,1.6114,1.60,1.00
2010.01.11 07:19:07.320,1.6112,1.6114,1.60,1.00
2010.01.11 07:19:07.720,1.6112,1.61145,1.60,4.40
2010.01.11 07:19:07.950,1.6112,1.61145,1.60,4.80
2010.01.11 07:19:15.238,1.61115,1.6114,1.60,3.40
2010.01.11 07:19:15.408,1.61115,1.6114,1.60,4.20
2010.01.11 07:19:16.797,1.61115,1.6114,1.60,3.40
2010.01.11 07:19:17.087,1.61115,1.6114,1.60,3.20
2010.01.11 07:19:26.235,1.6111,1.61135,2.50,4.00
2010.01.11 07:19:26.345,1.6111,1.61135,2.50,5.60
2010.01.11 07:19:26.465,1.6111,1.6113,1.60,1.00
2010.01.11 07:19:26.625,1.6111,1.6113,2.30,1.00
2010.01.11 07:19:26.985,1.6112,1.6114,1.60,1.80
2010.01.11 07:19:27.335,1.6112,1.6114,1.60,1.60
2010.01.11 07:19:27.675,1.6112,1.61145,1.60,3.40
2010.01.11 07:19:30.464,1.61115,1.6114,1.60,3.40
2010.01.11 07:19:30.804,1.6111,1.6114,4.10,5.40
2010.01.11 07:19:30.854,1.6111,1.61135,4.10,1.60
2010.01.11 07:19:30.974,1.6111,1.61135,1.60,4.00
2010.01.11 07:19:33.103,1.61115,1.61135,1.60,3.20
2010.01.11 07:19:36.272,1.61115,1.61135,1.60,1.60
2010.01.11 07:19:44.790,1.61115,1.61135,1.60,2.00
2010.01.11 07:19:45.140,1.61115,1.61135,1.60,1.60
2010.01.11 07:19:50.889,1.6111,1.61135,2.50,1.60
2010.01.11 07:19:50.949,1.6111,1.61135,2.50,2.00
2010.01.11 07:19:51.069,1.6111,1.61135,1.60,2.00
2010.01.11 07:19:51.779,1.6111,1.61135,1.60,1.60
2010.01.11 07:19:52.159,1.61115,1.61135,1.60,1.60
2010.01.11 07:19:53.038,1.6111,1.61135,2.50,1.60
2010.01.11 07:19:53.279,1.6111,1.61135,1.60,1.60
2010.01.11 07:19:53.338,1.6111,1.6114,3.20,8.30
2010.01.11 07:19:54.298,1.6111,1.6114,3.20,8.80
2010.01.11 07:19:55.008,1.6111,1.6114,3.20,8.80
2010.01.11 07:20:00.846,1.6111,1.6114,3.20,7.20
2010.01.11 07:20:00.897,1.6111,1.6114,3.20,6.80
2010.01.11 07:20:01.066,1.6111,1.6114,4.80,5.20
2010.01.11 07:20:01.237,1.6111,1.6114,4.80,7.60
2010.01.11 07:20:01.536,1.6111,1.6114,4.80,7.20
2010.01.11 07:20:01.756,1.6111,1.6114,4.80,4.80
2010.01.11 07:20:02.176,1.6111,1.6114,4.80,7.20
2010.01.11 07:20:02.356,1.6111,1.6114,4.80,4.80
2010.01.11 07:20:02.746,1.6111,1.6114,4.80,7.20
2010.01.11 07:20:02.926,1.6111,1.6114,4.80,4.80
2010.01.11 07:20:03.106,1.6111,1.6114,4.80,7.20
2010.01.11 07:20:03.266,1.6111,1.6114,4.80,4.80
2010.01.11 07:20:03.626,1.6111,1.61145,4.80,14.00
2010.01.11 07:20:03.786,1.6111,1.6114,4.80,4.80
2010.01.11 07:20:04.146,1.6111,1.6114,4.80,7.20
2010.01.11 07:20:04.506,1.6111,1.61145,4.80,12.40
2010.01.11 07:20:04.676,1.6111,1.6114,4.80,7.20
2010.01.11 07:20:05.305,1.6111,1.6114,4.80,4.80
2010.01.11 07:20:05.645,1.6111,1.6114,4.80,7.20
2010.01.11 07:20:08.705,1.6111,1.6114,4.80,6.80
2010.01.11 07:20:10.124,1.6111,1.6114,4.80,6.80
2010.01.11 07:20:11.365,1.6111,1.6114,4.80,6.80
2010.01.11 07:20:11.534,1.61115,1.6114,1.60,6.80
2010.01.11 07:20:11.754,1.61115,1.6114,1.60,4.40
2010.01.11 07:20:14.643,1.61115,1.6114,1.60,3.60
2010.01.11 07:20:15.903,1.61125,1.61145,1.00,10.00
2010.01.11 07:20:16.073,1.61125,1.61145,1.00,3.60
2010.01.11 07:20:16.133,1.61135,1.61145,1.60,2.00
2010.01.11 07:20:16.193,1.61135,1.61145,1.60,2.00
2010.01.11 07:20:16.313,1.61135,1.61145,1.60,1.60
2010.01.11 07:20:16.363,1.6113,1.61145,3.20,1.60
2010.01.11 07:20:16.423,1.6113,1.61155,3.20,4.00
2010.01.11 07:20:16.533,1.6113,1.61155,2.50,4.00
2010.01.11 07:20:16.593,1.6113,1.61155,1.60,4.40
2010.01.11 07:20:18.052,1.6113,1.61155,1.60,4.50
2010.01.11 07:20:18.862,1.61135,1.6115,1.00,1.00
2010.01.11 07:20:19.162,1.61135,1.6115,1.00,1.00
2010.01.11 07:20:19.912,1.61135,1.61155,1.60,1.60
2010.01.11 07:20:24.141,1.61135,1.61155,1.60,1.60
2010.01.11 07:20:24.201,1.61135,1.6116,1.60,3.60
2010.01.11 07:20:24.311,1.61135,1.6116,1.60,5.20
2010.01.11 07:20:24.661,1.61135,1.6116,3.40,4.80
2010.01.11 07:20:25.021,1.61135,1.6116,3.80,2.40
2010.01.11 07:20:25.411,1.6115,1.6116,1.60,1.00
2010.01.11 07:20:25.911,1.61145,1.6116,1.60,1.00
2010.01.11 07:20:32.519,1.61145,1.6117,1.60,3.20
2010.01.11 07:20:33.289,1.6115,1.6117,2.20,1.60
2010.01.11 07:20:33.519,1.61145,1.61175,8.90,5.00
2010.01.11 07:20:33.749,1.6115,1.61175,2.30,5.00
2010.01.11 07:20:34.089,1.6115,1.6117,1.00,1.60
2010.01.11 07:20:35.898,1.61145,1.6116,3.20,1.00
2010.01.11 07:20:36.368,1.6115,1.6117,1.00,1.60
2010.01.11 07:20:37.548,1.61145,1.6117,3.20,1.60
2010.01.11 07:20:42.037,1.61145,1.6117,1.60,1.60
2010.01.11 07:20:42.387,1.6114,1.6117,8.40,1.60
2010.01.11 07:20:42.747,1.6114,1.61155,4.20,1.00
2010.01.11 07:20:43.096,1.61135,1.6116,3.20,1.80
2010.01.11 07:20:43.387,1.6114,1.6116,1.60,1.00
2010.01.11 07:20:43.507,1.6114,1.6116,1.00,3.20
2010.01.11 07:20:43.626,1.61135,1.6116,3.20,4.80
2010.01.11 07:20:43.746,1.61135,1.6116,1.60,4.80
2010.01.11 07:20:43.916,1.6113,1.6116,7.00,4.80
2010.01.11 07:20:44.186,1.61135,1.6116,1.60,4.80
2010.01.11 07:20:44.476,1.61135,1.6116,3.20,4.80
2010.01.11 07:20:45.176,1.61135,1.6116,3.20,4.40
2010.01.11 07:20:48.865,1.61135,1.6116,3.20,4.00
2010.01.11 07:20:48.985,1.61135,1.6116,3.20,3.20
2010.01.11 07:20:50.095,1.61135,1.6116,3.20,3.20
2010.01.11 07:20:50.435,1.61135,1.6116,3.20,4.00
2010.01.11 07:20:50.765,1.61135,1.6116,3.20,3.60
2010.01.11 07:20:53.044,1.6114,1.6116,3.20,1.00
2010.01.11 07:20:53.094,1.61145,1.6116,1.60,1.00
2010.01.11 07:20:53.204,1.61145,1.6116,1.60,1.00
2010.01.11 07:20:53.374,1.61145,1.61165,1.60,1.00
2010.01.11 07:20:53.484,1.61145,1.61165,3.20,1.00
2010.01.11 07:20:53.544,1.61145,1.61165,3.20,1.00
2010.01.11 07:20:53.664,1.6114,1.61165,3.80,1.00
2010.01.11 07:20:53.834,1.6114,1.61165,3.20,1.00
2010.01.11 07:20:54.504,1.61145,1.61165,1.60,1.00
2010.01.11 07:20:55.833,1.61145,1.61165,1.60,1.00
2010.01.11 07:20:56.403,1.6114,1.61165,3.20,1.00
2010.01.11 07:20:58.073,1.6114,1.61165,3.20,1.00
2010.01.11 07:20:58.413,1.6114,1.61165,3.20,1.00
2010.01.11 07:21:00.222,1.61145,1.61165,3.20,1.00
2010.01.11 07:21:01.402,1.61145,1.61165,3.20,1.00
2010.01.11 07:21:01.752,1.61145,1.6117,3.20,2.40
2010.01.11 07:21:02.052,1.61145,1.6117,3.20,1.60
2010.01.11 07:21:02.392,1.61145,1.6117,3.20,1.60
2010.01.11 07:21:02.742,1.61145,1.6117,3.20,2.60
2010.01.11 07:21:03.211,1.61145,1.6117,4.80,2.60
2010.01.11 07:21:03.381,1.6114,1.6117,8.30,1.60
2010.01.11 07:21:03.621,1.61145,1.61165,4.80,1.00
2010.01.11 07:21:03.851,1.61145,1.61165,5.40,1.00
2010.01.11 07:21:04.031,1.6115,1.61165,1.60,1.00
2010.01.11 07:21:04.251,1.61145,1.61165,4.80,1.00
2010.01.11 07:21:05.331,1.61145,1.61165,6.40,1.00
2010.01.11 07:21:09.900,1.6115,1.61165,1.60,1.00
2010.01.11 07:21:13.039,1.6115,1.61165,1.60,1.00
2010.01.11 07:21:15.889,1.61145,1.61165,1.60,1.00
2010.01.11 07:21:16.238,1.61145,1.61165,1.60,1.00
2010.01.11 07:21:17.598,1.61155,1.6117,6.40,1.00
2010.01.11 07:21:17.948,1.6117,1.6119,1.60,5.20
2010.01.11 07:21:18.348,1.6117,1.6119,1.60,4.00
2010.01.11 07:21:18.468,1.6117,1.6119,1.60,1.60
2010.01.11 07:21:18.758,1.6117,1.6119,1.60,1.00
2010.01.11 07:21:19.398,1.6117,1.6119,1.60,1.60
2010.01.11 07:21:21.256,1.6117,1.6119,3.20,1.00
2010.01.11 07:21:22.356,1.6117,1.6119,7.20,1.00
2010.01.11 07:21:22.866,1.6117,1.6119,4.80,1.00
2010.01.11 07:21:23.216,1.6117,1.6119,3.20,1.00
2010.01.11 07:21:23.396,1.6117,1.6119,1.60,1.00
2010.01.11 07:21:23.746,1.61165,1.6119,8.30,1.00
2010.01.11 07:21:27.825,1.61165,1.6119,9.90,1.00
2010.01.11 07:21:28.165,1.61165,1.6119,7.50,1.00
2010.01.11 07:21:31.004,1.61165,1.6119,7.70,1.00
2010.01.11 07:21:31.054,1.61165,1.6119,7.80,1.00
2010.01.11 07:21:31.464,1.61165,1.6119,6.20,1.00
2010.01.11 07:21:39.932,1.6117,1.61195,1.60,4.00
2010.01.11 07:21:40.902,1.6117,1.61195,1.60,5.60
2010.01.11 07:21:46.681,1.6117,1.61195,1.60,3.20
2010.01.11 07:21:46.801,1.6117,1.61195,1.60,1.60
2010.01.11 07:21:49.010,1.6117,1.61195,3.20,1.00
2010.01.11 07:21:49.130,1.61175,1.612,1.60,4.20
2010.01.11 07:21:49.470,1.61175,1.61205,1.60,13.20
2010.01.11 07:21:49.770,1.61175,1.61205,1.60,12.80
2010.01.11 07:21:50.520,1.61175,1.61205,1.60,12.80
2010.01.11 07:21:50.579,1.61175,1.61205,1.60,12.20
2010.01.11 07:21:51.289,1.61185,1.61205,1.00,10.60
2010.01.11 07:21:51.459,1.61185,1.61205,8.50,1.00
2010.01.11 07:21:51.689,1.61185,1.61205,6.40,1.30
2010.01.11 07:21:51.869,1.61185,1.6121,6.40,1.60
2010.01.11 07:21:52.099,1.61195,1.6121,2.40,1.60
2010.01.11 07:21:52.269,1.6119,1.61215,1.00,8.30
2010.01.11 07:21:52.659,1.61185,1.6121,1.60,1.70
2010.01.11 07:21:53.009,1.61185,1.6121,4.00,3.10
2010.01.11 07:21:54.259,1.61185,1.61205,6.40,1.10
2010.01.11 07:21:57.488,1.61195,1.6121,1.60,1.10
2010.01.11 07:21:57.888,1.6118,1.61205,12.00,1.60
2010.01.11 07:21:58.228,1.61185,1.61205,4.00,1.00
2010.01.11 07:21:58.517,1.61185,1.61205,4.00,1.30
2010.01.11 07:21:59.927,1.61185,1.61205,5.60,1.30
2010.01.11 07:22:01.257,1.61185,1.61205,2.40,1.30
2010.01.11 07:22:02.066,1.6118,1.61205,5.90,1.30
2010.01.11 07:22:03.576,1.6118,1.6121,5.90,9.00
2010.01.11 07:22:04.096,1.6118,1.6121,4.30,11.40
2010.01.11 07:22:04.316,1.6118,1.6121,4.30,11.80
2010.01.11 07:22:04.366,1.6118,1.6121,4.30,11.80
2010.01.11 07:22:04.986,1.6118,1.61205,4.30,6.20
2010.01.11 07:22:05.276,1.6118,1.61205,4.30,1.40
2010.01.11 07:22:10.115,1.6118,1.6121,5.90,11.80
2010.01.11 07:22:10.345,1.61185,1.6121,1.60,11.30
2010.01.11 07:22:16.093,1.6118,1.6121,3.20,15.00
2010.01.11 07:22:16.263,1.6118,1.61205,3.20,5.90
2010.01.11 07:22:16.603,1.6118,1.61205,3.20,2.70
2010.01.11 07:22:17.993,1.61195,1.61205,1.60,1.20
2010.01.11 07:22:18.223,1.6119,1.6122,3.20,14.40
2010.01.11 07:22:18.513,1.6119,1.6121,1.60,1.60
2010.01.11 07:22:18.912,1.61185,1.6121,1.60,6.40
2010.01.11 07:22:19.133,1.61185,1.61205,1.60,1.00
2010.01.11 07:22:19.302,1.6118,1.61205,4.30,1.00
2010.01.11 07:22:19.862,1.6118,1.61205,6.70,1.00
2010.01.11 07:22:20.202,1.6118,1.61205,4.30,1.00
2010.01.11 07:22:20.562,1.6118,1.61205,4.30,1.00
2010.01.11 07:22:21.952,1.6118,1.61205,3.20,4.50
2010.01.11 07:22:23.002,1.6118,1.61205,3.20,4.60
2010.01.11 07:22:30.570,1.6118,1.61205,3.20,4.90
2010.01.11 07:22:30.870,1.61185,1.61205,1.60,1.00
2010.01.11 07:22:32.080,1.6119,1.61215,5.60,7.60
2010.01.11 07:22:32.369,1.61185,1.61215,1.60,12.40
2010.01.11 07:22:32.709,1.61185,1.61215,1.60,12.50
2010.01.11 07:22:33.059,1.6118,1.61215,8.30,12.50
2010.01.11 07:22:33.299,1.6118,1.61215,6.70,12.50
2010.01.11 07:22:33.349,1.6118,1.61215,3.20,15.70
2010.01.11 07:22:33.459,1.6118,1.61195,3.20,1.00
2010.01.11 07:22:33.519,1.6118,1.61195,1.60,4.40
2010.01.11 07:22:33.699,1.6118,1.61185,1.60,1.60
2010.01.11 07:22:33.759,1.6117,1.61185,1.60,4.80
2010.01.11 07:22:34.289,1.6116,1.6117,3.20,1.00
2010.01.11 07:22:34.639,1.6116,1.6117,3.20,1.00
2010.01.11 07:22:34.999,1.6116,1.6117,1.60,1.00
2010.01.11 07:22:35.229,1.61165,1.6117,1.60,1.00
2010.01.11 07:22:35.409,1.61165,1.61185,1.60,4.80
2010.01.11 07:22:35.858,1.61175,1.6119,1.60,1.00
2010.01.11 07:22:36.038,1.61175,1.61195,1.60,3.20
2010.01.11 07:22:36.338,1.6117,1.612,6.40,5.60
2010.01.11 07:22:36.628,1.61165,1.612,6.40,11.20
2010.01.11 07:22:36.918,1.6116,1.61195,10.60,10.60
2010.01.11 07:22:37.218,1.6116,1.61195,6.20,11.10
2010.01.11 07:22:37.518,1.61165,1.61195,1.60,11.40
2010.01.11 07:22:37.928,1.6116,1.6119,3.20,13.30
2010.01.11 07:22:38.498,1.6117,1.61195,1.60,15.70
2010.01.11 07:22:38.778,1.6117,1.61195,2.20,3.40
2010.01.11 07:22:39.018,1.6117,1.61195,2.20,3.60
2010.01.11 07:22:39.307,1.6117,1.61195,2.20,3.50
2010.01.11 07:22:39.647,1.61175,1.61195,1.60,3.50
2010.01.11 07:22:40.338,1.61165,1.6119,4.80,2.60
2010.01.11 07:22:40.857,1.61165,1.6119,1.60,2.60
2010.01.11 07:22:42.027,1.61165,1.6119,1.00,2.60
2010.01.11 07:22:43.057,1.61165,1.61175,1.00,1.00
2010.01.11 07:22:43.516,1.6116,1.61175,4.80,1.00
2010.01.11 07:22:44.096,1.6116,1.61175,3.20,1.00
2010.01.11 07:22:44.436,1.6116,1.61175,1.60,1.00
2010.01.11 07:22:45.806,1.6116,1.61175,3.20,1.00
2010.01.11 07:22:46.196,1.6116,1.61175,1.60,1.00
2010.01.11 07:22:46.366,1.6116,1.61175,3.20,1.00
2010.01.11 07:22:46.596,1.6116,1.61175,1.60,1.00
2010.01.11 07:22:49.495,1.6116,1.61175,3.20,1.00
2010.01.11 07:22:49.605,1.6116,1.61175,3.80,1.00
2010.01.11 07:22:49.725,1.6116,1.61175,6.90,1.00
2010.01.11 07:22:50.795,1.61165,1.61175,1.00,1.00
2010.01.11 07:22:52.045,1.6117,1.61175,1.60,1.00
2010.01.11 07:22:52.394,1.6117,1.6119,1.60,3.60
2010.01.11 07:22:52.744,1.61175,1.6119,1.60,2.00
2010.01.11 07:22:53.104,1.6117,1.61195,2.40,3.60
2010.01.11 07:22:53.344,1.61165,1.61195,4.00,3.60
2010.01.11 07:22:53.624,1.61165,1.61195,4.00,3.40
2010.01.11 07:22:55.304,1.61165,1.61195,6.40,3.40
2010.01.11 07:22:55.534,1.61165,1.61195,4.00,3.40
2010.01.11 07:22:56.844,1.61165,1.61195,4.00,3.40
2010.01.11 07:23:02.012,1.61155,1.6118,3.20,3.40
2010.01.11 07:23:02.362,1.61155,1.6118,3.20,3.20
2010.01.11 07:23:03.812,1.6116,1.6118,1.60,1.60
2010.01.11 07:23:03.932,1.6116,1.61185,1.60,7.60
2010.01.11 07:23:04.112,1.6116,1.61185,1.60,3.60
2010.01.11 07:23:04.231,1.6116,1.61185,4.70,1.60
2010.01.11 07:23:04.462,1.6116,1.61185,2.30,1.60
2010.01.11 07:23:04.641,1.6116,1.61185,4.70,1.60
2010.01.11 07:23:07.771,1.6116,1.61185,6.30,1.60
2010.01.11 07:23:08.121,1.61165,1.61185,1.60,1.60
2010.01.11 07:23:11.340,1.61165,1.61185,4.00,1.60
2010.01.11 07:23:16.999,1.6116,1.61185,1.60,1.60
2010.01.11 07:23:28.896,1.6116,1.61185,1.60,3.20
2010.01.11 07:23:29.076,1.6116,1.61185,1.60,4.80
2010.01.11 07:23:31.025,1.6116,1.61185,1.60,4.80
2010.01.11 07:23:32.945,1.6116,1.61185,1.00,4.80
2010.01.11 07:23:33.295,1.6116,1.61185,1.00,12.00
2010.01.11 07:23:34.934,1.6116,1.61185,1.00,12.00
2010.01.11 07:23:35.114,1.6116,1.61185,1.60,3.20
2010.01.11 07:23:35.974,1.6116,1.61185,1.60,7.60
2010.01.11 07:23:36.034,1.61155,1.61175,5.60,6.40
2010.01.11 07:23:36.094,1.61155,1.61175,4.90,6.80
2010.01.11 07:23:36.144,1.61155,1.6117,3.20,1.00
2010.01.11 07:23:36.264,1.61155,1.6117,2.40,1.00
2010.01.11 07:23:36.324,1.61155,1.6118,4.00,1.70
2010.01.11 07:23:36.374,1.61155,1.6118,6.40,1.00
2010.01.11 07:23:36.494,1.61155,1.6118,6.40,1.00
2010.01.11 07:23:36.554,1.61155,1.6118,6.40,1.00
2010.01.11 07:23:36.674,1.61155,1.6118,6.60,1.00
2010.01.11 07:23:36.784,1.61155,1.6119,6.60,13.20
2010.01.11 07:23:36.844,1.61155,1.61185,6.60,5.60
2010.01.11 07:23:36.954,1.61155,1.61185,6.40,5.60
2010.01.11 07:23:37.254,1.61165,1.61185,1.60,3.20
2010.01.11 07:23:37.613,1.61165,1.61185,4.00,3.20
2010.01.11 07:23:37.963,1.61165,1.61185,1.60,1.60
2010.01.11 07:23:38.303,1.61165,1.61185,4.00,1.60
2010.01.11 07:23:39.743,1.61165,1.61185,1.60,1.60
2010.01.11 07:23:40.663,1.6116,1.61185,1.00,3.20
2010.01.11 07:23:40.783,1.6116,1.61185,1.00,3.60
2010.01.11 07:23:42.732,1.6116,1.61185,1.00,3.60
2010.01.11 07:23:43.022,1.6116,1.61185,1.00,3.20
2010.01.11 07:23:43.253,1.6116,1.61185,5.20,1.60
2010.01.11 07:23:43.372,1.6116,1.61185,2.80,3.20
2010.01.11 07:23:43.542,1.6116,1.61185,1.00,3.60
2010.01.11 07:23:45.222,1.6116,1.61185,5.20,1.60
2010.01.11 07:23:45.571,1.6116,1.61185,1.60,2.00
2010.01.11 07:23:47.562,1.61165,1.6119,2.40,4.80
2010.01.11 07:23:47.901,1.61165,1.6119,4.80,3.20
2010.01.11 07:23:48.261,1.61165,1.6119,2.40,3.20
2010.01.11 07:23:48.601,1.61165,1.6119,2.40,1.60
2010.01.11 07:23:48.721,1.61165,1.61195,2.40,7.20
2010.01.11 07:23:48.831,1.61165,1.61195,2.40,7.20
2010.01.11 07:23:49.001,1.61165,1.61195,3.40,7.20
2010.01.11 07:23:49.061,1.61165,1.61195,5.80,7.20
2010.01.11 07:23:49.171,1.61165,1.61195,5.80,5.60
2010.01.11 07:23:49.231,1.61165,1.61195,5.80,4.80
2010.01.11 07:23:49.291,1.61165,1.61195,5.40,4.80
2010.01.11 07:23:49.651,1.61165,1.61195,9.00,4.80
2010.01.11 07:23:50.001,1.61165,1.6118,5.00,1.10
2010.01.11 07:23:50.350,1.6117,1.61195,4.00,1.20
2010.01.11 07:23:50.470,1.6117,1.61195,4.00,1.00
2010.01.11 07:23:50.591,1.6117,1.61195,4.00,1.60
2010.01.11 07:23:50.760,1.6117,1.61195,1.60,3.20
2010.01.11 07:23:50.880,1.61165,1.61195,6.20,4.80
2010.01.11 07:23:53.070,1.6117,1.61195,1.60,1.60
2010.01.11 07:23:53.420,1.6117,1.61195,4.00,1.60
2010.01.11 07:23:55.079,1.6117,1.61195,4.00,1.60
2010.01.11 07:23:58.978,1.61175,1.61195,1.60,1.60
2010.01.11 07:23:59.208,1.61175,1.61205,1.60,15.20
2010.01.11 07:23:59.328,1.61175,1.61205,1.60,16.00
2010.01.11 07:24:00.828,1.61175,1.61205,1.60,16.00
2010.01.11 07:24:01.008,1.61175,1.612,1.60,6.40
2010.01.11 07:24:01.228,1.6117,1.612,4.80,8.00
2010.01.11 07:24:01.408,1.6117,1.612,6.40,7.20
2010.01.11 07:24:01.758,1.6117,1.61195,4.00,3.80
2010.01.11 07:24:02.118,1.61165,1.6119,5.20,5.40
2010.01.11 07:24:02.468,1.61165,1.6119,1.00,12.40
2010.01.11 07:24:02.828,1.61155,1.61185,2.40,12.20
2010.01.11 07:24:03.177,1.6115,1.61185,9.60,14.60
2010.01.11 07:24:03.517,1.6115,1.61185,9.60,14.90
2010.01.11 07:24:03.868,1.6115,1.6118,9.60,2.10
2010.01.11 07:24:04.227,1.61165,1.6118,1.60,2.10
2010.01.11 07:24:04.527,1.6117,1.6119,7.60,2.80
2010.01.11 07:24:06.557,1.6117,1.6119,7.60,2.70
2010.01.11 07:24:06.667,1.6117,1.6119,7.60,1.10
2010.01.11 07:24:06.777,1.6117,1.6119,7.60,1.00
2010.01.11 07:24:06.827,1.61175,1.6119,1.60,1.00
2010.01.11 07:24:07.246,1.61175,1.612,4.00,7.80
2010.01.11 07:24:08.656,1.61175,1.612,4.60,4.90
2010.01.11 07:24:08.776,1.61175,1.61205,4.60,12.00
2010.01.11 07:24:08.836,1.61175,1.61205,4.70,12.00
2010.01.11 07:24:08.897,1.61175,1.61205,7.10,9.60
2010.01.11 07:24:09.286,1.61175,1.61205,6.40,9.60
2010.01.11 07:24:09.396,1.6118,1.61205,1.00,9.60
2010.01.11 07:24:10.076,1.6118,1.612,4.50,1.60
2010.01.11 07:24:10.436,1.6118,1.612,1.40,1.60
2010.01.11 07:24:10.946,1.61185,1.612,1.00,1.60
2010.01.11 07:24:12.915,1.61185,1.612,1.00,3.20
2010.01.11 07:24:13.895,1.61185,1.61195,1.00,1.00
2010.01.11 07:24:14.655,1.61185,1.61205,1.00,10.40
2010.01.11 07:24:15.335,1.61185,1.61205,1.00,10.00
2010.01.11 07:24:16.264,1.61185,1.612,1.00,3.20
2010.01.11 07:24:16.664,1.61185,1.612,1.00,3.20
2010.01.11 07:24:16.904,1.61185,1.61205,1.00,9.20
2010.01.11 07:24:20.143,1.61185,1.61205,1.00,7.60
2010.01.11 07:24:22.613,1.61185,1.61205,1.00,8.00
2010.01.11 07:24:22.913,1.61185,1.61205,1.00,7.60
2010.01.11 07:24:23.212,1.61185,1.61205,1.00,7.20
2010.01.11 07:24:28.281,1.6119,1.61205,1.60,4.80
2010.01.11 07:24:28.391,1.6119,1.61215,5.10,6.60
2010.01.11 07:24:28.731,1.6119,1.6122,5.10,7.60
2010.01.11 07:24:28.841,1.6119,1.6122,6.40,7.20
2010.01.11 07:24:29.011,1.6119,1.6122,4.80,7.20
2010.01.11 07:24:29.181,1.61185,1.6122,11.40,12.80
2010.01.11 07:24:29.521,1.61185,1.6122,9.00,12.80
2010.01.11 07:24:29.881,1.61185,1.6122,6.60,12.80
2010.01.11 07:24:31.101,1.61185,1.61215,11.40,3.20
2010.01.11 07:24:33.670,1.61185,1.61215,11.90,3.20
2010.01.11 07:24:33.850,1.61185,1.61205,11.90,2.30
2010.01.11 07:24:33.900,1.61185,1.6121,10.30,2.30
2010.01.11 07:24:33.960,1.61185,1.6121,8.70,3.90
2010.01.11 07:24:34.080,1.61185,1.6121,6.30,5.50
2010.01.11 07:24:34.480,1.61185,1.6121,5.70,5.50
2010.01.11 07:24:34.600,1.61185,1.6121,5.50,5.50
2010.01.11 07:24:34.830,1.61185,1.6121,3.10,7.10
2010.01.11 07:24:34.940,1.61185,1.6121,5.50,7.10
2010.01.11 07:24:35.280,1.61185,1.6121,3.10,7.10
2010.01.11 07:24:41.878,1.61185,1.612,1.90,1.00
2010.01.11 07:24:42.258,1.61185,1.6121,1.50,14.30
2010.01.11 07:24:44.088,1.61185,1.6121,1.60,14.30
2010.01.11 07:24:50.786,1.61185,1.61205,2.80,2.30
2010.01.11 07:24:51.126,1.61185,1.6121,1.60,12.70
2010.01.11 07:24:53.335,1.61185,1.61205,1.50,2.30
2010.01.11 07:24:54.425,1.61185,1.61205,1.60,2.30
2010.01.11 07:24:54.605,1.61185,1.61205,1.60,3.90
2010.01.11 07:24:54.785,1.61185,1.61205,1.50,4.70
2010.01.11 07:24:54.965,1.61185,1.61205,1.00,4.70
2010.01.11 07:24:55.785,1.61185,1.61205,1.00,4.80
2010.01.11 07:25:00.394,1.61185,1.61205,1.00,3.90
2010.01.11 07:25:00.734,1.61185,1.61205,1.00,4.70
2010.01.11 07:25:03.023,1.61185,1.61205,1.00,6.40
2010.01.11 07:25:05.362,1.61185,1.61205,1.00,4.80
2010.01.11 07:25:07.232,1.61185,1.61205,1.00,4.70
2010.01.11 07:25:07.342,1.61185,1.61205,1.00,5.50
2010.01.11 07:25:07.742,1.61185,1.61205,1.00,3.90
2010.01.11 07:25:08.742,1.61185,1.61205,1.00,3.90
2010.01.11 07:25:10.871,1.61185,1.61205,1.00,5.50
2010.01.11 07:25:11.101,1.61185,1.61205,1.00,2.30
2010.01.11 07:25:11.281,1.61185,1.61205,1.00,3.90
2010.01.11 07:25:11.981,1.61185,1.61205,1.00,2.30
2010.01.11 07:25:13.020,1.61185,1.61205,1.00,2.30
2010.01.11 07:25:16.160,1.61185,1.61205,1.00,1.80
2010.01.11 07:25:16.210,1.61185,1.61205,2.50,1.80
2010.01.11 07:25:16.270,1.61185,1.61205,2.70,1.80
2010.01.11 07:25:16.330,1.61185,1.61205,2.90,1.80
2010.01.11 07:25:16.450,1.6119,1.61205,1.60,1.00
2010.01.11 07:25:16.800,1.61195,1.6122,1.00,9.60
2010.01.11 07:25:16.910,1.61195,1.6122,1.00,9.60
2010.01.11 07:25:17.260,1.61195,1.6122,1.00,8.80
2010.01.11 07:25:17.599,1.61195,1.6122,1.10,8.00
2010.01.11 07:25:17.939,1.61195,1.6122,1.00,7.20
2010.01.11 07:25:19.629,1.61195,1.61225,1.00,13.60
2010.01.11 07:25:21.549,1.61195,1.6122,1.00,4.80
2010.01.11 07:25:22.958,1.61205,1.61225,1.00,12.80
2010.01.11 07:25:23.288,1.61205,1.61225,1.00,10.40
2010.01.11 07:25:23.628,1.61205,1.61225,1.00,10.20
2010.01.11 07:25:23.968,1.6121,1.61225,1.00,10.20
2010.01.11 07:25:24.248,1.6121,1.61225,1.00,10.20
2010.01.11 07:25:24.898,1.6121,1.61225,1.00,10.40
2010.01.11 07:25:27.937,1.6121,1.6123,1.00,9.60
2010.01.11 07:25:28.237,1.6121,1.6123,1.00,3.20
2010.01.11 07:25:28.527,1.61215,1.61235,1.00,7.20
2010.01.11 07:25:28.647,1.61215,1.61235,1.00,5.60
2010.01.11 07:25:28.817,1.61215,1.61235,1.00,5.60
2010.01.11 07:25:29.087,1.61215,1.61235,1.00,4.00
2010.01.11 07:25:30.516,1.61215,1.61235,1.00,5.60
2010.01.11 07:25:31.196,1.61215,1.61235,1.00,5.60
2010.01.11 07:25:33.905,1.61215,1.61235,1.00,5.60
2010.01.11 07:25:34.136,1.61215,1.61235,1.50,5.60
2010.01.11 07:25:34.296,1.61215,1.61235,1.50,5.60
2010.01.11 07:25:34.356,1.61215,1.61235,3.10,3.20
2010.01.11 07:25:34.416,1.61215,1.61235,3.10,1.60
2010.01.11 07:25:34.875,1.61215,1.6124,3.10,11.10
2010.01.11 07:25:35.535,1.61215,1.6124,3.20,11.10
2010.01.11 07:25:36.245,1.61215,1.6124,3.30,11.10
2010.01.11 07:25:36.775,1.61215,1.6124,3.40,11.10
2010.01.11 07:25:37.735,1.61215,1.6124,3.90,11.10
2010.01.11 07:25:45.173,1.61205,1.61225,1.20,1.00
2010.01.11 07:25:52.511,1.61205,1.61225,1.20,1.90
2010.01.11 07:25:54.731,1.6121,1.61225,1.60,1.00
2010.01.11 07:25:55.140,1.6121,1.61225,7.20,1.00
2010.01.11 07:25:55.310,1.6121,1.61235,4.80,6.10
2010.01.11 07:25:55.661,1.6121,1.61235,4.80,4.10
2010.01.11 07:25:55.991,1.6121,1.61235,5.40,4.10
2010.01.11 07:25:56.530,1.6121,1.61235,7.00,4.10
2010.01.11 07:25:56.640,1.6121,1.61235,13.40,2.50
2010.01.11 07:25:56.800,1.6122,1.61235,1.40,2.40
2010.01.11 07:25:57.080,1.6122,1.61235,1.40,1.60
2010.01.11 07:25:57.380,1.6122,1.6124,3.00,1.60
2010.01.11 07:25:58.180,1.6122,1.6124,3.40,1.60
2010.01.11 07:25:58.860,1.61225,1.61245,1.60,4.40
2010.01.11 07:25:58.979,1.61225,1.61245,1.60,3.60
2010.01.11 07:26:00.459,1.61225,1.61245,1.60,4.40
2010.01.11 07:26:00.859,1.6122,1.61245,3.40,4.40
2010.01.11 07:26:01.739,1.6122,1.61245,2.00,4.40
2010.01.11 07:26:02.029,1.6122,1.61245,4.40,4.40
2010.01.11 07:26:02.259,1.6122,1.61245,2.00,4.40
2010.01.11 07:26:02.619,1.6122,1.61245,1.60,4.40
2010.01.11 07:26:04.029,1.6122,1.61245,1.60,2.80
2010.01.11 07:26:04.318,1.6122,1.61245,4.80,2.80
2010.01.11 07:26:04.548,1.6122,1.61245,10.40,2.80
2010.01.11 07:26:04.788,1.6122,1.61245,8.00,2.80
2010.01.11 07:26:05.278,1.6122,1.61245,8.80,2.80
2010.01.11 07:26:06.668,1.6122,1.6124,8.80,1.60
2010.01.11 07:26:07.687,1.61225,1.6124,1.00,1.60
2010.01.11 07:26:08.387,1.61225,1.6124,1.00,1.60
2010.01.11 07:26:10.837,1.61225,1.6124,1.00,1.60
2010.01.11 07:26:10.897,1.61225,1.6124,1.00,1.60
2010.01.11 07:26:11.347,1.6122,1.6124,8.80,1.60
2010.01.11 07:26:12.086,1.61225,1.6124,1.00,1.60
2010.01.11 07:26:20.224,1.61225,1.61245,1.00,4.80
2010.01.11 07:26:20.574,1.61225,1.61245,1.00,3.20
2010.01.11 07:26:21.854,1.61225,1.61245,1.00,2.40
2010.01.11 07:26:23.244,1.61225,1.61245,1.60,1.00
2010.01.11 07:26:23.543,1.6123,1.61255,8.00,4.30
2010.01.11 07:26:23.714,1.6123,1.61255,8.00,3.00
2010.01.11 07:26:23.833,1.61235,1.61255,1.60,2.20
2010.01.11 07:26:23.943,1.61235,1.61255,1.60,1.00
2010.01.11 07:26:25.853,1.61235,1.61255,1.60,1.00
2010.01.11 07:26:29.072,1.61235,1.61255,3.20,1.00
2010.01.11 07:26:29.182,1.61235,1.61255,1.60,1.00
2010.01.11 07:26:29.362,1.61235,1.61255,4.90,1.00
2010.01.11 07:26:29.462,1.61245,1.61255,1.60,1.00
2010.01.11 07:26:29.992,1.6125,1.61255,1.60,1.00
2010.01.11 07:26:30.232,1.6125,1.61265,1.60,1.00
2010.01.11 07:26:30.572,1.6125,1.61265,1.60,1.00
2010.01.11 07:26:30.912,1.6125,1.6127,1.60,4.00
2010.01.11 07:26:31.272,1.6125,1.6127,1.60,3.20
2010.01.11 07:26:31.682,1.61255,1.6127,1.60,3.20
2010.01.11 07:26:31.732,1.61255,1.6127,4.00,3.20
2010.01.11 07:26:31.852,1.61265,1.6127,1.60,1.60
2010.01.11 07:26:31.912,1.61265,1.6128,1.60,5.00
2010.01.11 07:26:31.972,1.6126,1.6128,3.20,6.60
2010.01.11 07:26:32.092,1.6126,1.6128,5.90,5.60
2010.01.11 07:26:32.151,1.6126,1.6128,1.90,5.60
2010.01.11 07:26:32.332,1.6126,1.61275,1.00,1.60
2010.01.11 07:26:33.021,1.61255,1.61275,1.60,4.80
2010.01.11 07:26:33.371,1.61255,1.61275,1.80,4.80
2010.01.11 07:26:33.491,1.61255,1.61275,1.60,4.80
2010.01.11 07:26:34.761,1.61255,1.61275,1.80,4.80
2010.01.11 07:26:34.991,1.61255,1.61275,2.00,4.80
2010.01.11 07:26:35.851,1.61255,1.6127,1.00,1.60
2010.01.11 07:26:36.081,1.6125,1.6127,1.60,1.60
2010.01.11 07:26:37.740,1.6125,1.6127,1.60,3.20
2010.01.11 07:26:38.040,1.61255,1.6127,1.00,3.20
2010.01.11 07:26:38.270,1.61255,1.6127,1.00,1.60
2010.01.11 07:26:38.440,1.61255,1.6127,1.00,1.60
2010.01.11 07:26:38.620,1.6125,1.6127,1.60,3.20
2010.01.11 07:26:39.020,1.6125,1.6127,1.60,1.60
2010.01.11 07:26:39.790,1.61255,1.6127,1.00,1.60
2010.01.11 07:26:40.020,1.61255,1.6127,1.00,1.60
2010.01.11 07:26:40.829,1.6125,1.6127,1.60,1.60
2010.01.11 07:26:42.269,1.61255,1.6127,1.00,1.60
2010.01.11 07:26:42.549,1.61255,1.61275,1.00,5.20
2010.01.11 07:26:43.079,1.61255,1.61275,1.00,5.20
2010.01.11 07:26:43.309,1.6125,1.61275,1.00,5.20
2010.01.11 07:26:44.769,1.6125,1.61275,1.00,3.60
2010.01.11 07:26:48.928,1.6125,1.61275,2.40,3.60
2010.01.11 07:26:49.227,1.6125,1.6128,1.00,13.00
2010.01.11 07:26:51.127,1.6125,1.61275,1.60,3.20
2010.01.11 07:26:51.847,1.6125,1.61275,3.20,3.20
2010.01.11 07:26:52.297,1.6125,1.61275,3.20,1.60
2010.01.11 07:26:53.057,1.6125,1.61275,1.60,1.60
2010.01.11 07:26:53.277,1.61255,1.6128,1.60,10.40
2010.01.11 07:26:53.496,1.61255,1.6128,1.60,5.60
2010.01.11 07:26:53.676,1.61255,1.6128,1.80,5.60
2010.01.11 07:27:02.334,1.61255,1.6128,1.80,5.60
2010.01.11 07:27:02.394,1.61255,1.6128,1.60,5.60
2010.01.11 07:27:03.144,1.61245,1.6127,9.60,1.60
2010.01.11 07:27:03.474,1.61245,1.6127,4.00,3.40
2010.01.11 07:27:03.754,1.6124,1.61265,12.80,1.60
2010.01.11 07:27:04.044,1.6124,1.61265,9.60,1.60
2010.01.11 07:27:04.284,1.6124,1.61265,9.60,2.00
2010.01.11 07:27:04.554,1.61245,1.61265,1.60,1.00
2010.01.11 07:27:05.604,1.61245,1.61265,1.60,1.00
2010.01.11 07:27:07.273,1.61245,1.61265,1.60,1.00
2010.01.11 07:27:07.563,1.6124,1.6126,3.20,2.30
2010.01.11 07:27:07.843,1.6124,1.6126,3.20,9.20
2010.01.11 07:27:08.193,1.6124,1.6126,3.20,2.30
2010.01.11 07:27:08.483,1.6124,1.61265,1.60,1.00
2010.01.11 07:27:08.823,1.61245,1.61265,1.60,1.00
2010.01.11 07:27:09.812,1.6125,1.61265,1.60,1.00
2010.01.11 07:27:10.262,1.6124,1.61265,6.40,2.40
2010.01.11 07:27:10.612,1.6124,1.61265,3.20,2.00
2010.01.11 07:27:12.332,1.61245,1.61265,1.60,1.00
2010.01.11 07:27:13.992,1.61245,1.61265,1.60,1.00
2010.01.11 07:27:14.871,1.6124,1.61265,5.60,1.00
2010.01.11 07:27:16.731,1.6124,1.61265,4.00,1.00
2010.01.11 07:27:20.420,1.6124,1.61265,1.60,1.00
2010.01.11 07:27:21.470,1.61235,1.61265,8.00,6.40
2010.01.11 07:27:22.909,1.6124,1.61265,1.00,6.40
2010.01.11 07:27:23.639,1.6124,1.61265,1.00,6.80
2010.01.11 07:27:23.759,1.6124,1.61265,1.00,6.90
2010.01.11 07:27:23.809,1.6124,1.61265,1.00,6.80
2010.01.11 07:27:24.029,1.6124,1.61265,1.00,6.80
2010.01.11 07:27:24.209,1.6124,1.61265,1.00,9.20
2010.01.11 07:27:24.829,1.6124,1.61265,1.00,2.80
2010.01.11 07:27:25.899,1.61235,1.61265,10.40,2.80
2010.01.11 07:27:26.189,1.61235,1.6126,8.00,1.00
2010.01.11 07:27:26.478,1.61235,1.6126,6.40,1.00
2010.01.11 07:27:26.989,1.61235,1.6126,4.70,2.10
2010.01.11 07:27:27.288,1.61235,1.6126,1.60,2.10
2010.01.11 07:27:28.398,1.61245,1.6126,1.00,1.80
2010.01.11 07:27:28.678,1.61245,1.6127,4.00,4.20
2010.01.11 07:27:28.908,1.6124,1.6127,6.40,3.40
2010.01.11 07:27:29.188,1.6125,1.61275,2.00,5.60
2010.01.11 07:27:29.368,1.61245,1.6127,4.00,1.60
2010.01.11 07:27:29.598,1.61245,1.6127,6.40,3.20
2010.01.11 07:27:30.737,1.61245,1.6127,1.60,3.20
2010.01.11 07:27:31.137,1.61245,1.6127,4.00,1.60
2010.01.11 07:27:31.187,1.61245,1.6127,4.20,1.60
2010.01.11 07:27:31.408,1.61245,1.6127,6.60,1.60
2010.01.11 07:27:31.467,1.6125,1.61275,4.00,5.60
2010.01.11 07:27:31.527,1.6125,1.61275,1.60,5.60
2010.01.11 07:27:31.647,1.6125,1.61275,4.00,5.60
2010.01.11 07:27:32.797,1.6126,1.61275,3.00,2.40
2010.01.11 07:27:33.147,1.61255,1.6128,1.00,4.00
2010.01.11 07:27:33.377,1.61255,1.61275,1.00,1.60
2010.01.11 07:27:33.657,1.6126,1.61275,1.40,1.60
2010.01.11 07:27:34.867,1.6126,1.61275,1.80,1.60
2010.01.11 07:27:35.096,1.61255,1.6128,5.80,5.60
2010.01.11 07:27:35.326,1.61265,1.61285,1.20,5.60
2010.01.11 07:27:35.627,1.61265,1.61285,1.00,6.40
2010.01.11 07:27:35.857,1.6126,1.6128,1.00,1.60
2010.01.11 07:27:36.096,1.6127,1.61285,4.70,1.60
2010.01.11 07:27:36.377,1.6128,1.61295,1.00,6.40
2010.01.11 07:27:36.556,1.61275,1.61295,1.00,4.00
2010.01.11 07:27:36.736,1.61275,1.61295,1.00,5.60
2010.01.11 07:27:36.946,1.61275,1.61295,1.00,4.80
2010.01.11 07:27:37.126,1.61275,1.61295,1.00,6.80
2010.01.11 07:27:37.646,1.6129,1.613,2.20,1.60
2010.01.11 07:27:38.167,1.61295,1.61315,1.00,5.60
2010.01.11 07:27:38.505,1.61295,1.61315,1.00,5.60
2010.01.11 07:27:38.786,1.61295,1.61315,1.00,5.60
2010.01.11 07:27:39.125,1.613,1.6132,1.60,5.60
2010.01.11 07:27:39.235,1.613,1.6132,2.40,2.40
2010.01.11 07:27:39.585,1.61305,1.6132,5.60,1.00
2010.01.11 07:27:39.935,1.613,1.6133,8.00,7.10
2010.01.11 07:27:40.265,1.61305,1.61325,2.80,1.60
2010.01.11 07:27:40.615,1.613,1.61325,5.60,1.00
2010.01.11 07:27:41.025,1.613,1.6132,1.60,1.80
2010.01.11 07:27:41.325,1.613,1.61325,4.00,3.20
2010.01.11 07:27:41.675,1.61295,1.61325,9.00,5.20
2010.01.11 07:27:42.375,1.61295,1.61325,9.80,3.60
2010.01.11 07:27:42.734,1.613,1.61325,4.00,1.60
2010.01.11 07:27:43.074,1.613,1.6133,6.40,4.80
2010.01.11 07:27:43.414,1.6131,1.61335,4.80,1.60
2010.01.11 07:27:44.004,1.6131,1.61335,6.40,1.60
2010.01.11 07:27:45.914,1.6131,1.6134,6.40,5.20
2010.01.11 07:27:46.244,1.61315,1.6134,2.30,5.20
2010.01.11 07:27:46.534,1.61325,1.6134,1.60,3.60
2010.01.11 07:27:46.813,1.6132,1.6134,1.60,2.00
2010.01.11 07:27:47.103,1.6132,1.61345,1.60,2.00
2010.01.11 07:27:47.444,1.6132,1.6135,1.60,12.60
2010.01.11 07:27:47.743,1.6132,1.6135,1.60,13.40
2010.01.11 07:27:48.023,1.6132,1.6134,1.00,1.00
2010.01.11 07:27:48.293,1.6132,1.6135,1.00,12.30
2010.01.11 07:27:49.053,1.6132,1.6135,4.90,7.50
2010.01.11 07:27:49.533,1.61315,1.6135,15.00,7.50
2010.01.11 07:27:49.703,1.61315,1.6135,13.50,12.30
2010.01.11 07:27:49.873,1.61315,1.6135,13.50,10.70
2010.01.11 07:27:51.863,1.61325,1.6135,1.60,10.70
2010.01.11 07:27:52.562,1.6132,1.61345,1.70,3.20
2010.01.11 07:27:52.912,1.6132,1.61345,1.70,1.60
2010.01.11 07:27:53.182,1.6132,1.6135,11.60,4.30
2010.01.11 07:27:53.412,1.6132,1.6135,11.60,3.50
2010.01.11 07:27:53.652,1.6132,1.6135,8.40,5.10
2010.01.11 07:27:54.222,1.6132,1.6135,6.00,5.10
2010.01.11 07:27:55.002,1.61325,1.6135,1.60,1.90
2010.01.11 07:27:55.651,1.61325,1.6135,1.60,1.80
2010.01.11 07:27:55.992,1.61325,1.6135,1.60,1.60
2010.01.11 07:27:58.161,1.61325,1.61355,11.60,2.00
2010.01.11 07:27:59.321,1.6133,1.6136,8.40,4.00
2010.01.11 07:27:59.541,1.6133,1.6136,10.00,1.60
2010.01.11 07:27:59.781,1.6133,1.6136,10.00,1.60
2010.01.11 07:28:00.061,1.61335,1.6136,12.00,1.60
2010.01.11 07:28:00.291,1.61345,1.6137,19.80,1.00
2010.01.11 07:28:00.580,1.6135,1.6138,20.80,5.50
2010.01.11 07:28:00.880,1.6135,1.6138,11.20,5.50
2010.01.11 07:28:01.270,1.61355,1.6138,2.10,5.50
2010.01.11 07:28:01.560,1.61355,1.6138,2.10,4.00
2010.01.11 07:28:02.710,1.6135,1.6138,10.50,3.20
2010.01.11 07:28:03.050,1.6136,1.6138,1.00,3.20
2010.01.11 07:28:03.620,1.6136,1.6138,1.00,1.70
2010.01.11 07:28:03.680,1.6136,1.6138,2.00,1.00
2010.01.11 07:28:04.139,1.6136,1.6138,1.00,1.60
2010.01.11 07:28:04.429,1.61355,1.61375,2.00,1.60
2010.01.11 07:28:04.489,1.6135,1.61375,7.20,3.60
2010.01.11 07:28:04.839,1.6135,1.6137,4.80,3.20
2010.01.11 07:28:05.199,1.61345,1.6137,2.20,3.20
2010.01.11 07:28:05.549,1.61345,1.6137,2.20,3.40
2010.01.11 07:28:05.889,1.61345,1.6137,2.20,3.90
2010.01.11 07:28:06.599,1.61345,1.61365,1.00,2.00
2010.01.11 07:28:07.579,1.61345,1.61365,1.00,6.00
2010.01.11 07:28:07.868,1.61345,1.6136,1.00,3.00
2010.01.11 07:28:08.099,1.61335,1.6136,2.20,4.60
2010.01.11 07:28:09.038,1.61335,1.6136,2.00,4.70
2010.01.11 07:28:09.278,1.61335,1.6136,1.60,4.70
2010.01.11 07:28:10.408,1.6133,1.61355,8.00,1.60
2010.01.11 07:28:10.748,1.6133,1.61355,3.20,1.60
2010.01.11 07:28:11.098,1.6133,1.61355,3.20,1.60
2010.01.11 07:28:11.158,1.6133,1.6135,1.60,2.30
2010.01.11 07:28:11.268,1.61325,1.6135,6.70,2.30
2010.01.11 07:28:11.437,1.61325,1.6135,6.60,2.30
2010.01.11 07:28:11.548,1.61325,1.6135,6.20,2.30
2010.01.11 07:28:12.947,1.61325,1.6135,6.20,2.40
2010.01.11 07:28:13.277,1.61325,1.6135,5.00,2.40
2010.01.11 07:28:13.577,1.61325,1.6135,4.80,2.40
2010.01.11 07:28:13.797,1.61325,1.6135,4.00,2.40
2010.01.11 07:28:14.027,1.61325,1.6135,1.00,8.60
2010.01.11 07:28:14.317,1.6132,1.6134,7.20,1.00
2010.01.11 07:28:14.427,1.6132,1.6134,5.60,1.00
2010.01.11 07:28:14.547,1.6132,1.6134,5.60,1.00
2010.01.11 07:28:14.667,1.6132,1.6134,5.60,1.00
2010.01.11 07:28:15.387,1.6132,1.6134,1.60,1.00
2010.01.11 07:28:16.096,1.6132,1.6134,1.60,1.00
2010.01.11 07:28:16.447,1.61315,1.6133,9.60,1.00
2010.01.11 07:28:16.556,1.61315,1.6133,3.20,1.00
2010.01.11 07:28:16.616,1.61315,1.6133,1.60,1.00
2010.01.11 07:28:17.016,1.6131,1.6133,5.40,1.00
2010.01.11 07:28:17.526,1.6131,1.6133,4.60,1.00
2010.01.11 07:28:18.906,1.6131,1.6133,6.20,1.00
2010.01.11 07:28:19.246,1.61315,1.6133,2.40,1.00
2010.01.11 07:28:19.716,1.6131,1.6133,7.20,1.00
2010.01.11 07:28:20.185,1.6131,1.6133,9.60,1.00
2010.01.11 07:28:20.696,1.6131,1.6133,5.60,1.00
2010.01.11 07:28:21.045,1.6131,1.6132,5.60,1.00
2010.01.11 07:28:21.385,1.6131,1.6134,5.60,7.20
2010.01.11 07:28:21.555,1.61315,1.6134,2.40,7.20
2010.01.11 07:28:21.675,1.6131,1.6134,12.00,3.90
2010.01.11 07:28:21.795,1.6131,1.6134,12.00,2.30
2010.01.11 07:28:21.915,1.6131,1.6134,12.00,2.00
2010.01.11 07:28:22.035,1.61315,1.6134,1.60,1.60
2010.01.11 07:28:22.155,1.61315,1.6134,3.20,1.60
2010.01.11 07:28:23.545,1.61315,1.6134,8.00,1.60
2010.01.11 07:28:23.894,1.61315,1.6134,3.20,1.60
2010.01.11 07:28:24.124,1.61315,1.6134,3.20,1.80
2010.01.11 07:28:25.334,1.61315,1.61335,3.20,2.40
2010.01.11 07:28:25.574,1.6131,1.61335,6.40,2.40
2010.01.11 07:28:26.374,1.61305,1.6132,12.80,1.00
2010.01.11 07:28:26.484,1.61305,1.61335,12.80,4.00
2010.01.11 07:28:26.654,1.6131,1.61335,4.80,4.80
