2009.12.20 23:00:00.469,1.61175,1.6122,1.00,1.00
2009.12.20 23:00:05.008,1.6118,1.61225,1.00,1.00
2009.12.20 23:00:36.241,1.6118,1.61225,1.00,1.00
2009.12.20 23:00:40.230,1.6118,1.61225,1.00,1.00
2009.12.20 23:01:10.522,1.61195,1.61225,1.00,1.00
2009.12.20 23:01:10.702,1.61195,1.61225,1.00,1.00
2009.12.20 23:01:13.491,1.61195,1.61225,1.00,1.00
2009.12.20 23:01:13.791,1.61185,1.61225,1.00,1.00
2009.12.20 23:01:18.700,1.61185,1.61225,1.00,1.00
2009.12.20 23:01:32.337,1.61195,1.61225,1.00,1.00
2009.12.20 23:01:39.505,1.61195,1.61225,1.00,1.00
2009.12.20 23:01:43.404,1.61195,1.61225,1.00,1.00
2009.12.20 23:01:43.744,1.61195,1.61225,1.40,1.00
2009.12.20 23:01:44.044,1.61195,1.61225,1.00,1.00
2009.12.20 23:01:44.434,1.61185,1.61225,1.00,1.00
2009.12.20 23:01:45.014,1.61185,1.6123,1.00,1.00
2009.12.20 23:01:45.294,1.61185,1.61225,1.00,1.60
2009.12.20 23:01:45.654,1.61165,1.61225,3.40,1.70
2009.12.20 23:01:45.944,1.61165,1.61225,1.80,1.70
2009.12.20 23:01:46.633,1.61165,1.61225,1.80,1.80
2009.12.20 23:01:47.273,1.61165,1.6122,1.80,1.00
2009.12.20 23:01:48.063,1.6118,1.61225,1.60,1.00
2009.12.20 23:01:49.863,1.61185,1.61225,1.00,1.00
2009.12.20 23:01:50.333,1.61185,1.61225,1.00,1.00
2009.12.20 23:01:51.123,1.6119,1.61225,1.00,1.00
2009.12.20 23:01:53.722,1.6119,1.6123,1.00,1.00
2009.12.20 23:01:53.992,1.61215,1.6123,1.00,1.00
2009.12.20 23:01:57.241,1.61215,1.6123,1.00,1.00
2009.12.20 23:01:57.361,1.61175,1.6123,1.00,1.00
2009.12.20 23:01:58.091,1.61175,1.6123,1.00,1.00
2009.12.20 23:01:58.441,1.61185,1.61225,1.00,1.00
2009.12.20 23:02:03.419,1.6119,1.6123,1.00,1.00
2009.12.20 23:02:06.789,1.61205,1.6123,1.00,1.00
2009.12.20 23:02:10.448,1.61205,1.6123,1.00,1.00
2009.12.20 23:02:10.738,1.61205,1.6123,1.00,1.00
2009.12.20 23:02:11.358,1.61205,1.61225,1.00,1.00
2009.12.20 23:02:14.117,1.61205,1.61225,1.00,1.00
2009.12.20 23:02:14.287,1.61185,1.61225,1.00,1.00
2009.12.20 23:02:32.083,1.61185,1.61225,1.00,1.00
2009.12.20 23:02:41.550,1.61185,1.61225,1.00,1.00
2009.12.20 23:02:46.629,1.61185,1.61225,1.00,1.00
2009.12.20 23:02:58.316,1.61195,1.6124,1.00,1.00
2009.12.20 23:02:59.366,1.612,1.6124,1.00,1.00
2009.12.20 23:03:00.226,1.612,1.6124,1.00,1.00
2009.12.20 23:03:00.396,1.612,1.6124,1.00,1.00
2009.12.20 23:03:06.874,1.61215,1.6124,1.00,1.00
2009.12.20 23:03:08.734,1.61215,1.6125,1.00,1.00
2009.12.20 23:03:09.883,1.61215,1.6125,1.00,1.00
2009.12.20 23:03:10.104,1.6122,1.6125,1.60,1.00
2009.12.20 23:03:10.793,1.61225,1.61265,1.60,1.00
2009.12.20 23:03:11.023,1.61235,1.6127,1.00,1.00
2009.12.20 23:03:11.653,1.61255,1.6127,1.00,1.00
2009.12.20 23:03:12.173,1.61255,1.6127,1.00,1.00
2009.12.20 23:03:12.293,1.61235,1.6127,1.00,1.00
2009.12.20 23:03:12.793,1.61235,1.6127,1.00,1.00
2009.12.20 23:03:12.843,1.61225,1.6127,1.70,1.00
2009.12.20 23:03:13.603,1.6122,1.61275,1.70,1.00
2009.12.20 23:03:13.942,1.61235,1.61275,1.00,1.00
2009.12.20 23:03:14.623,1.61235,1.6127,1.00,1.00
2009.12.20 23:03:15.652,1.61235,1.61265,1.00,1.00
2009.12.20 23:03:15.832,1.61235,1.61265,1.00,1.00
2009.12.20 23:03:16.062,1.61235,1.61265,1.00,1.00
2009.12.20 23:03:16.242,1.61235,1.61265,1.00,1.00
2009.12.20 23:03:17.012,1.61235,1.61265,1.00,1.00
2009.12.20 23:03:17.352,1.61235,1.61265,1.00,1.00
2009.12.20 23:03:18.452,1.61235,1.61265,1.00,1.00
2009.12.20 23:03:18.631,1.61225,1.61265,1.20,1.00
2009.12.20 23:03:19.561,1.61235,1.61265,1.00,1.00
2009.12.20 23:03:20.301,1.61235,1.61265,1.00,1.00
2009.12.20 23:03:20.521,1.61235,1.61265,1.00,1.00
2009.12.20 23:03:22.270,1.61235,1.6126,1.00,1.00
2009.12.20 23:03:27.409,1.61235,1.61265,1.00,1.00
2009.12.20 23:03:27.760,1.61235,1.61265,1.00,1.00
2009.12.20 23:03:28.099,1.61235,1.61265,1.00,1.00
2009.12.20 23:03:29.379,1.61235,1.61265,1.00,1.00
2009.12.20 23:03:30.229,1.61235,1.6126,1.00,1.00
2009.12.20 23:03:36.817,1.61235,1.61265,1.00,1.00
2009.12.20 23:03:50.354,1.61235,1.61265,1.00,1.00
2009.12.20 23:03:59.852,1.61235,1.61265,1.00,1.00
2009.12.20 23:04:00.201,1.61235,1.6127,1.00,1.00
2009.12.20 23:04:00.551,1.61235,1.6127,1.00,1.00
2009.12.20 23:04:00.891,1.61235,1.6129,1.00,1.00
2009.12.20 23:04:01.811,1.61235,1.6129,1.00,1.00
2009.12.20 23:04:03.720,1.61235,1.61295,1.00,1.00
2009.12.20 23:04:03.900,1.61235,1.6129,1.00,1.00
2009.12.20 23:04:04.410,1.61235,1.61295,1.00,1.00
2009.12.20 23:04:08.349,1.61235,1.613,1.00,1.00
2009.12.20 23:04:08.699,1.61235,1.613,2.20,1.00
2009.12.20 23:04:09.039,1.61235,1.61305,1.00,1.00
2009.12.20 23:04:09.379,1.61235,1.61305,1.00,1.00
2009.12.20 23:04:10.519,1.61235,1.613,1.00,1.00
2009.12.20 23:04:11.169,1.61235,1.6131,1.00,1.00
2009.12.20 23:04:13.858,1.61235,1.6131,1.00,1.00
2009.12.20 23:04:16.687,1.61245,1.6131,1.00,1.00
2009.12.20 23:04:16.797,1.61245,1.6131,1.00,1.00
2009.12.20 23:04:18.897,1.61245,1.6131,1.00,1.00
2009.12.20 23:04:19.517,1.6124,1.6132,1.90,1.00
2009.12.20 23:04:19.867,1.61245,1.61315,1.00,1.00
2009.12.20 23:04:20.207,1.61245,1.6132,1.90,1.00
2009.12.20 23:04:20.567,1.6126,1.6132,1.60,1.00
2009.12.20 23:04:21.966,1.61245,1.6132,1.00,1.00
2009.12.20 23:04:22.076,1.6126,1.6132,1.60,1.00
2009.12.20 23:04:23.926,1.6126,1.61325,1.60,1.00
2009.12.20 23:04:24.736,1.61245,1.6133,1.00,1.00
2009.12.20 23:04:27.305,1.6125,1.6133,1.20,1.00
2009.12.20 23:04:27.755,1.6127,1.6133,1.60,1.00
2009.12.20 23:04:28.035,1.6127,1.6135,1.60,1.00
2009.12.20 23:04:29.544,1.61265,1.61335,2.20,1.00
2009.12.20 23:04:42.461,1.61265,1.61335,2.20,1.00
2009.12.20 23:04:42.871,1.61265,1.6133,2.20,1.00
2009.12.20 23:04:44.211,1.61265,1.61335,2.20,1.00
2009.12.20 23:04:50.539,1.6129,1.61335,1.60,1.00
2009.12.20 23:04:50.700,1.61295,1.61375,1.60,1.00
2009.12.20 23:04:50.980,1.61295,1.6138,1.60,1.00
2009.12.20 23:04:51.679,1.61305,1.61375,1.60,1.00
2009.12.20 23:04:51.739,1.61305,1.61365,1.60,1.00
2009.12.20 23:04:52.089,1.61305,1.61365,1.60,1.00
2009.12.20 23:04:53.129,1.61305,1.6136,1.60,1.00
2009.12.20 23:04:53.368,1.61305,1.6136,1.70,1.00
2009.12.20 23:04:54.658,1.61305,1.61355,1.70,1.00
2009.12.20 23:05:12.354,1.6131,1.61355,1.60,1.00
2009.12.20 23:05:12.594,1.61315,1.61355,1.60,1.00
2009.12.20 23:05:12.934,1.6131,1.61355,1.60,1.00
2009.12.20 23:05:14.324,1.61305,1.61355,1.70,1.00
2009.12.20 23:05:28.680,1.61305,1.6136,1.70,1.00
2009.12.20 23:05:44.516,1.61305,1.61355,1.70,1.00
2009.12.20 23:05:45.166,1.61305,1.61355,1.70,1.00
2009.12.20 23:06:23.507,1.61305,1.61355,3.30,1.00
2009.12.20 23:06:27.576,1.61305,1.61355,1.70,1.00
2009.12.20 23:06:28.935,1.61305,1.61355,3.30,1.00
2009.12.20 23:06:29.525,1.61305,1.61355,1.70,1.00
2009.12.20 23:06:36.714,1.61305,1.61355,1.60,1.00
2009.12.20 23:06:36.824,1.61305,1.61355,1.70,1.00
2009.12.20 23:06:37.224,1.61305,1.6136,1.70,1.00
2009.12.20 23:06:52.600,1.61305,1.6136,1.70,1.00
2009.12.20 23:06:53.240,1.61305,1.61355,1.70,1.00
2009.12.20 23:06:53.410,1.61305,1.61355,1.70,1.00
2009.12.20 23:06:55.019,1.61305,1.6135,1.70,1.00
2009.12.20 23:06:55.309,1.61305,1.6135,1.70,1.00
2009.12.20 23:06:58.969,1.61305,1.6135,1.60,1.00
2009.12.20 23:06:59.308,1.613,1.61355,1.70,1.00
2009.12.20 23:06:59.649,1.61305,1.6135,1.60,1.00
2009.12.20 23:07:01.198,1.61305,1.6135,1.70,1.00
2009.12.20 23:07:09.466,1.613,1.6135,3.30,1.00
2009.12.20 23:07:09.816,1.613,1.61355,1.70,1.00
2009.12.20 23:07:10.506,1.613,1.6135,1.70,1.00
2009.12.20 23:07:11.216,1.61315,1.6135,1.00,1.00
2009.12.20 23:07:11.565,1.61305,1.6135,2.20,1.00
2009.12.20 23:07:20.393,1.613,1.61355,1.70,1.00
2009.12.20 23:07:24.352,1.613,1.6135,1.70,1.00
2009.12.20 23:07:25.482,1.613,1.61345,1.70,1.00
2009.12.20 23:07:25.832,1.613,1.61345,1.00,1.00
2009.12.20 23:07:27.281,1.613,1.6134,1.00,1.00
2009.12.20 23:07:29.591,1.613,1.6134,1.00,1.00
2009.12.20 23:07:30.161,1.613,1.6134,1.00,1.30
2009.12.20 23:07:30.681,1.61295,1.6134,2.50,1.30
2009.12.20 23:07:32.240,1.61295,1.61335,2.40,1.00
2009.12.20 23:07:32.400,1.61295,1.61335,2.50,1.00
2009.12.20 23:07:33.150,1.61295,1.61335,2.50,1.30
2009.12.20 23:07:33.330,1.61295,1.61335,2.50,1.30
2009.12.20 23:07:33.840,1.61295,1.61335,1.00,1.30
2009.12.20 23:07:34.010,1.6129,1.61335,1.00,1.30
2009.12.20 23:07:34.360,1.6129,1.61335,1.00,1.00
2009.12.20 23:07:35.350,1.6129,1.6133,1.00,1.00
2009.12.20 23:07:35.649,1.61305,1.6133,1.00,1.00
2009.12.20 23:07:35.999,1.61305,1.6133,1.00,1.00
2009.12.20 23:07:36.279,1.6129,1.6133,1.00,1.00
2009.12.20 23:07:36.629,1.6129,1.6133,1.00,1.00
2009.12.20 23:07:36.869,1.6129,1.6133,1.00,1.40
2009.12.20 23:07:38.739,1.6129,1.61335,1.00,1.80
2009.12.20 23:07:39.748,1.6128,1.61315,1.60,1.60
2009.12.20 23:07:40.038,1.6127,1.61315,1.00,1.60
2009.12.20 23:07:43.288,1.61275,1.61315,1.00,1.60
2009.12.20 23:07:45.877,1.61275,1.6132,1.00,2.60
2009.12.20 23:07:52.086,1.6127,1.6131,1.00,1.60
2009.12.20 23:07:53.115,1.6127,1.61315,1.00,1.00
2009.12.20 23:07:53.515,1.6127,1.6132,1.00,2.60
2009.12.20 23:07:53.865,1.6127,1.6132,1.00,1.70
2009.12.20 23:07:54.225,1.6127,1.61325,2.40,2.50
2009.12.20 23:07:54.575,1.6127,1.6132,1.00,1.00
2009.12.20 23:07:55.275,1.6127,1.6132,1.00,1.00
2009.12.20 23:07:57.984,1.6127,1.6132,1.00,1.80
2009.12.20 23:07:58.594,1.6127,1.61315,1.00,1.00
2009.12.20 23:07:58.874,1.61275,1.61315,1.50,1.00
2009.12.20 23:07:59.464,1.61275,1.61315,1.50,1.00
2009.12.20 23:08:00.374,1.61275,1.61315,1.50,2.60
2009.12.20 23:08:00.663,1.61275,1.61315,1.50,1.70
2009.12.20 23:08:01.234,1.61275,1.61315,1.50,2.50
2009.12.20 23:08:01.353,1.61275,1.6131,1.50,1.00
2009.12.20 23:08:02.573,1.61295,1.6131,1.00,1.00
2009.12.20 23:08:02.743,1.61295,1.6131,1.00,1.00
2009.12.20 23:08:02.923,1.61275,1.6131,1.50,1.00
2009.12.20 23:08:03.323,1.61275,1.61305,1.50,1.00
2009.12.20 23:08:05.242,1.61275,1.61305,1.50,1.00
2009.12.20 23:08:05.412,1.61275,1.61305,1.50,1.00
2009.12.20 23:08:08.762,1.61275,1.61305,1.00,1.00
2009.12.20 23:09:02.908,1.61275,1.61305,1.00,1.00
2009.12.20 23:09:03.588,1.61275,1.6131,1.00,1.00
2009.12.20 23:09:03.878,1.61275,1.6132,1.00,1.00
2009.12.20 23:09:04.168,1.61275,1.6132,1.00,1.00
2009.12.20 23:09:05.438,1.61275,1.6132,1.00,1.00
2009.12.20 23:09:06.118,1.6128,1.6132,1.00,1.00
2009.12.20 23:09:09.967,1.6128,1.61325,1.00,1.00
2009.12.20 23:09:12.266,1.61285,1.61325,1.00,1.00
2009.12.20 23:09:19.515,1.61285,1.6132,1.00,1.00
2009.12.20 23:09:20.574,1.61285,1.6132,1.00,1.00
2009.12.20 23:09:20.874,1.6128,1.61325,1.00,1.00
2009.12.20 23:09:22.284,1.61285,1.61325,1.00,1.00
2009.12.20 23:09:25.103,1.61285,1.61325,1.00,1.00
2009.12.20 23:09:27.213,1.6129,1.61325,1.00,1.00
2009.12.20 23:09:31.062,1.61285,1.61325,1.00,1.00
2009.12.20 23:09:33.151,1.61285,1.61325,1.00,1.00
2009.12.20 23:09:33.331,1.61285,1.61325,1.00,1.00
2009.12.20 23:09:34.031,1.6128,1.61325,1.00,1.00
2009.12.20 23:09:35.251,1.6128,1.6132,1.00,1.00
2009.12.20 23:10:03.054,1.6128,1.61315,1.00,1.00
2009.12.20 23:10:07.203,1.61285,1.61315,1.00,1.00
2009.12.20 23:10:07.323,1.61285,1.61315,1.00,1.00
2009.12.20 23:10:08.423,1.6128,1.61315,1.00,1.00
2009.12.20 23:10:10.292,1.61285,1.61315,1.00,1.00
2009.12.20 23:10:11.332,1.6128,1.61315,1.00,1.00
2009.12.20 23:10:25.809,1.61285,1.61315,1.00,1.00
2009.12.20 23:10:26.309,1.61285,1.61315,1.00,1.00
2009.12.20 23:10:26.778,1.61285,1.61315,1.00,1.00
2009.12.20 23:10:33.756,1.61285,1.61325,1.00,1.00
2009.12.20 23:11:07.469,1.61285,1.61325,1.00,1.00
2009.12.20 23:11:09.428,1.6129,1.61325,1.00,1.00
2009.12.20 23:11:17.656,1.61305,1.61325,1.00,1.00
2009.12.20 23:11:19.536,1.6129,1.61325,1.00,1.00
2009.12.20 23:11:22.645,1.61285,1.6133,1.00,2.60
2009.12.20 23:11:22.755,1.61285,1.6133,1.00,1.00
2009.12.20 23:11:22.875,1.61285,1.6133,1.00,1.00
2009.12.20 23:11:22.995,1.61305,1.61335,1.00,1.00
2009.12.20 23:11:23.105,1.61305,1.6135,1.00,1.00
2009.12.20 23:11:23.225,1.61305,1.6135,1.00,1.00
2009.12.20 23:11:23.455,1.61315,1.6135,1.00,1.00
2009.12.20 23:11:23.565,1.61315,1.6135,1.00,1.00
2009.12.20 23:11:23.675,1.61315,1.6135,1.00,1.00
2009.12.20 23:11:23.845,1.61325,1.6135,1.00,1.00
2009.12.20 23:11:33.722,1.61325,1.6135,1.00,1.00
2009.12.20 23:11:37.761,1.61325,1.6135,1.00,1.00
2009.12.20 23:11:41.690,1.61325,1.6135,1.00,1.00
2009.12.20 23:11:44.829,1.61335,1.6135,1.00,1.00
2009.12.20 23:11:46.379,1.61335,1.6135,1.00,1.00
2009.12.20 23:11:48.279,1.61335,1.6135,1.00,1.00
2009.12.20 23:11:48.339,1.61295,1.6135,1.60,1.00
2009.12.20 23:11:48.449,1.61295,1.6135,1.60,1.00
2009.12.20 23:11:49.438,1.61305,1.6135,1.70,1.00
2009.12.20 23:11:54.197,1.61335,1.6135,1.00,1.00
2009.12.20 23:11:54.537,1.61295,1.6135,1.60,1.00
2009.12.20 23:12:02.675,1.61305,1.6135,1.60,1.00
2009.12.20 23:12:03.445,1.61305,1.6135,1.60,1.00
2009.12.20 23:12:03.625,1.61305,1.6135,2.00,1.00
2009.12.20 23:12:10.573,1.61325,1.6135,1.00,1.00
2009.12.20 23:12:10.753,1.61325,1.6135,1.00,1.00
2009.12.20 23:12:11.113,1.61325,1.6135,1.00,1.00
2009.12.20 23:12:14.792,1.61305,1.61355,2.00,1.00
2009.12.20 23:12:15.302,1.61305,1.6135,2.00,1.00
2009.12.20 23:12:16.272,1.61305,1.6135,2.00,1.00
2009.12.20 23:12:18.061,1.61305,1.6135,1.60,1.00
2009.12.20 23:12:18.232,1.61325,1.6135,1.00,1.00
2009.12.20 23:12:18.341,1.61325,1.6135,1.00,1.00
2009.12.20 23:12:26.520,1.61325,1.6135,1.00,1.00
2009.12.20 23:12:26.639,1.61315,1.61355,1.00,1.90
2009.12.20 23:12:27.339,1.61315,1.6135,1.00,1.00
2009.12.20 23:12:27.639,1.61335,1.6135,1.00,1.00
2009.12.20 23:12:37.437,1.61335,1.6135,1.00,1.00
2009.12.20 23:13:02.181,1.61335,1.6135,1.00,1.00
2009.12.20 23:13:05.540,1.61335,1.6135,1.00,1.00
2009.12.20 23:13:05.770,1.61335,1.61365,1.00,1.00
2009.12.20 23:13:10.719,1.61355,1.61385,1.00,1.00
2009.12.20 23:13:18.347,1.61355,1.61385,1.00,1.00
2009.12.20 23:13:21.346,1.61355,1.61385,1.00,1.00
2009.12.20 23:13:22.386,1.61355,1.6139,1.00,1.00
2009.12.20 23:13:24.465,1.61355,1.61385,1.00,1.00
2009.12.20 23:13:25.095,1.61355,1.61385,1.00,1.00
2009.12.20 23:13:25.425,1.61355,1.61385,1.00,1.00
2009.12.20 23:13:26.485,1.61375,1.6139,1.00,1.00
2009.12.20 23:13:26.775,1.61375,1.61395,1.00,1.00
2009.12.20 23:13:27.585,1.61385,1.61395,1.00,1.00
2009.12.20 23:13:29.345,1.61385,1.61395,1.00,1.00
2009.12.20 23:13:29.464,1.61365,1.61395,1.00,1.00
2009.12.20 23:13:30.254,1.61365,1.61395,1.00,1.00
2009.12.20 23:13:30.544,1.61365,1.61395,1.00,1.00
2009.12.20 23:13:30.954,1.61365,1.61395,1.00,1.00
2009.12.20 23:13:32.383,1.61365,1.6139,1.00,1.00
2009.12.20 23:13:32.724,1.61355,1.6139,1.00,1.00
2009.12.20 23:13:33.184,1.61365,1.6139,1.00,1.00
2009.12.20 23:13:33.473,1.61365,1.6139,1.00,1.00
2009.12.20 23:13:33.753,1.61365,1.6139,1.00,1.00
2009.12.20 23:13:34.113,1.61365,1.6139,1.00,1.00
2009.12.20 23:13:34.384,1.61365,1.6139,1.00,1.00
2009.12.20 23:13:44.301,1.61365,1.6139,1.00,1.00
2009.12.20 23:13:44.601,1.61355,1.6139,1.00,1.00
2009.12.20 23:13:47.050,1.61365,1.6139,1.00,1.00
2009.12.20 23:13:47.330,1.61365,1.61395,1.00,1.00
2009.12.20 23:13:49.980,1.61365,1.61395,1.00,1.00
2009.12.20 23:13:50.549,1.61365,1.61395,1.00,1.00
2009.12.20 23:13:52.859,1.61365,1.61395,1.00,1.00
2009.12.20 23:13:53.039,1.61365,1.61395,1.00,1.00
2009.12.20 23:13:53.209,1.61365,1.614,1.00,1.00
2009.12.20 23:13:53.948,1.61365,1.614,1.00,1.00
2009.12.20 23:14:00.227,1.61365,1.614,1.00,1.00
2009.12.20 23:14:00.637,1.61365,1.614,1.00,1.00
2009.12.20 23:14:00.917,1.61365,1.614,1.00,1.00
2009.12.20 23:14:02.536,1.61365,1.614,1.00,1.00
2009.12.20 23:14:04.416,1.61365,1.614,1.00,1.00
2009.12.20 23:14:20.672,1.61365,1.614,1.00,1.00
2009.12.20 23:14:20.782,1.61365,1.614,1.00,1.00
2009.12.20 23:14:20.952,1.61365,1.61405,1.00,1.00
2009.12.20 23:14:24.841,1.61365,1.61405,1.00,1.00
2009.12.20 23:14:26.580,1.61365,1.614,1.00,1.60
2009.12.20 23:14:26.931,1.61365,1.61405,1.00,1.00
2009.12.20 23:14:27.860,1.61365,1.61405,1.00,1.00
2009.12.20 23:14:28.200,1.61365,1.614,1.00,1.00
2009.12.20 23:14:28.370,1.61365,1.614,1.00,1.00
2009.12.20 23:14:28.490,1.61365,1.614,1.00,1.00
2009.12.20 23:14:28.670,1.61365,1.614,1.00,1.00
2009.12.20 23:14:29.080,1.61365,1.614,1.00,1.00
2009.12.20 23:14:29.650,1.61365,1.614,1.00,1.00
2009.12.20 23:14:30.000,1.61365,1.614,1.00,1.00
2009.12.20 23:14:30.289,1.6137,1.614,1.00,1.00
2009.12.20 23:14:30.919,1.61365,1.614,1.00,1.00
2009.12.20 23:14:31.089,1.6135,1.614,1.70,1.00
2009.12.20 23:14:31.209,1.61375,1.614,1.00,1.00
2009.12.20 23:14:42.157,1.61375,1.61405,1.00,1.00
2009.12.20 23:14:43.097,1.6135,1.61405,1.70,1.00
2009.12.20 23:14:43.217,1.6135,1.61405,3.30,1.00
2009.12.20 23:14:43.396,1.61355,1.61405,1.00,1.00
2009.12.20 23:14:43.627,1.6138,1.61405,1.00,1.00
2009.12.20 23:15:10.230,1.6134,1.614,1.70,1.00
2009.12.20 23:15:10.580,1.6134,1.614,1.70,1.00
2009.12.20 23:15:10.820,1.6137,1.614,1.00,1.00
2009.12.20 23:15:13.339,1.6138,1.61395,1.00,1.00
2009.12.20 23:15:13.399,1.6138,1.61395,1.00,1.00
2009.12.20 23:15:13.619,1.6138,1.614,1.00,1.00
2009.12.20 23:15:13.729,1.6138,1.614,1.00,1.00
2009.12.20 23:15:22.877,1.6138,1.614,1.00,1.00
2009.12.20 23:15:23.107,1.6138,1.61405,1.00,1.00
2009.12.20 23:15:23.337,1.61355,1.61405,1.00,1.00
2009.12.20 23:15:23.787,1.6138,1.61405,1.00,1.00
2009.12.20 23:15:25.867,1.6138,1.61405,1.00,1.00
2009.12.20 23:15:26.316,1.6138,1.61405,1.00,1.00
2009.12.20 23:15:26.546,1.6138,1.614,1.00,1.00
2009.12.20 23:15:26.886,1.6138,1.614,1.00,1.00
2009.12.20 23:15:27.226,1.6138,1.614,1.00,1.00
2009.12.20 23:15:29.415,1.6138,1.61395,1.00,1.00
2009.12.20 23:15:29.705,1.6138,1.6139,1.00,1.00
2009.12.20 23:15:30.485,1.6134,1.6139,1.70,1.00
2009.12.20 23:15:32.175,1.6135,1.6139,1.70,1.00
2009.12.20 23:15:32.875,1.6135,1.6139,1.70,1.10
2009.12.20 23:15:33.204,1.6135,1.61385,1.70,1.00
2009.12.20 23:15:34.074,1.6135,1.6139,1.70,1.10
2009.12.20 23:15:34.254,1.6135,1.6139,1.70,1.00
2009.12.20 23:15:34.424,1.6135,1.6139,1.70,1.00
2009.12.20 23:15:34.544,1.6135,1.6139,1.70,1.00
2009.12.20 23:15:34.764,1.6135,1.6139,1.70,1.20
2009.12.20 23:15:35.584,1.6135,1.6139,1.00,1.00
2009.12.20 23:15:36.534,1.61345,1.6139,1.00,1.00
2009.12.20 23:15:36.884,1.61345,1.6139,1.00,1.30
2009.12.20 23:15:37.423,1.61345,1.61385,1.00,1.00
2009.12.20 23:15:37.703,1.61345,1.61385,1.00,1.00
2009.12.20 23:15:37.983,1.61345,1.61385,1.00,1.00
2009.12.20 23:15:38.153,1.61345,1.6138,1.00,1.00
2009.12.20 23:15:38.373,1.61345,1.6138,1.00,1.00
2009.12.20 23:15:39.273,1.61345,1.6138,1.00,1.00
2009.12.20 23:15:39.503,1.61345,1.6138,1.00,1.00
2009.12.20 23:15:39.783,1.61335,1.6138,1.00,1.00
2009.12.20 23:15:40.063,1.6134,1.61385,1.00,1.00
2009.12.20 23:15:40.293,1.6134,1.61385,1.70,1.00
2009.12.20 23:15:40.633,1.6134,1.61385,1.70,1.00
2009.12.20 23:15:40.993,1.61345,1.61385,1.00,1.00
2009.12.20 23:15:41.333,1.61345,1.6139,1.00,1.00
2009.12.20 23:15:41.693,1.6134,1.6139,1.70,1.00
2009.12.20 23:15:42.382,1.6134,1.6139,1.00,1.00
2009.12.20 23:15:42.553,1.6134,1.61385,1.00,1.00
2009.12.20 23:15:42.712,1.6134,1.61385,1.70,1.00
2009.12.20 23:15:42.883,1.61345,1.61385,1.00,1.00
2009.12.20 23:15:43.042,1.61345,1.6139,1.00,1.00
2009.12.20 23:15:43.207,1.61345,1.61395,1.00,1.00
2009.12.20 23:15:44.962,1.6135,1.61395,1.00,1.00
2009.12.20 23:15:45.381,1.6135,1.6139,1.00,1.00
2009.12.20 23:15:46.181,1.6135,1.61395,1.00,1.00
2009.12.20 23:15:47.801,1.6135,1.6139,1.00,1.00
2009.12.20 23:15:48.031,1.6135,1.6139,1.00,1.00
2009.12.20 23:15:48.211,1.6135,1.6139,1.00,1.00
2009.12.20 23:15:49.310,1.6135,1.6139,1.00,1.30
2009.12.20 23:15:50.280,1.6135,1.61385,1.00,1.00
2009.12.20 23:15:53.170,1.6135,1.6139,1.00,1.30
2009.12.20 23:15:55.749,1.6135,1.61385,1.00,1.00
2009.12.20 23:16:00.108,1.61345,1.61385,1.00,1.00
2009.12.20 23:16:02.167,1.61345,1.61385,1.00,1.00
2009.12.20 23:16:03.207,1.61345,1.61385,1.00,1.00
2009.12.20 23:16:06.707,1.61345,1.6138,1.00,1.00
2009.12.20 23:16:07.046,1.61345,1.6138,1.00,1.00
2009.12.20 23:16:08.276,1.61345,1.6137,1.00,1.00
2009.12.20 23:16:08.336,1.61345,1.6137,1.00,1.00
2009.12.20 23:16:11.735,1.6134,1.6137,1.70,1.00
2009.12.20 23:16:12.085,1.6134,1.6137,1.00,1.00
2009.12.20 23:16:28.511,1.61345,1.6137,1.00,1.00
2009.12.20 23:16:36.099,1.61345,1.6137,1.00,1.00
2009.12.20 23:16:36.389,1.61345,1.61385,1.00,1.00
2009.12.20 23:16:42.418,1.61345,1.6138,1.00,1.00
2009.12.20 23:16:42.838,1.61345,1.61385,1.00,1.00
2009.12.20 23:16:43.697,1.61345,1.6138,1.00,1.00
2009.12.20 23:16:43.937,1.61345,1.6138,1.00,1.00
2009.12.20 23:16:45.717,1.61345,1.61385,1.00,1.00
2009.12.20 23:16:52.965,1.61345,1.6138,1.00,1.00
2009.12.20 23:16:53.075,1.61345,1.6138,1.00,1.00
2009.12.20 23:16:56.664,1.61345,1.6138,1.00,1.00
2009.12.20 23:16:56.894,1.61345,1.61385,1.00,1.00
2009.12.20 23:17:09.191,1.6134,1.61385,1.00,1.00
2009.12.20 23:17:09.361,1.6134,1.61385,1.00,1.70
2009.12.20 23:17:10.351,1.6134,1.6138,1.00,1.00
2009.12.20 23:17:17.789,1.6134,1.61385,1.00,1.00
2009.12.20 23:17:19.319,1.61345,1.61385,1.00,1.00
2009.12.20 23:17:29.796,1.61345,1.6139,1.00,1.00
2009.12.20 23:17:29.966,1.61345,1.6139,1.00,1.00
2009.12.20 23:17:30.236,1.6135,1.6139,1.00,1.00
2009.12.20 23:17:35.715,1.6135,1.6139,1.00,1.70
2009.12.20 23:17:36.125,1.61345,1.6139,1.00,1.70
2009.12.20 23:17:37.275,1.61345,1.6139,1.00,2.60
2009.12.20 23:17:38.304,1.61345,1.61385,1.00,1.00
2009.12.20 23:17:47.812,1.61345,1.6139,1.00,1.00
2009.12.20 23:17:48.042,1.61345,1.6139,1.00,1.00
2009.12.20 23:17:49.362,1.6135,1.6139,1.00,1.00
2009.12.20 23:17:55.460,1.6135,1.6139,1.00,1.70
2009.12.20 23:17:55.700,1.61345,1.6139,1.00,1.70
2009.12.20 23:17:57.280,1.61345,1.61395,1.00,3.50
2009.12.20 23:17:57.620,1.61345,1.6139,1.00,2.60
2009.12.20 23:17:58.250,1.61345,1.61385,1.00,1.00
2009.12.20 23:18:01.129,1.6134,1.61385,1.00,1.70
2009.12.20 23:18:02.159,1.6134,1.61385,1.00,2.50
2009.12.20 23:18:02.488,1.6134,1.6138,1.00,1.00
2009.12.20 23:18:51.227,1.61345,1.6138,1.00,1.00
2009.12.20 23:18:51.397,1.61345,1.61385,1.00,1.00
2009.12.20 23:18:51.677,1.61345,1.61385,1.00,1.00
2009.12.20 23:18:52.256,1.61345,1.61385,1.00,1.00
2009.12.20 23:18:53.686,1.61345,1.61385,1.00,1.00
2009.12.20 23:18:53.806,1.61345,1.61385,1.00,1.00
2009.12.20 23:18:57.105,1.61345,1.61385,1.00,1.70
2009.12.20 23:18:57.385,1.6134,1.61385,1.00,1.70
2009.12.20 23:18:58.375,1.6134,1.6138,1.00,1.00
2009.12.20 23:19:21.339,1.61345,1.6139,1.00,1.70
2009.12.20 23:19:21.629,1.6135,1.6139,1.00,1.60
2009.12.20 23:19:23.309,1.61355,1.6139,1.00,1.60
2009.12.20 23:19:27.728,1.61355,1.61385,1.00,1.60
2009.12.20 23:19:27.898,1.61345,1.61385,1.00,1.60
2009.12.20 23:19:29.228,1.6135,1.61385,1.00,1.60
2009.12.20 23:19:31.337,1.61355,1.61385,1.00,1.60
2009.12.20 23:19:31.577,1.61355,1.6139,1.00,1.60
2009.12.20 23:19:34.796,1.61365,1.61395,1.00,1.00
2009.12.20 23:19:36.246,1.61365,1.61395,1.00,1.00
2009.12.20 23:19:36.366,1.61365,1.61395,1.00,1.00
2009.12.20 23:19:42.344,1.61365,1.61395,1.00,1.00
2009.12.20 23:19:43.315,1.61365,1.61395,1.00,1.00
2009.12.20 23:19:43.784,1.61365,1.61395,1.00,1.00
2009.12.20 23:19:44.824,1.61365,1.61395,1.00,1.00
2009.12.20 23:19:46.393,1.61365,1.61395,1.00,1.00
2009.12.20 23:19:49.663,1.61365,1.61395,1.00,1.00
2009.12.20 23:19:49.993,1.61365,1.61395,1.00,1.00
2009.12.20 23:19:52.362,1.61365,1.61395,1.00,1.00
2009.12.20 23:19:53.112,1.6135,1.61395,1.00,1.00
2009.12.20 23:19:53.332,1.6135,1.61395,1.00,1.00
2009.12.20 23:19:54.472,1.6135,1.6139,1.00,1.00
2009.12.20 23:19:55.671,1.61345,1.6139,1.00,1.00
2009.12.20 23:19:56.041,1.61345,1.6139,1.00,1.00
2009.12.20 23:19:56.391,1.61345,1.6139,1.00,1.00
2009.12.20 23:19:57.431,1.61345,1.6139,1.00,1.00
2009.12.20 23:19:57.771,1.6135,1.6139,1.00,1.00
2009.12.20 23:19:59.090,1.61355,1.6139,1.00,1.00
2009.12.20 23:20:00.820,1.61355,1.6139,1.00,1.00
2009.12.20 23:20:01.160,1.61355,1.6139,1.00,1.00
2009.12.20 23:20:02.150,1.61355,1.6139,1.00,1.00
2009.12.20 23:20:02.510,1.61355,1.6139,1.00,1.00
2009.12.20 23:20:08.278,1.6135,1.6139,1.00,1.00
2009.12.20 23:20:08.508,1.61355,1.61395,1.00,1.00
2009.12.20 23:20:08.898,1.61355,1.61395,1.00,1.00
2009.12.20 23:20:10.458,1.61355,1.6139,1.00,1.00
2009.12.20 23:20:10.628,1.61355,1.6139,1.00,1.00
2009.12.20 23:20:11.427,1.61355,1.6139,1.00,1.00
2009.12.20 23:20:11.767,1.61355,1.6139,1.00,1.00
2009.12.20 23:20:11.947,1.61355,1.61395,1.00,1.00
2009.12.20 23:20:13.257,1.61355,1.61395,1.00,1.00
2009.12.20 23:20:13.367,1.61355,1.61395,1.00,1.00
2009.12.20 23:20:13.887,1.6135,1.61395,1.00,1.00
2009.12.20 23:20:16.286,1.61355,1.61395,1.00,1.00
2009.12.20 23:20:16.506,1.61355,1.61395,1.00,1.00
2009.12.20 23:20:17.366,1.6136,1.61395,1.00,1.00
2009.12.20 23:20:28.033,1.61355,1.61395,1.00,1.00
2009.12.20 23:20:29.333,1.61355,1.61395,1.00,1.00
2009.12.20 23:20:30.383,1.61355,1.61395,1.00,1.00
2009.12.20 23:20:30.903,1.6136,1.614,1.00,1.00
2009.12.20 23:20:41.250,1.6136,1.614,1.00,1.00
2009.12.20 23:20:41.420,1.61375,1.614,1.00,1.00
2009.12.20 23:20:41.530,1.61375,1.614,1.00,1.00
2009.12.20 23:20:42.770,1.61365,1.614,1.00,1.00
2009.12.20 23:20:43.450,1.61375,1.614,1.00,1.00
2009.12.20 23:20:45.539,1.61375,1.614,1.00,1.00
2009.12.20 23:20:45.959,1.61375,1.61405,1.00,1.00
2009.12.20 23:20:54.967,1.61375,1.61405,1.00,1.00
2009.12.20 23:20:55.077,1.61375,1.61405,1.00,1.00
2009.12.20 23:20:56.907,1.61375,1.61405,1.00,1.20
2009.12.20 23:20:58.246,1.61375,1.61405,1.00,1.00
2009.12.20 23:20:58.606,1.61375,1.614,1.00,1.00
2009.12.20 23:21:00.756,1.61375,1.614,1.00,1.00
2009.12.20 23:21:19.641,1.61375,1.614,1.00,1.00
2009.12.20 23:21:19.751,1.61375,1.614,1.00,1.00
2009.12.20 23:21:20.561,1.61375,1.614,1.00,1.00
2009.12.20 23:21:20.901,1.61375,1.614,1.00,1.00
2009.12.20 23:21:21.821,1.61385,1.614,1.00,1.00
2009.12.20 23:21:22.110,1.61395,1.61405,1.00,1.20
2009.12.20 23:21:23.070,1.61395,1.61405,1.00,1.00
2009.12.20 23:21:23.480,1.61395,1.61405,1.00,1.00
2009.12.20 23:21:24.230,1.61395,1.61405,1.00,1.00
2009.12.20 23:21:24.860,1.61395,1.61405,1.00,1.00
2009.12.20 23:21:25.550,1.61405,1.61415,1.00,2.50
2009.12.20 23:21:25.900,1.61395,1.61415,1.00,1.80
2009.12.20 23:21:26.530,1.61395,1.61405,1.00,1.00
2009.12.20 23:21:26.769,1.61395,1.61405,1.00,1.00
2009.12.20 23:21:27.969,1.61395,1.61405,1.00,1.00
2009.12.20 23:21:28.369,1.61355,1.6141,1.00,1.00
2009.12.20 23:21:28.549,1.6136,1.6141,1.70,1.00
2009.12.20 23:21:28.729,1.61375,1.6142,1.00,1.00
2009.12.20 23:21:28.909,1.6136,1.6142,1.70,1.00
2009.12.20 23:21:29.949,1.61385,1.6142,1.00,1.00
2009.12.20 23:21:30.239,1.61375,1.6142,1.00,1.00
2009.12.20 23:21:30.529,1.61375,1.6142,1.00,1.00
2009.12.20 23:21:34.838,1.61385,1.6142,1.60,1.00
2009.12.20 23:21:35.417,1.61395,1.61435,1.00,1.00
2009.12.20 23:21:36.647,1.61395,1.6143,1.00,1.60
2009.12.20 23:21:36.877,1.61375,1.61425,1.00,1.00
2009.12.20 23:21:39.066,1.61375,1.6142,1.00,1.00
2009.12.20 23:21:39.246,1.61375,1.6142,1.00,1.00
2009.12.20 23:21:39.646,1.61375,1.61415,1.00,1.00
2009.12.20 23:21:47.504,1.61375,1.61415,1.00,1.00
2009.12.20 23:21:47.684,1.61375,1.61415,1.70,1.00
2009.12.20 23:21:47.854,1.61375,1.61415,2.10,1.00
2009.12.20 23:21:48.594,1.61385,1.61415,1.00,1.00
2009.12.20 23:21:48.834,1.61385,1.61425,1.00,1.00
2009.12.20 23:21:49.234,1.61385,1.61415,1.00,1.00
2009.12.20 23:21:55.473,1.61385,1.61415,1.00,1.00
2009.12.20 23:21:55.593,1.6138,1.61415,1.00,1.00
2009.12.20 23:21:55.882,1.6138,1.61425,1.00,1.00
2009.12.20 23:21:56.302,1.6138,1.61415,1.00,1.00
2009.12.20 23:21:56.822,1.6138,1.61425,1.00,1.00
2009.12.20 23:21:57.472,1.6138,1.6141,1.00,1.00
2009.12.20 23:21:58.282,1.61385,1.6141,1.00,1.00
2009.12.20 23:21:58.572,1.6138,1.6141,1.00,1.00
2009.12.20 23:22:09.449,1.61385,1.6141,2.40,1.00
2009.12.20 23:22:09.559,1.61405,1.6143,1.60,1.00
2009.12.20 23:22:09.789,1.61415,1.61435,1.00,1.60
2009.12.20 23:22:10.019,1.61375,1.61435,1.70,1.00
2009.12.20 23:22:10.529,1.61375,1.61445,1.70,2.40
2009.12.20 23:22:11.289,1.61385,1.61445,1.70,2.60
2009.12.20 23:22:15.937,1.61385,1.61445,1.70,2.40
2009.12.20 23:22:16.177,1.61395,1.61445,2.00,1.00
2009.12.20 23:22:17.527,1.61395,1.61445,2.10,1.00
2009.12.20 23:22:18.407,1.614,1.61445,1.00,1.00
2009.12.20 23:22:35.453,1.61435,1.61455,2.40,1.60
2009.12.20 23:22:35.573,1.6144,1.6147,2.40,1.00
2009.12.20 23:22:35.743,1.6144,1.6147,2.40,1.00
2009.12.20 23:22:35.863,1.6144,1.61475,2.40,4.40
2009.12.20 23:22:37.002,1.61455,1.6148,2.40,1.00
2009.12.20 23:22:40.891,1.61435,1.61495,1.60,1.00
2009.12.20 23:22:41.171,1.61435,1.6147,1.60,1.00
2009.12.20 23:22:41.401,1.61435,1.6149,1.60,1.00
2009.12.20 23:22:41.911,1.61435,1.6149,1.60,1.00
2009.12.20 23:22:42.381,1.61435,1.6149,1.70,1.00
2009.12.20 23:22:43.121,1.61435,1.6149,1.70,1.00
2009.12.20 23:22:45.680,1.61435,1.6149,1.80,1.00
2009.12.20 23:22:45.800,1.61435,1.6149,2.00,1.00
2009.12.20 23:22:46.160,1.61435,1.6149,1.80,1.00
2009.12.20 23:22:47.570,1.61435,1.6149,2.00,1.00
2009.12.20 23:22:47.860,1.61445,1.6149,1.00,1.00
2009.12.20 23:22:48.080,1.61445,1.6149,1.00,1.00
2009.12.20 23:22:49.999,1.61445,1.6149,1.00,1.00
2009.12.20 23:22:50.059,1.61445,1.6149,1.00,1.00
2009.12.20 23:22:50.349,1.61445,1.61495,1.00,1.00
2009.12.20 23:22:51.099,1.6146,1.61495,1.60,1.00
2009.12.20 23:22:51.379,1.61465,1.61505,1.00,1.00
2009.12.20 23:22:51.619,1.6146,1.61505,1.60,1.00
2009.12.20 23:22:53.278,1.6146,1.61505,1.70,1.00
2009.12.20 23:22:54.078,1.6146,1.615,1.70,1.00
2009.12.20 23:22:58.437,1.6146,1.6149,1.70,1.00
2009.12.20 23:22:58.607,1.6146,1.61505,1.70,1.00
2009.12.20 23:22:59.127,1.6146,1.61505,1.60,1.00
2009.12.20 23:23:00.097,1.6146,1.61505,4.00,1.00
2009.12.20 23:23:00.207,1.6147,1.61505,1.60,1.00
2009.12.20 23:23:00.257,1.6147,1.6151,1.60,1.00
2009.12.20 23:23:00.607,1.61475,1.6151,1.00,1.00
2009.12.20 23:23:00.957,1.61455,1.61515,4.00,2.60
2009.12.20 23:23:01.297,1.61455,1.6151,1.60,1.00
2009.12.20 23:23:01.986,1.61455,1.6151,1.60,1.00
2009.12.20 23:23:02.387,1.61455,1.615,1.70,1.00
2009.12.20 23:23:02.746,1.61455,1.615,1.00,1.00
2009.12.20 23:23:03.096,1.61455,1.61505,1.00,1.00
2009.12.20 23:23:04.246,1.61455,1.61505,1.00,1.00
2009.12.20 23:23:04.466,1.61455,1.615,1.00,1.00
2009.12.20 23:23:05.006,1.61455,1.615,2.00,1.00
2009.12.20 23:23:05.236,1.61455,1.615,1.00,1.00
2009.12.20 23:23:05.466,1.61455,1.615,1.00,1.00
2009.12.20 23:23:05.815,1.61455,1.615,1.00,1.00
2009.12.20 23:23:06.206,1.61455,1.615,1.00,1.00
2009.12.20 23:23:06.555,1.61455,1.615,1.00,1.00
2009.12.20 23:23:06.855,1.61455,1.615,1.00,1.00
2009.12.20 23:23:08.045,1.61455,1.6149,1.00,1.60
2009.12.20 23:23:08.285,1.61445,1.6149,1.60,1.70
2009.12.20 23:23:08.455,1.61435,1.6149,1.70,1.70
2009.12.20 23:23:08.685,1.6143,1.6147,1.60,1.60
2009.12.20 23:23:08.905,1.61425,1.61465,1.00,1.00
2009.12.20 23:23:09.425,1.61425,1.6146,1.00,1.60
2009.12.20 23:23:09.664,1.61405,1.6145,1.70,1.00
2009.12.20 23:23:09.884,1.614,1.6145,2.50,1.00
2009.12.20 23:23:10.234,1.61405,1.6145,1.00,1.60
2009.12.20 23:23:10.584,1.61405,1.6143,1.00,1.00
2009.12.20 23:23:10.924,1.61385,1.6144,1.00,4.80
2009.12.20 23:23:11.214,1.61395,1.6144,1.00,4.80
2009.12.20 23:23:11.444,1.61395,1.6144,1.00,4.80
2009.12.20 23:23:12.334,1.61395,1.6144,1.00,4.80
2009.12.20 23:23:12.734,1.61405,1.6144,1.00,4.80
2009.12.20 23:23:12.914,1.61405,1.6144,1.00,4.80
2009.12.20 23:23:13.714,1.61405,1.6144,1.00,4.80
2009.12.20 23:23:13.984,1.61405,1.6144,1.00,4.80
2009.12.20 23:23:22.501,1.61395,1.6144,1.00,4.80
2009.12.20 23:23:22.841,1.61395,1.6144,1.00,4.80
2009.12.20 23:23:23.141,1.61395,1.6144,1.00,4.80
2009.12.20 23:23:24.651,1.61395,1.61435,1.00,2.40
2009.12.20 23:23:24.761,1.61395,1.61435,1.00,4.80
2009.12.20 23:23:28.580,1.6138,1.6143,1.00,1.00
2009.12.20 23:23:29.960,1.6138,1.6143,1.00,2.50
2009.12.20 23:23:30.650,1.6138,1.6143,1.00,2.50
2009.12.20 23:23:30.829,1.6138,1.6143,1.00,4.10
2009.12.20 23:23:32.009,1.6138,1.61425,1.00,2.40
2009.12.20 23:23:32.309,1.6138,1.61425,1.00,2.40
2009.12.20 23:23:32.579,1.61395,1.6143,1.00,1.00
2009.12.20 23:23:33.049,1.61395,1.6143,1.00,1.00
2009.12.20 23:23:33.169,1.61395,1.61445,1.00,1.00
2009.12.20 23:23:33.739,1.61395,1.61445,1.00,1.00
2009.12.20 23:23:34.029,1.61395,1.61445,1.00,1.00
2009.12.20 23:23:34.369,1.61395,1.61445,1.00,1.00
2009.12.20 23:23:34.429,1.61395,1.6145,2.40,1.00
2009.12.20 23:23:34.479,1.61395,1.61445,2.20,2.40
2009.12.20 23:23:34.539,1.61395,1.61445,1.00,2.40
2009.12.20 23:23:34.589,1.61395,1.61435,1.00,2.40
2009.12.20 23:23:34.878,1.6138,1.61435,1.00,2.40
2009.12.20 23:23:35.178,1.6138,1.61435,1.70,2.40
2009.12.20 23:23:35.699,1.61375,1.61435,4.90,2.40
2009.12.20 23:23:36.048,1.6138,1.61435,1.60,2.40
2009.12.20 23:23:39.777,1.61375,1.61435,3.30,2.40
2009.12.20 23:23:40.757,1.61375,1.6143,3.30,2.40
2009.12.20 23:23:42.047,1.61375,1.6143,1.00,2.40
2009.12.20 23:23:43.216,1.61375,1.6143,1.70,2.40
2009.12.20 23:23:43.386,1.61375,1.61425,1.00,2.40
2009.12.20 23:23:44.076,1.61375,1.6143,1.00,1.60
2009.12.20 23:23:44.427,1.61375,1.6143,1.70,1.60
2009.12.20 23:23:45.116,1.61375,1.6143,1.60,1.60
2009.12.20 23:23:45.626,1.61375,1.6143,1.70,1.60
2009.12.20 23:23:46.636,1.61385,1.61435,1.00,1.00
2009.12.20 23:23:46.755,1.61385,1.61435,1.00,2.60
2009.12.20 23:23:46.925,1.61385,1.61435,1.00,1.00
2009.12.20 23:23:48.325,1.6139,1.61435,1.00,1.00
2009.12.20 23:23:49.405,1.61385,1.6143,1.00,1.60
2009.12.20 23:23:49.455,1.61385,1.6143,1.00,1.60
2009.12.20 23:23:49.515,1.61385,1.6143,1.00,1.60
2009.12.20 23:23:49.575,1.61375,1.6143,1.70,1.60
2009.12.20 23:23:49.685,1.61375,1.6141,1.70,1.00
2009.12.20 23:23:49.795,1.61375,1.6142,1.70,1.00
2009.12.20 23:23:49.905,1.61375,1.6142,1.70,1.00
2009.12.20 23:23:50.015,1.61375,1.6142,1.00,1.00
2009.12.20 23:23:52.304,1.61375,1.6142,1.00,1.00
2009.12.20 23:23:52.544,1.61375,1.6142,1.00,1.00
2009.12.20 23:23:57.503,1.6138,1.6142,1.00,1.00
2009.12.20 23:24:03.362,1.61375,1.6142,1.00,1.00
2009.12.20 23:24:07.221,1.61375,1.6142,1.00,1.00
2009.12.20 23:24:07.861,1.6137,1.6142,1.00,1.00
2009.12.20 23:24:37.154,1.6137,1.614,1.00,1.00
2009.12.20 23:24:37.553,1.6137,1.614,1.00,1.00
2009.12.20 23:24:38.083,1.6137,1.6142,1.00,1.00
2009.12.20 23:24:39.823,1.6137,1.6142,1.00,1.00
2009.12.20 23:24:41.483,1.6137,1.6142,1.00,1.00
2009.12.20 23:24:41.822,1.6137,1.6142,1.00,1.00
2009.12.20 23:24:42.512,1.6137,1.6143,1.00,2.40
2009.12.20 23:24:42.802,1.61375,1.6143,1.00,2.50
2009.12.20 23:24:43.132,1.61375,1.6143,1.00,2.50
2009.12.20 23:24:43.482,1.6137,1.6142,1.00,1.00
2009.12.20 23:25:02.338,1.6137,1.614,1.00,1.00
2009.12.20 23:25:02.497,1.61365,1.614,1.00,1.00
2009.12.20 23:25:02.667,1.61365,1.6142,1.00,2.00
2009.12.20 23:25:03.357,1.61365,1.6141,1.00,1.00
2009.12.20 23:25:05.316,1.61365,1.6141,1.00,1.00
2009.12.20 23:25:05.496,1.61365,1.6141,1.00,1.00
2009.12.20 23:25:09.476,1.6136,1.6141,1.70,1.00
2009.12.20 23:25:09.536,1.6136,1.6141,1.00,1.00
2009.12.20 23:25:09.596,1.6136,1.614,1.00,1.00
2009.12.20 23:25:09.716,1.6136,1.6141,1.00,1.00
2009.12.20 23:25:09.886,1.6136,1.614,1.00,1.00
2009.12.20 23:25:13.725,1.6136,1.614,1.00,1.00
2009.12.20 23:25:14.304,1.6136,1.6141,1.00,1.00
2009.12.20 23:25:20.743,1.6136,1.6141,1.00,1.00
2009.12.20 23:25:20.913,1.6136,1.6141,1.00,1.00
2009.12.20 23:25:21.133,1.6136,1.61415,1.00,1.00
2009.12.20 23:25:22.293,1.61365,1.61415,1.00,1.00
2009.12.20 23:25:36.979,1.61375,1.61415,1.00,1.00
2009.12.20 23:25:40.758,1.61395,1.61415,1.00,1.00
2009.12.20 23:25:50.926,1.61395,1.61415,1.00,1.00
2009.12.20 23:25:52.575,1.61375,1.61415,1.00,1.00
2009.12.20 23:25:54.135,1.61375,1.6141,1.00,1.00
2009.12.20 23:25:54.255,1.61375,1.6141,1.00,1.00
2009.12.20 23:25:54.935,1.61375,1.6141,1.00,1.00
2009.12.20 23:25:55.405,1.61375,1.6141,1.00,1.00
2009.12.20 23:25:57.354,1.6136,1.6141,1.00,1.00
2009.12.20 23:26:00.383,1.61355,1.61405,1.00,1.00
2009.12.20 23:26:01.273,1.61355,1.61405,1.00,1.00
2009.12.20 23:26:03.843,1.61355,1.61405,1.00,1.00
2009.12.20 23:26:05.132,1.61355,1.614,1.00,1.00
2009.12.20 23:26:05.362,1.61355,1.614,1.00,1.00
2009.12.20 23:26:05.582,1.61355,1.614,1.00,1.00
2009.12.20 23:26:07.432,1.61355,1.61395,1.00,1.00
2009.12.20 23:26:09.631,1.61355,1.61395,1.00,1.00
2009.12.20 23:26:12.710,1.61355,1.61395,1.00,1.00
2009.12.20 23:26:12.890,1.6135,1.61395,1.00,1.00
2009.12.20 23:26:27.397,1.61355,1.61395,1.00,1.00
2009.12.20 23:26:27.687,1.6135,1.61395,1.00,1.00
2009.12.20 23:26:28.167,1.61355,1.61395,1.00,1.00
2009.12.20 23:26:38.464,1.61355,1.61395,1.00,1.00
2009.12.20 23:26:44.733,1.6135,1.61395,1.00,1.00
2009.12.20 23:26:44.913,1.61355,1.61395,1.00,1.00
2009.12.20 23:26:45.033,1.6135,1.61395,1.00,1.00
2009.12.20 23:26:46.752,1.61355,1.61395,1.00,1.00
2009.12.20 23:26:48.302,1.61355,1.61395,1.00,1.00
2009.12.20 23:26:49.052,1.61355,1.61395,1.00,1.00
2009.12.20 23:26:49.332,1.61355,1.61395,1.00,1.00
2009.12.20 23:26:49.622,1.61365,1.61395,1.00,1.00
2009.12.20 23:26:49.682,1.61355,1.61395,1.00,1.00
2009.12.20 23:26:49.801,1.61365,1.61395,1.00,1.00
2009.12.20 23:26:49.911,1.61365,1.61395,1.00,1.00
2009.12.20 23:26:49.971,1.61365,1.61395,1.00,1.00
2009.12.20 23:26:50.142,1.61355,1.61395,1.00,1.00
2009.12.20 23:26:50.321,1.61355,1.61395,1.00,1.00
2009.12.20 23:26:50.721,1.6135,1.61395,1.00,1.00
2009.12.20 23:26:51.341,1.61355,1.61395,1.00,1.00
2009.12.20 23:26:51.511,1.61355,1.61395,1.00,1.00
2009.12.20 23:26:51.681,1.6135,1.61395,1.00,1.00
2009.12.20 23:27:02.538,1.6135,1.6138,1.00,1.00
2009.12.20 23:27:02.768,1.6135,1.61395,1.00,1.00
2009.12.20 23:27:05.898,1.6135,1.614,1.00,1.00
2009.12.20 23:27:07.557,1.61355,1.614,1.00,1.00
2009.12.20 23:27:08.977,1.61355,1.6139,1.00,1.00
2009.12.20 23:27:09.087,1.61355,1.614,1.00,1.00
2009.12.20 23:27:15.455,1.6135,1.614,1.00,1.00
2009.12.20 23:27:16.145,1.6135,1.614,1.00,1.00
2009.12.20 23:27:18.375,1.61355,1.614,1.00,1.00
2009.12.20 23:27:22.903,1.61355,1.61405,1.00,1.00
2009.12.20 23:27:23.493,1.61365,1.61405,1.00,1.00
2009.12.20 23:27:23.844,1.61365,1.6142,1.00,1.00
2009.12.20 23:27:25.013,1.61365,1.61415,1.00,1.00
2009.12.20 23:27:25.293,1.61365,1.61415,1.00,1.00
2009.12.20 23:27:26.383,1.61365,1.6142,1.70,1.00
2009.12.20 23:27:26.553,1.61365,1.6142,2.50,1.00
2009.12.20 23:27:27.523,1.61375,1.6142,1.00,1.00
2009.12.20 23:27:29.362,1.61375,1.6142,1.00,1.00
2009.12.20 23:27:43.239,1.61375,1.6142,1.00,1.00
2009.12.20 23:27:47.218,1.61375,1.6142,1.00,1.00
2009.12.20 23:28:07.903,1.61375,1.6142,1.00,1.20
2009.12.20 23:28:28.278,1.6137,1.6142,1.60,1.20
2009.12.20 23:28:28.628,1.6137,1.6141,1.60,1.00
2009.12.20 23:28:35.286,1.6137,1.6141,1.00,1.00
2009.12.20 23:28:36.266,1.61355,1.614,1.00,1.00
2009.12.20 23:28:36.776,1.61355,1.614,1.00,1.00
2009.12.20 23:28:36.946,1.61355,1.61415,1.00,1.00
2009.12.20 23:28:37.516,1.61355,1.61415,1.00,1.00
2009.12.20 23:28:37.855,1.61355,1.614,1.00,1.00
2009.12.20 23:28:38.205,1.61355,1.614,1.00,1.00
2009.12.20 23:28:38.885,1.61355,1.614,1.00,1.00
2009.12.20 23:28:40.685,1.61365,1.614,1.60,1.00
2009.12.20 23:28:40.915,1.61365,1.61405,1.60,1.00
2009.12.20 23:28:41.135,1.61365,1.6142,1.60,1.00
2009.12.20 23:28:41.315,1.61365,1.6142,1.60,1.00
2009.12.20 23:28:41.675,1.61365,1.614,1.60,1.00
2009.12.20 23:28:42.005,1.6135,1.614,1.00,1.00
2009.12.20 23:28:42.364,1.6135,1.6141,1.00,1.00
2009.12.20 23:28:42.714,1.6135,1.614,1.00,1.00
2009.12.20 23:28:43.064,1.61355,1.614,1.60,1.00
2009.12.20 23:28:43.424,1.61365,1.614,1.60,1.00
2009.12.20 23:28:44.474,1.6137,1.6142,1.00,1.00
2009.12.20 23:28:45.404,1.61375,1.6142,1.00,1.00
2009.12.20 23:28:46.313,1.61375,1.6142,1.00,1.10
2009.12.20 23:28:47.003,1.61375,1.6142,1.00,2.70
2009.12.20 23:28:47.184,1.6137,1.6142,1.70,2.70
2009.12.20 23:28:47.353,1.61365,1.614,1.60,1.00
2009.12.20 23:28:47.513,1.61365,1.614,1.60,1.00
2009.12.20 23:28:47.683,1.61355,1.614,1.70,1.00
2009.12.20 23:28:48.033,1.61355,1.614,1.00,1.00
2009.12.20 23:28:48.993,1.61355,1.614,1.00,1.00
2009.12.20 23:28:49.113,1.61355,1.6141,1.00,1.00
2009.12.20 23:28:49.283,1.6136,1.6141,1.00,1.00
2009.12.20 23:28:50.213,1.6136,1.6141,1.00,1.00
2009.12.20 23:28:50.322,1.6136,1.6141,1.00,1.00
2009.12.20 23:28:50.373,1.6136,1.614,1.00,1.00
2009.12.20 23:28:50.433,1.61365,1.614,1.60,1.00
2009.12.20 23:28:50.493,1.61365,1.6142,1.60,1.00
2009.12.20 23:28:50.552,1.61365,1.6142,1.60,1.00
2009.12.20 23:28:51.282,1.61375,1.6142,1.00,1.00
2009.12.20 23:28:53.192,1.61375,1.6142,1.00,1.10
2009.12.20 23:28:54.402,1.61375,1.6142,1.00,1.20
2009.12.20 23:28:54.641,1.61375,1.6142,1.00,1.10
2009.12.20 23:28:57.900,1.61375,1.614,1.00,1.00
2009.12.20 23:28:58.260,1.61375,1.614,1.00,1.00
2009.12.20 23:29:13.877,1.61375,1.614,1.00,1.00
2009.12.20 23:29:14.097,1.61375,1.6142,1.00,1.00
2009.12.20 23:29:15.366,1.6138,1.6142,1.00,1.00
2009.12.20 23:29:20.775,1.6138,1.6141,1.00,1.00
2009.12.20 23:29:21.575,1.6138,1.6142,1.00,1.00
2009.12.20 23:29:44.089,1.6138,1.6142,1.00,1.00
2009.12.20 23:29:44.959,1.6138,1.6142,1.00,1.00
2009.12.20 23:29:45.139,1.6138,1.6142,1.00,1.00
2009.12.20 23:29:45.479,1.6138,1.61415,1.00,1.00
2009.12.20 23:29:45.599,1.6138,1.61415,1.00,1.00
2009.12.20 23:29:46.539,1.6138,1.6141,1.00,1.00
2009.12.20 23:29:47.189,1.6138,1.6141,1.00,1.00
2009.12.20 23:29:47.359,1.6138,1.6141,1.00,1.00
2009.12.20 23:29:48.049,1.6138,1.6141,1.00,1.00
2009.12.20 23:29:48.388,1.6138,1.61405,1.00,1.00
2009.12.20 23:29:49.108,1.6138,1.61405,1.00,1.00
2009.12.20 23:29:49.468,1.6138,1.6141,1.00,1.00
2009.12.20 23:29:49.528,1.6138,1.614,1.00,1.00
2009.12.20 23:29:49.708,1.6138,1.614,1.00,1.00
2009.12.20 23:29:50.208,1.6138,1.6141,1.00,1.00
2009.12.20 23:29:50.558,1.6138,1.61395,1.00,1.00
2009.12.20 23:29:50.738,1.6138,1.61395,1.00,1.00
2009.12.20 23:29:51.188,1.6138,1.61395,1.00,1.00
2009.12.20 23:30:02.935,1.61375,1.61395,1.00,1.00
2009.12.20 23:30:17.152,1.61365,1.6139,1.00,1.00
2009.12.20 23:30:17.631,1.6137,1.6139,1.00,1.00
2009.12.20 23:30:18.151,1.6137,1.6139,1.00,1.00
2009.12.20 23:30:18.621,1.6137,1.6141,1.00,1.00
2009.12.20 23:30:18.971,1.6137,1.6139,1.00,1.00
2009.12.20 23:30:19.311,1.6137,1.6141,1.00,1.00
2009.12.20 23:30:19.541,1.6137,1.61385,1.00,1.00
2009.12.20 23:30:20.061,1.6137,1.61385,1.00,1.00
2009.12.20 23:30:20.301,1.6137,1.6141,1.00,1.00
2009.12.20 23:30:20.541,1.6137,1.61385,1.00,1.00
2009.12.20 23:30:56.572,1.61365,1.61385,1.00,1.00
2009.12.20 23:30:58.491,1.6137,1.61385,1.00,1.00
2009.12.20 23:30:59.231,1.61375,1.61385,1.00,1.00
2009.12.20 23:31:08.359,1.61375,1.614,1.00,1.00
2009.12.20 23:31:08.710,1.6137,1.614,1.00,1.00
2009.12.20 23:31:09.519,1.61365,1.614,3.40,1.00
2009.12.20 23:31:10.309,1.61375,1.614,1.00,1.00
2009.12.20 23:31:12.218,1.61375,1.614,1.00,1.00
2009.12.20 23:31:12.398,1.61375,1.6142,1.00,2.80
2009.12.20 23:31:12.848,1.61375,1.614,1.00,1.00
2009.12.20 23:31:13.008,1.61375,1.6142,1.00,2.80
2009.12.20 23:31:13.358,1.61375,1.614,1.00,1.00
2009.12.20 23:31:13.758,1.6137,1.614,1.00,1.00
2009.12.20 23:31:15.327,1.61375,1.614,1.00,1.00
2009.12.20 23:31:15.497,1.61375,1.614,1.00,1.00
2009.12.20 23:31:15.667,1.61375,1.6142,1.00,1.60
2009.12.20 23:31:18.997,1.6137,1.6142,2.70,2.40
2009.12.20 23:31:23.295,1.6138,1.6142,1.00,1.00
2009.12.20 23:31:24.695,1.61375,1.6141,1.00,1.00
2009.12.20 23:31:24.815,1.6138,1.6141,1.00,1.00
2009.12.20 23:31:29.784,1.6138,1.6141,1.00,1.00
2009.12.20 23:31:29.844,1.6138,1.6142,1.00,1.00
2009.12.20 23:31:30.644,1.6138,1.6142,1.00,1.00
2009.12.20 23:31:31.564,1.6138,1.6141,1.00,1.00
2009.12.20 23:31:31.793,1.6138,1.6141,1.00,1.00
2009.12.20 23:31:33.133,1.6138,1.6142,1.00,1.00
2009.12.20 23:31:35.533,1.6138,1.6142,1.00,1.00
2009.12.20 23:31:37.482,1.61375,1.6142,1.00,1.00
2009.12.20 23:31:37.832,1.61375,1.6141,1.00,1.00
2009.12.20 23:31:38.462,1.6137,1.614,1.70,1.00
2009.12.20 23:31:38.812,1.6137,1.614,1.00,1.00
2009.12.20 23:31:44.440,1.6137,1.614,1.00,1.00
2009.12.20 23:31:45.240,1.6137,1.614,1.00,1.00
2009.12.20 23:31:48.570,1.6137,1.614,1.00,1.00
2009.12.20 23:31:49.679,1.61375,1.614,1.00,1.00
2009.12.20 23:31:51.629,1.61375,1.614,1.00,1.00
2009.12.20 23:31:53.338,1.61375,1.614,1.00,1.00
2009.12.20 23:32:00.207,1.61375,1.614,1.00,1.00
2009.12.20 23:32:00.377,1.6137,1.614,1.70,1.00
2009.12.20 23:32:00.786,1.6137,1.614,1.00,1.00
2009.12.20 23:32:03.116,1.6137,1.614,1.00,1.00
2009.12.20 23:32:03.346,1.61375,1.614,1.00,1.00
2009.12.20 23:32:08.295,1.61375,1.614,1.00,1.00
2009.12.20 23:32:08.625,1.61375,1.6141,1.00,1.00
2009.12.20 23:32:09.594,1.6138,1.6141,1.00,1.00
2009.12.20 23:32:17.922,1.6138,1.6141,1.00,1.00
2009.12.20 23:32:18.253,1.61385,1.6142,1.00,1.00
2009.12.20 23:32:29.380,1.61385,1.6142,1.00,1.00
2009.12.20 23:32:37.138,1.61385,1.6142,1.00,1.00
2009.12.20 23:32:43.276,1.61385,1.6142,1.00,1.00
2009.12.20 23:32:43.626,1.61385,1.6142,1.00,1.00
2009.12.20 23:32:44.426,1.6139,1.6142,1.00,1.00
2009.12.20 23:32:51.754,1.6139,1.6142,1.00,1.00
2009.12.20 23:32:51.864,1.61395,1.61435,1.00,1.00
2009.12.20 23:32:51.974,1.61405,1.61435,1.00,1.00
2009.12.20 23:32:52.154,1.61405,1.61435,1.00,1.00
2009.12.20 23:32:52.264,1.61405,1.61435,1.00,1.60
2009.12.20 23:32:52.384,1.61405,1.61435,1.00,2.40
2009.12.20 23:32:52.494,1.61405,1.61435,1.00,2.40
2009.12.20 23:32:53.194,1.61385,1.61435,1.00,2.40
2009.12.20 23:32:53.534,1.61385,1.61435,1.00,2.40
2009.12.20 23:32:53.884,1.61385,1.61435,1.00,2.40
2009.12.20 23:32:56.943,1.61395,1.61435,1.00,2.40
2009.12.20 23:32:57.113,1.61395,1.61435,1.00,2.40
2009.12.20 23:32:58.043,1.61395,1.61435,1.00,1.60
2009.12.20 23:32:59.032,1.61405,1.61435,1.00,1.60
2009.12.20 23:32:59.372,1.61395,1.61435,1.00,1.60
2009.12.20 23:33:06.381,1.61395,1.61435,1.00,1.60
2009.12.20 23:33:06.681,1.61395,1.61435,1.00,1.60
2009.12.20 23:33:09.220,1.61395,1.61435,1.00,1.60
2009.12.20 23:33:09.620,1.61395,1.61435,1.00,1.60
2009.12.20 23:33:22.817,1.61395,1.6143,1.00,1.60
2009.12.20 23:33:23.107,1.61385,1.6143,1.00,1.60
2009.12.20 23:33:42.232,1.61375,1.61415,1.00,2.40
2009.12.20 23:33:43.352,1.61375,1.61415,1.00,2.50
2009.12.20 23:33:43.522,1.61375,1.61415,1.00,2.60
2009.12.20 23:33:43.692,1.61375,1.61415,1.00,2.40
2009.12.20 23:33:43.912,1.61375,1.6142,1.00,1.00
2009.12.20 23:33:44.092,1.61375,1.61425,1.00,1.00
2009.12.20 23:33:45.221,1.61375,1.61425,1.00,1.00
2009.12.20 23:33:46.341,1.61375,1.6142,1.00,1.00
2009.12.20 23:33:48.131,1.61375,1.61425,1.00,1.00
2009.12.20 23:33:49.050,1.61385,1.61425,1.00,1.00
2009.12.20 23:33:49.291,1.61375,1.6142,1.20,1.00
2009.12.20 23:33:49.910,1.61385,1.61425,1.00,1.00
2009.12.20 23:33:51.120,1.61385,1.6142,1.00,1.00
2009.12.20 23:33:52.780,1.61385,1.61425,1.00,1.00
2009.12.20 23:33:54.519,1.61395,1.61425,1.00,1.00
2009.12.20 23:33:54.869,1.61385,1.61425,1.00,1.00
2009.12.20 23:33:55.219,1.61385,1.6142,1.00,1.00
2009.12.20 23:34:01.307,1.61385,1.6142,1.00,1.00
2009.12.20 23:34:01.417,1.61385,1.6142,1.00,1.00
2009.12.20 23:34:01.597,1.61385,1.6142,1.00,1.00
2009.12.20 23:34:02.008,1.61385,1.61425,1.00,1.00
2009.12.20 23:34:11.445,1.61385,1.61425,1.00,1.00
2009.12.20 23:34:11.735,1.61395,1.61425,1.00,1.00
2009.12.20 23:34:12.895,1.61395,1.6142,1.00,1.00
2009.12.20 23:34:13.225,1.61405,1.6142,1.00,1.00
2009.12.20 23:34:13.564,1.61395,1.6143,1.00,1.60
2009.12.20 23:34:13.905,1.61385,1.61435,1.50,1.60
2009.12.20 23:34:16.284,1.61395,1.61435,1.00,1.60
2009.12.20 23:34:16.404,1.61395,1.61435,1.00,1.60
2009.12.20 23:34:16.574,1.6139,1.61435,1.00,2.40
2009.12.20 23:34:16.744,1.6139,1.6143,1.00,1.60
2009.12.20 23:34:16.914,1.61385,1.61435,2.00,2.40
2009.12.20 23:34:17.084,1.61395,1.6143,1.00,1.60
2009.12.20 23:34:17.194,1.61395,1.6143,1.00,1.60
2009.12.20 23:34:17.374,1.61395,1.6143,1.00,1.60
2009.12.20 23:34:19.014,1.61395,1.6143,1.00,1.60
2009.12.20 23:34:19.313,1.61395,1.61435,1.00,2.40
2009.12.20 23:34:19.653,1.61395,1.6143,1.00,1.60
2009.12.20 23:34:20.693,1.61395,1.61435,1.00,1.60
2009.12.20 23:34:20.993,1.61395,1.6144,1.00,2.60
2009.12.20 23:34:23.372,1.61395,1.61435,1.00,1.60
2009.12.20 23:34:23.612,1.61395,1.61435,1.00,1.60
2009.12.20 23:34:24.122,1.61405,1.61435,1.00,1.60
2009.12.20 23:34:25.032,1.61395,1.61435,1.00,1.60
2009.12.20 23:34:25.382,1.61395,1.61435,1.00,1.60
2009.12.20 23:34:30.271,1.61405,1.61435,1.00,1.60
2009.12.20 23:34:32.400,1.61405,1.61435,1.00,1.60
2009.12.20 23:34:32.510,1.61395,1.61435,1.00,1.60
2009.12.20 23:34:35.099,1.61395,1.61435,1.00,1.60
2009.12.20 23:34:35.339,1.61395,1.61435,1.00,1.60
2009.12.20 23:34:35.699,1.61395,1.61435,1.00,1.60
2009.12.20 23:34:35.879,1.61395,1.61435,1.00,1.60
2009.12.20 23:34:36.339,1.61395,1.61435,1.00,1.60
2009.12.20 23:34:36.509,1.61395,1.61435,1.00,1.60
2009.12.20 23:34:36.679,1.61395,1.61435,1.00,1.60
2009.12.20 23:34:37.129,1.61395,1.61435,1.00,1.60
2009.12.20 23:34:38.908,1.61395,1.6143,1.00,1.60
2009.12.20 23:34:39.248,1.6138,1.6143,1.00,1.60
2009.12.20 23:34:39.588,1.6138,1.6143,1.00,1.80
2009.12.20 23:34:44.697,1.6138,1.6143,1.00,1.60
2009.12.20 23:34:47.496,1.61385,1.6143,1.00,1.60
2009.12.20 23:34:47.786,1.61385,1.6143,1.00,1.60
2009.12.20 23:34:48.316,1.6138,1.6143,1.00,1.70
2009.12.20 23:34:53.855,1.61385,1.6143,1.00,1.60
2009.12.20 23:34:56.154,1.61395,1.6143,1.00,1.60
2009.12.20 23:34:56.334,1.61395,1.6143,1.00,1.60
2009.12.20 23:34:56.505,1.61395,1.6143,1.00,1.60
2009.12.20 23:34:57.424,1.61395,1.6143,1.00,2.50
2009.12.20 23:34:57.974,1.61395,1.6143,1.00,2.60
2009.12.20 23:34:58.314,1.61395,1.6143,1.00,2.60
2009.12.20 23:34:58.664,1.61395,1.6143,1.00,2.60
2009.12.20 23:34:59.014,1.61375,1.6143,1.20,2.60
2009.12.20 23:34:59.354,1.61375,1.61425,1.00,1.00
2009.12.20 23:34:59.703,1.61385,1.6143,1.00,2.60
2009.12.20 23:35:01.763,1.61385,1.6143,1.00,2.70
2009.12.20 23:35:02.483,1.61375,1.6143,1.00,1.60
2009.12.20 23:35:03.393,1.6138,1.6143,1.00,1.60
2009.12.20 23:35:04.282,1.61385,1.6143,1.00,1.60
2009.12.20 23:35:04.692,1.61385,1.6143,1.00,1.70
2009.12.20 23:35:05.922,1.61385,1.6143,1.00,1.60
2009.12.20 23:35:06.202,1.6138,1.6143,1.00,1.60
2009.12.20 23:35:09.491,1.6138,1.6143,1.00,1.70
2009.12.20 23:35:16.490,1.61375,1.6141,2.00,1.00
2009.12.20 23:35:17.519,1.6137,1.6141,1.00,1.00
2009.12.20 23:35:19.319,1.6137,1.6141,1.00,1.00
2009.12.20 23:35:19.659,1.6137,1.6142,1.00,1.00
2009.12.20 23:35:22.118,1.6137,1.6141,1.00,1.00
2009.12.20 23:35:22.358,1.6137,1.6141,1.00,1.00
2009.12.20 23:35:23.028,1.6137,1.6141,1.00,1.00
2009.12.20 23:35:23.388,1.6137,1.6142,1.00,1.00
2009.12.20 23:35:33.445,1.61365,1.6142,1.00,1.00
2009.12.20 23:35:34.305,1.61365,1.6142,1.00,1.00
2009.12.20 23:35:35.355,1.61365,1.6142,1.00,1.30
2009.12.20 23:35:37.264,1.61365,1.61415,1.00,1.00
2009.12.20 23:35:37.315,1.61365,1.61415,1.00,1.00
2009.12.20 23:35:51.631,1.61365,1.6141,1.00,1.00
2009.12.20 23:35:51.741,1.61365,1.6141,1.00,1.00
2009.12.20 23:36:02.008,1.61365,1.614,1.00,1.00
2009.12.20 23:36:02.418,1.61365,1.614,1.00,1.00
2009.12.20 23:36:02.708,1.6135,1.6139,1.00,1.00
2009.12.20 23:36:03.038,1.6135,1.614,1.00,1.00
2009.12.20 23:36:03.318,1.61355,1.614,1.00,1.00
2009.12.20 23:36:03.658,1.6135,1.614,1.00,1.00
2009.12.20 23:36:05.528,1.61345,1.61395,3.30,1.00
2009.12.20 23:36:05.698,1.61355,1.614,1.00,1.00
2009.12.20 23:36:05.977,1.61355,1.6139,1.00,1.00
2009.12.20 23:36:06.478,1.61355,1.6139,1.00,1.00
2009.12.20 23:36:06.758,1.61355,1.6139,1.00,1.00
2009.12.20 23:36:07.047,1.6134,1.6139,3.30,1.00
2009.12.20 23:36:07.267,1.6134,1.6139,1.70,1.00
2009.12.20 23:36:07.757,1.6134,1.6139,1.00,1.00
2009.12.20 23:36:08.747,1.6134,1.61385,1.00,1.00
2009.12.20 23:36:09.807,1.61345,1.6138,1.00,1.00
2009.12.20 23:36:10.616,1.61345,1.61395,1.00,1.00
2009.12.20 23:36:10.726,1.61345,1.61375,1.00,1.00
2009.12.20 23:36:11.596,1.61345,1.61395,1.00,1.00
2009.12.20 23:36:12.166,1.61345,1.6137,1.00,1.00
2009.12.20 23:36:14.305,1.6134,1.6137,1.00,1.00
2009.12.20 23:36:14.546,1.61355,1.6137,1.00,1.00
2009.12.20 23:36:14.776,1.61355,1.6137,1.00,1.00
2009.12.20 23:36:15.006,1.61345,1.6137,1.00,1.00
2009.12.20 23:36:15.525,1.61355,1.61395,1.00,1.00
2009.12.20 23:36:15.755,1.61355,1.61395,1.00,1.00
2009.12.20 23:36:15.985,1.61355,1.61395,1.00,1.00
2009.12.20 23:36:16.215,1.61345,1.61395,1.00,1.00
2009.12.20 23:36:16.785,1.61345,1.6139,1.00,1.00
2009.12.20 23:36:17.115,1.61345,1.6139,1.00,1.00
2009.12.20 23:36:43.828,1.6134,1.6139,1.00,1.00
2009.12.20 23:36:53.156,1.6134,1.6138,1.00,1.00
2009.12.20 23:36:53.376,1.61335,1.6138,4.40,1.00
2009.12.20 23:36:53.646,1.61335,1.6138,1.80,1.00
2009.12.20 23:36:54.746,1.61335,1.6138,2.20,1.00
2009.12.20 23:36:55.436,1.61335,1.6138,8.60,1.00
2009.12.20 23:36:56.225,1.61335,1.6138,8.50,1.00
2009.12.20 23:36:56.465,1.61335,1.6138,3.70,1.00
2009.12.20 23:36:57.285,1.61335,1.6138,3.90,1.00
2009.12.20 23:36:57.615,1.61335,1.6138,8.70,1.00
2009.12.20 23:36:59.745,1.61335,1.6138,8.70,1.00
2009.12.20 23:36:59.914,1.61335,1.61385,8.50,1.00
2009.12.20 23:37:00.024,1.61335,1.61385,3.70,1.00
2009.12.20 23:37:01.384,1.61335,1.61385,3.70,1.00
2009.12.20 23:37:01.624,1.61345,1.61385,1.00,1.00
2009.12.20 23:37:01.854,1.61345,1.6139,1.20,1.00
2009.12.20 23:37:08.433,1.61345,1.6139,1.00,1.00
2009.12.20 23:37:08.652,1.61335,1.6138,2.50,1.00
2009.12.20 23:37:08.832,1.61335,1.6138,2.80,1.00
2009.12.20 23:37:09.012,1.61335,1.6138,1.20,1.00
2009.12.20 23:37:15.751,1.61335,1.6137,1.00,1.00
2009.12.20 23:37:16.041,1.61335,1.6137,1.00,1.00
2009.12.20 23:37:22.280,1.61335,1.6136,1.00,1.00
2009.12.20 23:37:22.679,1.61335,1.6136,1.00,1.00
2009.12.20 23:37:23.469,1.61335,1.6135,1.00,1.00
2009.12.20 23:37:26.278,1.61335,1.6136,1.00,1.00
2009.12.20 23:37:26.618,1.61335,1.6138,1.00,1.10
2009.12.20 23:37:26.798,1.61335,1.6138,1.00,1.00
2009.12.20 23:37:27.638,1.61335,1.6137,1.00,1.00
2009.12.20 23:37:29.647,1.61335,1.6137,1.00,1.00
2009.12.20 23:37:30.207,1.61335,1.6138,1.00,1.00
2009.12.20 23:37:30.727,1.61335,1.6137,1.00,1.00
2009.12.20 23:37:30.847,1.61335,1.6137,1.00,1.00
2009.12.20 23:37:38.775,1.6133,1.6137,1.00,1.00
2009.12.20 23:37:40.425,1.6133,1.6137,1.00,1.00
2009.12.20 23:37:41.464,1.61335,1.6137,1.00,1.00
2009.12.20 23:37:51.302,1.61335,1.61385,1.00,1.00
2009.12.20 23:37:53.632,1.61335,1.61385,1.00,1.00
2009.12.20 23:37:54.162,1.61335,1.6139,1.00,2.40
2009.12.20 23:37:54.851,1.61335,1.6139,1.00,2.40
2009.12.20 23:37:56.501,1.61335,1.6139,1.00,2.40
2009.12.20 23:37:57.091,1.61335,1.6139,1.00,1.60
2009.12.20 23:37:58.280,1.6134,1.6139,1.00,1.60
2009.12.20 23:38:03.059,1.61335,1.6139,1.00,1.60
2009.12.20 23:38:03.409,1.61335,1.6139,1.00,1.60
2009.12.20 23:38:04.109,1.61335,1.6139,1.00,1.60
2009.12.20 23:38:04.799,1.61335,1.6139,1.00,2.40
2009.12.20 23:38:13.677,1.61335,1.6139,1.00,2.40
2009.12.20 23:38:13.917,1.61335,1.61385,1.00,1.00
2009.12.20 23:38:14.207,1.61335,1.61385,1.00,1.00
2009.12.20 23:38:15.126,1.61335,1.6139,1.00,2.40
2009.12.20 23:38:17.376,1.61335,1.61385,1.00,1.00
2009.12.20 23:38:22.624,1.61335,1.61385,1.00,1.00
2009.12.20 23:38:25.964,1.61335,1.6139,1.00,2.40
2009.12.20 23:38:26.494,1.61335,1.6139,1.00,2.40
2009.12.20 23:38:32.302,1.6133,1.61385,1.00,1.00
2009.12.20 23:38:33.622,1.6133,1.61385,1.00,1.10
2009.12.20 23:38:34.362,1.6133,1.61385,1.00,1.20
2009.12.20 23:38:36.271,1.6133,1.61365,1.00,1.00
2009.12.20 23:38:36.611,1.61325,1.61365,1.00,1.00
2009.12.20 23:38:42.210,1.61325,1.61375,1.00,1.00
2009.12.20 23:38:51.338,1.61325,1.61375,1.00,1.00
2009.12.20 23:38:51.578,1.61325,1.61375,1.00,1.00
2009.12.20 23:39:06.734,1.61325,1.6137,1.00,1.00
2009.12.20 23:39:59.761,1.61325,1.6137,1.00,1.00
2009.12.20 23:40:04.520,1.61335,1.6137,1.00,1.00
2009.12.20 23:40:05.090,1.61335,1.6137,1.00,1.00
2009.12.20 23:40:08.389,1.61335,1.6137,1.00,1.00
2009.12.20 23:40:18.827,1.61325,1.6137,1.00,1.00
2009.12.20 23:40:26.425,1.61325,1.61365,1.00,1.00
2009.12.20 23:40:26.885,1.61325,1.61365,1.00,1.00
2009.12.20 23:40:27.525,1.61325,1.61365,1.00,1.00
2009.12.20 23:40:27.764,1.61325,1.6137,1.00,2.60
2009.12.20 23:40:28.844,1.61325,1.61365,1.00,1.00
2009.12.20 23:40:29.714,1.61325,1.61365,1.00,1.00
2009.12.20 23:40:31.893,1.61325,1.61365,1.00,1.00
2009.12.20 23:40:32.234,1.61325,1.6137,1.00,2.40
2009.12.20 23:40:32.473,1.61325,1.6137,1.00,1.00
2009.12.20 23:40:32.653,1.61325,1.6137,1.00,1.00
2009.12.20 23:40:32.823,1.6132,1.6138,1.90,1.00
2009.12.20 23:40:34.243,1.61325,1.6138,1.00,1.00
2009.12.20 23:40:42.401,1.6132,1.61375,1.90,1.00
2009.12.20 23:40:42.751,1.61325,1.61375,1.00,1.00
2009.12.20 23:40:44.151,1.61325,1.61375,1.00,1.20
2009.12.20 23:40:44.380,1.61325,1.61375,1.00,1.20
2009.12.20 23:40:45.360,1.61325,1.61375,1.00,1.40
2009.12.20 23:40:46.700,1.61325,1.61375,1.00,1.00
2009.12.20 23:40:47.520,1.61325,1.6137,1.00,1.00
2009.12.20 23:41:06.307,1.61325,1.6137,1.00,1.00
2009.12.20 23:41:06.366,1.61325,1.6138,1.00,2.60
2009.12.20 23:41:08.215,1.61325,1.6138,1.00,2.60
2009.12.20 23:41:11.514,1.61325,1.6138,1.00,2.60
2009.12.20 23:41:12.194,1.61325,1.6138,1.00,2.60
2009.12.20 23:41:13.343,1.61325,1.61375,1.00,1.00
2009.12.20 23:41:14.333,1.61325,1.61375,1.00,1.00
2009.12.20 23:41:14.793,1.61325,1.6137,1.00,1.00
2009.12.20 23:41:15.123,1.61325,1.6137,1.00,1.00
2009.12.20 23:41:21.941,1.61325,1.6137,1.00,1.00
2009.12.20 23:41:33.659,1.61325,1.6137,1.70,1.00
2009.12.20 23:41:40.867,1.61325,1.6137,1.70,1.00
2009.12.20 23:41:42.136,1.61325,1.6137,1.70,1.00
2009.12.20 23:41:43.416,1.61325,1.6137,1.20,1.00
2009.12.20 23:41:44.586,1.61325,1.6137,1.20,1.00
2009.12.20 23:41:44.926,1.61325,1.6137,1.20,1.00
2009.12.20 23:41:45.266,1.61325,1.6137,1.20,1.20
2009.12.20 23:41:59.762,1.61325,1.61375,1.60,3.80
2009.12.20 23:41:59.882,1.61325,1.6137,1.40,1.30
2009.12.20 23:42:04.021,1.61325,1.61365,1.40,1.00
2009.12.20 23:42:04.191,1.61325,1.61365,1.40,1.00
2009.12.20 23:42:05.001,1.61325,1.6137,1.60,1.00
2009.12.20 23:42:09.920,1.61325,1.6137,1.20,1.00
2009.12.20 23:42:15.819,1.61325,1.61375,1.20,2.40
2009.12.20 23:42:17.338,1.61325,1.61375,1.40,2.40
2009.12.20 23:42:19.568,1.61325,1.6137,1.40,1.00
2009.12.20 23:42:19.898,1.61325,1.61375,1.20,2.40
2009.12.20 23:42:21.317,1.61325,1.61375,1.20,2.60
2009.12.20 23:42:22.477,1.61325,1.6137,1.20,1.00
2009.12.20 23:42:23.147,1.61325,1.61375,1.20,2.40
2009.12.20 23:42:31.355,1.61325,1.61375,1.20,2.60
2009.12.20 23:42:32.105,1.61325,1.6137,1.20,1.00
2009.12.20 23:42:32.274,1.61325,1.6137,1.20,1.00
2009.12.20 23:42:32.964,1.61325,1.6137,1.20,1.00
2009.12.20 23:42:33.184,1.61325,1.61375,1.20,2.40
2009.12.20 23:42:33.424,1.61325,1.61375,1.00,2.40
2009.12.20 23:42:34.234,1.61325,1.6138,1.00,3.70
2009.12.20 23:42:48.870,1.61325,1.61375,1.00,2.40
2009.12.20 23:42:51.181,1.61325,1.61375,1.00,2.40
2009.12.20 23:42:51.480,1.61325,1.6137,1.00,1.00
2009.12.20 23:42:53.499,1.61325,1.6137,1.00,1.10
2009.12.20 23:42:53.859,1.61325,1.6137,1.00,1.10
2009.12.20 23:43:01.168,1.61325,1.6137,1.00,1.10
2009.12.20 23:43:02.138,1.61325,1.6137,1.00,1.00
2009.12.20 23:43:02.847,1.61325,1.61375,1.00,2.60
2009.12.20 23:43:03.197,1.61325,1.6137,1.00,1.00
2009.12.20 23:43:13.905,1.61325,1.6137,1.00,1.00
2009.12.20 23:43:21.053,1.61325,1.6136,1.00,1.00
2009.12.20 23:43:21.503,1.61325,1.6136,1.00,1.00
2009.12.20 23:43:22.262,1.6132,1.6136,1.00,1.00
2009.12.20 23:43:22.432,1.61315,1.61335,1.70,1.00
2009.12.20 23:43:22.612,1.61315,1.61335,1.00,1.00
2009.12.20 23:43:22.782,1.6131,1.61335,1.00,1.00
2009.12.20 23:43:23.302,1.6131,1.61335,1.00,1.00
2009.12.20 23:43:24.812,1.6131,1.6132,1.00,1.00
2009.12.20 23:43:24.982,1.61285,1.6132,1.00,1.00
2009.12.20 23:43:25.152,1.6128,1.6132,5.70,1.00
2009.12.20 23:43:25.332,1.6128,1.6132,4.00,1.00
2009.12.20 23:43:25.452,1.6128,1.6132,2.40,1.00
2009.12.20 23:43:25.851,1.61275,1.6132,1.00,1.00
2009.12.20 23:43:27.241,1.61275,1.6132,1.00,1.00
2009.12.20 23:43:27.421,1.61275,1.6133,1.00,1.00
2009.12.20 23:43:27.841,1.61275,1.6132,1.00,1.00
2009.12.20 23:43:30.221,1.61275,1.6131,1.00,1.00
2009.12.20 23:43:31.740,1.61275,1.6131,1.00,1.00
2009.12.20 23:43:34.590,1.61275,1.6131,1.00,1.00
2009.12.20 23:43:37.459,1.61265,1.61305,2.50,1.60
2009.12.20 23:43:37.809,1.6126,1.61295,1.00,1.60
2009.12.20 23:43:38.189,1.6126,1.61295,1.00,1.60
2009.12.20 23:43:38.539,1.61255,1.61295,4.10,1.60
2009.12.20 23:43:39.618,1.61255,1.6129,4.10,1.00
2009.12.20 23:43:40.898,1.61255,1.61295,4.10,1.70
2009.12.20 23:43:41.298,1.61255,1.61295,4.10,1.80
2009.12.20 23:43:41.418,1.61255,1.61295,4.10,3.00
2009.12.20 23:43:41.528,1.61255,1.6129,4.10,1.00
2009.12.20 23:43:41.638,1.61255,1.6129,4.10,1.00
2009.12.20 23:43:42.078,1.61255,1.6129,4.00,1.00
2009.12.20 23:43:43.467,1.61255,1.6129,4.00,1.20
2009.12.20 23:43:45.127,1.61255,1.6129,4.00,1.00
2009.12.20 23:43:45.537,1.61255,1.6129,4.00,1.00
2009.12.20 23:43:47.546,1.61255,1.6129,3.80,1.00
2009.12.20 23:43:50.496,1.61255,1.6129,3.80,1.00
2009.12.20 23:43:51.315,1.61255,1.6129,1.00,1.00
2009.12.20 23:43:52.525,1.61255,1.6129,1.00,1.00
2009.12.20 23:43:58.204,1.61255,1.6129,1.00,1.00
2009.12.20 23:43:58.444,1.61245,1.6129,1.00,1.00
2009.12.20 23:43:58.734,1.61255,1.6129,1.00,1.00
2009.12.20 23:43:59.074,1.61255,1.6129,1.00,1.00
2009.12.20 23:43:59.364,1.61255,1.6129,1.00,1.00
2009.12.20 23:43:59.533,1.61245,1.6129,1.00,1.00
2009.12.20 23:43:59.703,1.61255,1.6129,1.00,1.00
2009.12.20 23:44:00.523,1.61255,1.6129,1.00,1.00
2009.12.20 23:44:00.993,1.61245,1.6129,1.00,1.00
2009.12.20 23:44:01.693,1.61245,1.6129,1.00,1.00
2009.12.20 23:44:03.952,1.61255,1.6129,1.00,1.00
2009.12.20 23:44:04.292,1.61255,1.6129,1.00,1.00
2009.12.20 23:44:06.012,1.61255,1.6129,1.00,1.00
2009.12.20 23:44:06.362,1.61255,1.6129,1.00,1.00
2009.12.20 23:44:06.712,1.61255,1.6129,1.00,1.00
2009.12.20 23:44:08.711,1.61255,1.6129,1.00,1.00
2009.12.20 23:44:09.231,1.61245,1.6129,1.20,1.00
2009.12.20 23:44:09.561,1.61255,1.6129,1.00,1.00
2009.12.20 23:44:09.901,1.61245,1.6129,1.10,1.00
2009.12.20 23:44:10.241,1.61245,1.6129,1.00,1.00
2009.12.20 23:44:10.571,1.6124,1.61285,1.00,1.00
2009.12.20 23:44:11.081,1.6124,1.6128,1.00,1.00
2009.12.20 23:44:11.971,1.61225,1.6128,1.00,2.50
2009.12.20 23:44:12.790,1.61225,1.6128,1.00,2.50
2009.12.20 23:44:15.920,1.61225,1.6128,1.00,1.70
2009.12.20 23:44:18.359,1.61215,1.6128,1.00,2.70
2009.12.20 23:44:19.109,1.61215,1.61275,1.00,1.00
2009.12.20 23:44:19.229,1.61215,1.61275,1.00,1.00
2009.12.20 23:44:19.339,1.61215,1.61275,1.00,1.00
2009.12.20 23:44:20.259,1.61215,1.61275,1.00,1.90
2009.12.20 23:44:20.488,1.61215,1.6127,1.00,1.00
2009.12.20 23:44:23.188,1.61215,1.6127,1.00,1.00
2009.12.20 23:44:23.428,1.61215,1.6127,1.00,1.00
2009.12.20 23:44:23.818,1.61215,1.6127,1.00,2.40
2009.12.20 23:44:24.488,1.61215,1.61265,1.00,1.00
2009.12.20 23:44:24.957,1.61215,1.61265,1.00,1.00
2009.12.20 23:44:25.807,1.61215,1.61265,1.00,1.00
2009.12.20 23:44:26.777,1.61205,1.6126,1.20,1.00
2009.12.20 23:44:28.166,1.61205,1.6126,1.00,1.00
2009.12.20 23:44:29.326,1.61205,1.6126,1.30,1.00
2009.12.20 23:44:30.186,1.61205,1.6126,1.20,1.00
2009.12.20 23:44:30.836,1.61205,1.6126,1.00,1.00
2009.12.20 23:44:31.766,1.61205,1.6127,1.00,2.80
2009.12.20 23:44:33.086,1.61205,1.6125,1.00,1.00
2009.12.20 23:44:33.316,1.61205,1.6125,1.00,1.00
2009.12.20 23:44:33.655,1.61205,1.6125,1.00,1.00
2009.12.20 23:44:34.015,1.61205,1.6125,1.00,1.00
2009.12.20 23:44:34.355,1.61205,1.6125,1.00,1.00
2009.12.20 23:44:34.475,1.61205,1.6125,1.00,1.00
2009.12.20 23:44:34.645,1.61205,1.6125,1.00,1.00
2009.12.20 23:44:39.604,1.61205,1.6125,1.00,1.00
2009.12.20 23:44:41.403,1.61205,1.6125,1.00,1.00
2009.12.20 23:44:42.953,1.61205,1.6125,1.00,1.00
2009.12.20 23:44:43.283,1.61205,1.6125,1.00,1.00
2009.12.20 23:44:45.562,1.61205,1.6125,1.00,1.00
2009.12.20 23:44:45.852,1.61215,1.6126,1.00,1.00
2009.12.20 23:44:46.132,1.61215,1.6126,1.00,1.00
2009.12.20 23:44:46.362,1.61215,1.61265,1.00,1.00
2009.12.20 23:44:47.212,1.61215,1.61265,1.00,1.00
2009.12.20 23:44:47.452,1.61215,1.61265,1.00,1.00
2009.12.20 23:44:47.682,1.61215,1.61265,1.00,1.00
2009.12.20 23:44:49.531,1.61215,1.61265,1.00,1.00
2009.12.20 23:44:50.891,1.61215,1.61265,1.00,1.00
2009.12.20 23:44:51.011,1.61215,1.6126,1.00,1.00
2009.12.20 23:44:51.122,1.61205,1.6126,1.00,1.00
2009.12.20 23:44:51.241,1.61205,1.6126,1.00,1.00
2009.12.20 23:44:52.411,1.61215,1.6127,1.00,2.70
2009.12.20 23:44:52.571,1.61205,1.61265,1.60,1.00
2009.12.20 23:44:52.970,1.61205,1.61265,1.80,1.00
2009.12.20 23:44:53.350,1.61215,1.61265,1.00,1.00
2009.12.20 23:44:54.410,1.61215,1.61265,1.00,1.00
2009.12.20 23:44:54.750,1.61205,1.61265,1.70,1.00
2009.12.20 23:44:54.910,1.61215,1.61265,1.00,1.00
2009.12.20 23:44:55.030,1.61205,1.61265,1.70,1.00
2009.12.20 23:44:55.090,1.61205,1.61265,1.40,1.00
2009.12.20 23:44:55.380,1.61205,1.61265,1.70,1.00
2009.12.20 23:44:55.910,1.61215,1.61265,1.00,1.00
2009.12.20 23:44:56.260,1.61205,1.61265,1.00,1.00
2009.12.20 23:44:57.170,1.61205,1.61265,1.50,1.00
2009.12.20 23:44:57.349,1.61215,1.61265,1.00,1.00
2009.12.20 23:44:57.789,1.61205,1.61265,1.90,1.00
2009.12.20 23:44:58.589,1.61205,1.6125,1.00,1.00
2009.12.20 23:44:58.699,1.612,1.6123,1.60,1.00
2009.12.20 23:44:58.879,1.61185,1.6123,3.80,1.00
2009.12.20 23:44:59.229,1.6118,1.6122,1.60,1.00
2009.12.20 23:44:59.579,1.61175,1.6121,1.00,1.00
2009.12.20 23:44:59.969,1.61175,1.6121,1.60,1.00
2009.12.20 23:45:00.139,1.61175,1.6122,1.60,1.00
2009.12.20 23:45:00.379,1.61175,1.6122,2.00,1.00
2009.12.20 23:45:00.619,1.61185,1.6122,1.00,1.00
2009.12.20 23:45:00.839,1.61185,1.6123,1.00,1.00
2009.12.20 23:45:01.179,1.6119,1.6124,1.00,1.00
2009.12.20 23:45:04.658,1.6119,1.6123,1.00,1.00
2009.12.20 23:45:05.937,1.6119,1.6122,1.00,1.00
2009.12.20 23:45:06.288,1.6119,1.6123,1.00,1.00
2009.12.20 23:45:10.987,1.6119,1.6123,1.00,1.00
2009.12.20 23:45:11.686,1.6119,1.6124,1.00,1.60
2009.12.20 23:45:12.646,1.6119,1.6124,1.00,1.70
2009.12.20 23:45:13.476,1.6119,1.6124,1.00,2.00
2009.12.20 23:45:16.605,1.6119,1.6123,1.00,1.00
2009.12.20 23:45:19.724,1.6119,1.6123,1.00,1.00
2009.12.20 23:45:20.834,1.6119,1.6122,1.00,1.00
2009.12.20 23:45:21.194,1.6119,1.6123,1.00,1.00
2009.12.20 23:45:21.704,1.6119,1.6123,1.00,1.00
2009.12.20 23:45:21.883,1.6119,1.6123,1.00,1.00
2009.12.20 23:45:22.054,1.6119,1.6124,1.00,1.80
2009.12.20 23:45:25.553,1.6119,1.6123,1.00,1.60
2009.12.20 23:45:25.893,1.6119,1.6123,1.00,1.70
2009.12.20 23:45:26.422,1.61185,1.6123,1.40,1.60
2009.12.20 23:45:27.472,1.61185,1.6123,1.00,1.60
2009.12.20 23:45:27.692,1.61185,1.6123,1.00,1.60
2009.12.20 23:45:27.922,1.61175,1.6123,1.00,1.70
2009.12.20 23:45:31.721,1.61175,1.6123,1.00,1.60
2009.12.20 23:45:32.131,1.61175,1.6123,1.00,1.60
2009.12.20 23:45:33.121,1.61175,1.6123,1.00,1.60
2009.12.20 23:45:33.461,1.61175,1.6123,1.00,1.60
2009.12.20 23:45:33.821,1.61185,1.6123,1.00,1.60
2009.12.20 23:45:36.650,1.61175,1.6123,1.00,1.70
2009.12.20 23:45:36.980,1.61175,1.6122,1.00,1.60
2009.12.20 23:45:37.340,1.61175,1.6122,1.00,1.60
2009.12.20 23:45:37.690,1.61175,1.6122,1.00,1.60
2009.12.20 23:45:38.030,1.61175,1.6122,1.00,1.60
2009.12.20 23:45:39.090,1.61185,1.6122,1.00,1.60
2009.12.20 23:45:39.149,1.61185,1.6122,1.00,1.60
2009.12.20 23:45:39.319,1.61185,1.6122,1.00,1.60
2009.12.20 23:45:39.549,1.61185,1.6122,1.00,1.60
2009.12.20 23:45:39.779,1.61175,1.6122,1.00,1.60
2009.12.20 23:45:40.889,1.61185,1.6122,1.00,1.60
2009.12.20 23:45:41.189,1.61185,1.6122,1.00,1.60
2009.12.20 23:45:41.469,1.61185,1.6122,1.00,1.60
2009.12.20 23:45:41.939,1.61185,1.612,1.00,1.60
2009.12.20 23:45:42.169,1.61175,1.612,1.00,1.60
2009.12.20 23:45:43.678,1.61175,1.612,1.00,1.60
2009.12.20 23:45:44.028,1.61165,1.612,1.00,1.60
2009.12.20 23:45:45.678,1.61175,1.612,1.00,1.60
2009.12.20 23:45:45.738,1.61175,1.612,1.00,1.60
2009.12.20 23:45:46.688,1.61175,1.612,1.00,1.60
2009.12.20 23:45:46.748,1.61165,1.612,1.00,1.60
2009.12.20 23:45:51.746,1.61165,1.612,1.00,1.60
2009.12.20 23:45:58.025,1.61165,1.612,1.00,1.60
2009.12.20 23:45:58.135,1.61175,1.612,1.00,1.60
2009.12.20 23:45:58.985,1.61175,1.61205,1.00,1.60
2009.12.20 23:46:00.774,1.61175,1.61205,1.00,1.60
2009.12.20 23:46:03.574,1.61175,1.61205,1.00,1.60
2009.12.20 23:46:06.253,1.61175,1.61205,1.00,1.60
2009.12.20 23:46:11.852,1.61175,1.61205,1.00,1.60
2009.12.20 23:46:13.581,1.61175,1.61205,1.00,1.60
2009.12.20 23:46:13.871,1.61175,1.61205,1.00,1.60
2009.12.20 23:46:23.369,1.61185,1.61205,1.00,1.60
2009.12.20 23:46:23.649,1.61185,1.61205,1.00,1.60
2009.12.20 23:46:38.086,1.61185,1.61215,1.00,3.10
2009.12.20 23:46:41.284,1.61185,1.61205,1.00,1.60
2009.12.20 23:46:42.265,1.61175,1.6121,2.00,1.60
2009.12.20 23:46:42.384,1.61175,1.61205,1.00,1.60
2009.12.20 23:46:42.435,1.61175,1.6121,1.00,1.60
2009.12.20 23:46:42.544,1.61175,1.61225,1.60,3.20
2009.12.20 23:46:42.654,1.61185,1.61225,1.00,3.20
2009.12.20 23:46:42.815,1.61185,1.61225,1.00,3.20
2009.12.20 23:46:42.874,1.61185,1.61225,2.00,3.20
2009.12.20 23:46:43.054,1.61185,1.6123,2.00,1.00
2009.12.20 23:46:43.174,1.61195,1.61235,1.00,1.60
2009.12.20 23:46:43.345,1.61195,1.61235,1.00,1.60
2009.12.20 23:46:43.684,1.61195,1.61235,1.00,1.60
2009.12.20 23:46:44.394,1.61195,1.61235,1.00,1.60
2009.12.20 23:46:45.254,1.61195,1.61235,1.70,1.60
2009.12.20 23:46:45.374,1.61195,1.61235,3.30,1.60
2009.12.20 23:46:47.533,1.61205,1.61235,1.00,1.60
2009.12.20 23:46:47.713,1.61205,1.61235,1.00,1.60
2009.12.20 23:46:47.993,1.61195,1.61235,3.30,1.60
2009.12.20 23:46:48.103,1.612,1.61235,1.00,1.60
2009.12.20 23:46:48.403,1.612,1.61235,2.40,1.60
2009.12.20 23:46:48.853,1.612,1.6124,2.40,2.70
2009.12.20 23:46:49.203,1.61195,1.6124,3.30,1.60
2009.12.20 23:46:49.892,1.61205,1.61245,1.00,3.60
2009.12.20 23:46:49.952,1.61215,1.61245,1.00,3.60
2009.12.20 23:46:50.002,1.61215,1.61245,1.00,3.20
2009.12.20 23:46:50.123,1.61215,1.61245,1.00,3.20
2009.12.20 23:46:53.282,1.61215,1.61225,1.00,1.60
2009.12.20 23:46:53.561,1.61205,1.61225,1.00,1.60
2009.12.20 23:46:53.861,1.61205,1.6122,1.00,1.60
2009.12.20 23:46:54.151,1.61195,1.6122,1.00,1.60
2009.12.20 23:46:58.590,1.61195,1.6122,1.00,1.60
2009.12.20 23:47:00.010,1.61195,1.6122,1.00,1.00
2009.12.20 23:47:01.050,1.61195,1.6122,1.00,1.60
2009.12.20 23:47:09.858,1.61195,1.6122,1.00,1.60
2009.12.20 23:47:13.217,1.61195,1.6122,1.00,1.60
2009.12.20 23:47:17.976,1.61195,1.6122,1.00,1.60
2009.12.20 23:47:18.955,1.61195,1.61225,1.00,1.60
2009.12.20 23:47:22.325,1.61195,1.61225,1.00,1.60
2009.12.20 23:47:23.254,1.61195,1.61225,1.00,1.60
2009.12.20 23:47:26.164,1.61195,1.6123,1.00,2.60
2009.12.20 23:47:26.564,1.61195,1.6123,1.00,1.60
2009.12.20 23:47:30.253,1.61195,1.6123,2.40,1.60
2009.12.20 23:47:30.483,1.61195,1.6123,3.20,1.60
2009.12.20 23:47:32.042,1.61195,1.6123,3.00,1.60
2009.12.20 23:47:47.129,1.61195,1.61235,3.00,2.40
2009.12.20 23:47:56.347,1.61195,1.61235,3.30,2.40
2009.12.20 23:47:57.996,1.61205,1.6124,1.00,3.30
2009.12.20 23:48:04.575,1.61215,1.61235,1.00,2.40
2009.12.20 23:48:04.694,1.61215,1.61235,1.00,2.40
2009.12.20 23:48:05.544,1.61215,1.61235,1.00,2.40
2009.12.20 23:48:05.844,1.61215,1.61235,1.00,2.40
2009.12.20 23:48:11.283,1.61215,1.61235,1.00,2.40
2009.12.20 23:48:11.623,1.61205,1.61235,1.00,2.40
2009.12.20 23:48:12.643,1.61205,1.61235,1.00,2.40
2009.12.20 23:48:13.492,1.61205,1.61235,1.00,2.40
2009.12.20 23:48:14.252,1.61205,1.61235,1.00,2.40
2009.12.20 23:48:14.552,1.61195,1.61235,3.10,2.40
2009.12.20 23:48:15.712,1.61195,1.61235,2.90,2.40
2009.12.20 23:48:21.441,1.61205,1.61245,1.00,4.20
2009.12.20 23:48:21.830,1.61205,1.61245,1.10,4.20
2009.12.20 23:48:22.640,1.61205,1.61245,1.00,4.20
2009.12.20 23:48:22.910,1.61205,1.61245,1.00,4.20
2009.12.20 23:48:23.390,1.61205,1.61245,1.00,4.20
2009.12.20 23:48:23.970,1.61215,1.61245,1.00,4.20
2009.12.20 23:48:24.150,1.61225,1.61245,1.00,3.30
2009.12.20 23:48:24.570,1.61215,1.61245,1.00,3.20
2009.12.20 23:48:25.599,1.61215,1.61245,1.00,3.20
2009.12.20 23:48:26.379,1.61215,1.61245,1.00,3.20
2009.12.20 23:48:26.559,1.61215,1.61245,1.00,3.20
2009.12.20 23:48:27.369,1.61215,1.61245,1.00,3.30
2009.12.20 23:48:28.628,1.61215,1.61245,1.00,3.30
2009.12.20 23:48:28.808,1.61215,1.61245,1.00,3.30
2009.12.20 23:48:29.278,1.61215,1.61245,1.00,4.20
2009.12.20 23:48:34.047,1.61215,1.61245,1.00,3.20
2009.12.20 23:48:34.617,1.61215,1.61245,1.00,3.20
2009.12.20 23:48:36.627,1.61215,1.61245,1.00,3.20
2009.12.20 23:48:39.916,1.61225,1.61245,1.00,3.20
2009.12.20 23:48:42.185,1.61235,1.61245,1.00,3.20
2009.12.20 23:48:42.306,1.61235,1.61245,1.00,3.20
2009.12.20 23:48:44.415,1.61225,1.61245,1.00,3.20
2009.12.20 23:48:47.465,1.61225,1.61245,1.00,3.20
2009.12.20 23:48:47.694,1.61215,1.61245,1.00,3.20
2009.12.20 23:48:47.934,1.61215,1.6125,1.00,2.40
2009.12.20 23:48:48.154,1.61215,1.61255,1.00,1.00
2009.12.20 23:48:48.374,1.61225,1.61255,1.00,1.60
2009.12.20 23:48:48.604,1.61225,1.61255,1.00,1.60
2009.12.20 23:48:50.603,1.61235,1.61255,1.00,1.60
2009.12.20 23:48:51.003,1.61235,1.61255,1.00,1.60
2009.12.20 23:48:51.483,1.61235,1.61255,1.00,1.60
2009.12.20 23:48:51.833,1.61225,1.61255,1.00,1.60
2009.12.20 23:48:53.053,1.6122,1.61255,1.60,1.60
2009.12.20 23:48:53.693,1.6122,1.6126,1.60,2.40
2009.12.20 23:48:56.152,1.6122,1.6126,2.40,2.40
2009.12.20 23:49:02.110,1.61225,1.6126,1.20,2.40
2009.12.20 23:49:02.950,1.61225,1.6126,1.20,2.40
2009.12.20 23:49:05.620,1.61225,1.6126,1.00,2.40
2009.12.20 23:49:07.699,1.61225,1.6126,1.00,2.50
2009.12.20 23:49:17.677,1.61225,1.6126,1.00,2.50
2009.12.20 23:49:42.381,1.61225,1.6126,1.00,2.50
2009.12.20 23:49:42.841,1.61225,1.6126,1.00,2.40
2009.12.20 23:50:13.643,1.6122,1.6126,1.00,2.40
2009.12.20 23:50:13.813,1.6122,1.6126,1.00,2.40
2009.12.20 23:50:14.103,1.6122,1.61235,1.00,1.00
2009.12.20 23:50:14.993,1.6122,1.61265,1.00,1.00
2009.12.20 23:50:18.192,1.6122,1.61255,1.60,1.00
2009.12.20 23:50:19.942,1.6122,1.6126,1.60,1.00
2009.12.20 23:50:23.481,1.6122,1.6126,2.40,1.00
2009.12.20 23:50:46.346,1.6122,1.6126,2.40,1.00
2009.12.20 23:50:50.005,1.6122,1.6126,2.40,1.10
2009.12.20 23:50:53.693,1.6122,1.6126,1.60,1.00
2009.12.20 23:50:54.034,1.61215,1.6126,4.60,1.00
2009.12.20 23:50:55.243,1.61215,1.6126,4.70,1.20
2009.12.20 23:50:57.533,1.61215,1.6126,4.80,1.20
2009.12.20 23:51:08.540,1.61215,1.6126,4.60,1.20
2009.12.20 23:51:08.710,1.61215,1.61255,4.40,1.00
2009.12.20 23:51:10.160,1.61215,1.6126,4.40,1.20
2009.12.20 23:51:12.009,1.61215,1.6126,4.60,1.20
2009.12.20 23:51:12.179,1.61215,1.6126,5.00,1.20
2009.12.20 23:51:14.909,1.61215,1.6126,4.60,1.20
2009.12.20 23:51:15.139,1.61215,1.6126,4.40,1.20
2009.12.20 23:51:19.397,1.61215,1.6126,4.60,1.20
2009.12.20 23:51:19.517,1.61215,1.6126,5.00,1.20
2009.12.20 23:51:20.397,1.61215,1.6126,4.80,1.20
2009.12.20 23:51:21.867,1.61215,1.6126,4.40,1.20
2009.12.20 23:51:22.477,1.61215,1.6126,4.60,1.20
2009.12.20 23:51:24.116,1.61215,1.6126,4.90,1.20
2009.12.20 23:51:32.414,1.61215,1.6126,4.80,1.20
2009.12.20 23:51:35.374,1.61215,1.6126,4.60,1.20
2009.12.20 23:51:35.593,1.61215,1.6126,4.40,1.20
2009.12.20 23:51:41.292,1.61215,1.61255,4.40,1.00
2009.12.20 23:51:45.861,1.6122,1.6126,2.40,1.00
2009.12.20 23:51:48.920,1.6122,1.6126,1.60,1.00
2009.12.20 23:51:49.260,1.61215,1.6126,4.40,1.00
2009.12.20 23:51:49.720,1.61215,1.61255,4.40,1.00
2009.12.20 23:51:52.010,1.61215,1.6126,4.40,1.20
2009.12.20 23:51:53.459,1.61215,1.61255,4.40,1.00
2009.12.20 23:51:54.279,1.6122,1.6126,2.40,1.00
2009.12.20 23:51:55.269,1.6122,1.6126,1.60,1.00
2009.12.20 23:51:55.779,1.61215,1.61265,5.00,2.80
2009.12.20 23:51:57.128,1.6122,1.61265,1.00,2.80
2009.12.20 23:51:57.419,1.61225,1.61265,1.00,2.80
2009.12.20 23:51:58.648,1.61225,1.6126,1.00,1.00
2009.12.20 23:51:58.878,1.61225,1.61265,1.00,2.80
2009.12.20 23:51:59.039,1.6122,1.61265,2.40,2.80
2009.12.20 23:51:59.208,1.6122,1.6126,2.40,1.00
2009.12.20 23:51:59.328,1.6122,1.61255,2.40,1.00
2009.12.20 23:52:00.148,1.6122,1.6126,2.40,1.00
2009.12.20 23:52:00.848,1.6122,1.6126,2.40,1.00
2009.12.20 23:52:01.147,1.6122,1.6126,2.40,1.00
2009.12.20 23:52:01.437,1.6122,1.6126,2.40,1.00
2009.12.20 23:52:33.770,1.61225,1.6126,1.00,1.00
2009.12.20 23:52:33.890,1.61225,1.61265,1.00,2.80
2009.12.20 23:52:35.289,1.61225,1.61265,1.00,2.80
2009.12.20 23:52:35.579,1.6122,1.61265,2.50,2.80
2009.12.20 23:52:51.825,1.6122,1.61265,2.50,1.20
2009.12.20 23:52:52.795,1.61225,1.61265,2.00,1.20
2009.12.20 23:52:53.655,1.61235,1.61265,1.00,1.20
2009.12.20 23:52:56.004,1.61235,1.61265,1.00,1.00
2009.12.20 23:52:56.944,1.61235,1.61265,1.00,1.00
2009.12.20 23:52:58.624,1.61235,1.61265,1.00,1.00
2009.12.20 23:52:59.313,1.61235,1.61265,1.00,1.10
2009.12.20 23:52:59.593,1.61235,1.61265,1.00,1.10
2009.12.20 23:53:01.513,1.61235,1.61265,1.00,1.10
2009.12.20 23:53:01.853,1.61235,1.61265,1.00,1.10
2009.12.20 23:53:07.121,1.61235,1.61265,1.00,1.10
2009.12.20 23:53:22.398,1.61235,1.61265,1.00,1.10
2009.12.20 23:53:23.608,1.61235,1.61265,1.00,1.10
2009.12.20 23:53:23.958,1.61235,1.61265,1.40,1.10
2009.12.20 23:53:24.717,1.61235,1.61265,1.20,1.10
2009.12.20 23:53:24.837,1.61235,1.61265,1.00,1.10
2009.12.20 23:53:26.747,1.61235,1.61265,1.00,1.10
2009.12.20 23:53:26.967,1.61235,1.61265,1.00,1.10
2009.12.20 23:53:31.716,1.61225,1.61265,4.20,1.10
2009.12.20 23:53:32.056,1.61225,1.61265,4.40,1.10
2009.12.20 23:53:32.285,1.61225,1.61265,4.20,1.10
2009.12.20 23:53:33.405,1.61225,1.61265,4.20,1.10
2009.12.20 23:53:42.523,1.61225,1.61265,4.20,1.00
2009.12.20 23:53:42.873,1.61235,1.6127,1.00,1.00
2009.12.20 23:53:43.213,1.61235,1.6127,1.00,1.00
2009.12.20 23:53:46.922,1.61235,1.6127,2.60,1.00
2009.12.20 23:53:47.212,1.61235,1.61275,2.80,1.20
2009.12.20 23:53:48.442,1.61235,1.61275,3.00,1.20
2009.12.20 23:53:48.732,1.61245,1.6128,1.00,2.10
2009.12.20 23:53:48.961,1.61245,1.61275,1.00,1.20
2009.12.20 23:53:57.889,1.61245,1.61275,1.00,1.20
2009.12.20 23:53:59.879,1.61245,1.61275,1.00,1.20
2009.12.20 23:54:05.637,1.61245,1.61275,1.00,1.20
2009.12.20 23:54:05.877,1.61235,1.61275,4.40,1.20
2009.12.20 23:54:06.687,1.61235,1.61275,4.70,1.20
2009.12.20 23:54:14.115,1.61245,1.61275,1.00,1.20
2009.12.20 23:54:14.285,1.61245,1.61275,1.00,1.20
2009.12.20 23:54:15.905,1.61235,1.61275,5.00,1.20
2009.12.20 23:54:23.943,1.61235,1.61275,4.70,1.20
2009.12.20 23:54:29.232,1.61235,1.61275,4.80,1.20
2009.12.20 23:54:29.522,1.61235,1.61275,4.60,1.20
2009.12.20 23:54:35.620,1.61235,1.61275,4.50,1.20
2009.12.20 23:54:36.000,1.61235,1.61275,4.30,1.20
2009.12.20 23:54:37.730,1.61235,1.61275,5.90,2.80
2009.12.20 23:54:45.728,1.61235,1.61275,5.80,2.80
2009.12.20 23:54:47.327,1.6124,1.61275,1.60,1.00
2009.12.20 23:54:47.617,1.6124,1.61275,1.60,1.00
2009.12.20 23:54:50.337,1.61245,1.61275,1.00,1.00
2009.12.20 23:54:50.507,1.61245,1.61275,1.00,1.00
2009.12.20 23:54:50.667,1.61245,1.61275,1.00,1.00
2009.12.20 23:54:50.837,1.61245,1.6128,1.00,2.40
2009.12.20 23:54:51.067,1.61245,1.6128,2.10,1.00
2009.12.20 23:54:51.247,1.61245,1.6128,2.50,1.00
2009.12.20 23:54:51.427,1.6125,1.61285,1.60,1.00
2009.12.20 23:54:52.126,1.61255,1.61285,1.80,1.00
2009.12.20 23:54:52.366,1.61255,1.6128,1.00,1.60
2009.12.20 23:54:52.646,1.61245,1.6128,1.00,1.60
2009.12.20 23:54:53.996,1.61245,1.6128,2.60,1.60
2009.12.20 23:54:54.286,1.61245,1.6128,2.60,1.70
2009.12.20 23:54:54.985,1.61255,1.61285,1.00,2.50
2009.12.20 23:54:55.156,1.61255,1.6128,1.00,1.70
2009.12.20 23:54:55.266,1.61255,1.6128,1.00,1.70
2009.12.20 23:54:55.556,1.61255,1.6128,1.00,1.60
2009.12.20 23:54:55.666,1.61255,1.61285,2.40,1.00
2009.12.20 23:54:55.845,1.61265,1.61285,1.00,1.00
2009.12.20 23:54:55.955,1.61265,1.613,1.00,1.00
2009.12.20 23:54:56.286,1.61275,1.613,1.00,1.00
2009.12.20 23:54:56.635,1.61265,1.613,1.00,1.00
2009.12.20 23:54:56.986,1.61275,1.613,1.00,1.00
2009.12.20 23:54:57.385,1.61275,1.6131,1.00,2.40
2009.12.20 23:54:59.185,1.61275,1.6131,2.20,1.00
2009.12.20 23:54:59.305,1.61275,1.61315,2.90,1.00
2009.12.20 23:54:59.715,1.61275,1.61315,2.70,1.00
2009.12.20 23:54:59.944,1.61295,1.61315,1.00,1.00
2009.12.20 23:55:00.045,1.61295,1.61315,1.00,1.00
2009.12.20 23:55:00.504,1.61275,1.61315,2.40,2.40
2009.12.20 23:55:01.494,1.61275,1.6132,4.60,1.00
2009.12.20 23:55:01.765,1.61275,1.6132,4.60,1.00
2009.12.20 23:55:01.824,1.61285,1.6132,1.00,1.00
2009.12.20 23:55:01.875,1.61285,1.61325,1.00,1.00
2009.12.20 23:55:05.623,1.61285,1.61325,1.00,1.00
2009.12.20 23:55:05.793,1.6128,1.61325,2.40,1.00
2009.12.20 23:55:15.790,1.61285,1.61325,1.00,1.00
2009.12.20 23:55:16.720,1.61285,1.61325,1.00,1.00
2009.12.20 23:55:16.830,1.61285,1.61325,1.00,1.00
2009.12.20 23:55:17.180,1.61295,1.61325,1.00,1.00
2009.12.20 23:55:17.520,1.61295,1.61325,1.00,1.00
2009.12.20 23:55:18.280,1.61295,1.61325,1.00,1.00
2009.12.20 23:55:18.560,1.61295,1.61325,1.00,1.00
2009.12.20 23:55:18.790,1.61295,1.61325,1.00,1.00
2009.12.20 23:55:24.608,1.61285,1.6133,2.90,1.00
2009.12.20 23:55:28.747,1.61295,1.6133,1.00,1.00
2009.12.20 23:55:28.907,1.61295,1.6133,1.00,1.00
2009.12.20 23:55:33.206,1.61295,1.6133,1.00,1.00
2009.12.20 23:55:33.496,1.61285,1.6133,2.90,1.00
2009.12.20 23:55:35.126,1.61285,1.6133,2.60,1.00
2009.12.20 23:55:36.885,1.61295,1.6133,1.00,1.00
2009.12.20 23:55:37.525,1.61295,1.6133,1.00,2.50
2009.12.20 23:55:37.865,1.61285,1.6133,1.00,2.50
2009.12.20 23:55:39.085,1.61285,1.6133,1.00,3.50
2009.12.20 23:55:39.145,1.61285,1.61325,1.00,1.00
2009.12.20 23:55:39.205,1.61285,1.61325,1.00,1.00
2009.12.20 23:55:39.315,1.61285,1.61325,1.00,1.00
2009.12.20 23:55:40.245,1.61285,1.6132,1.00,1.00
2009.12.20 23:55:40.595,1.61285,1.6132,1.00,1.00
2009.12.20 23:55:49.022,1.61285,1.6132,1.00,1.00
2009.12.20 23:56:26.323,1.61295,1.6132,1.00,1.00
2009.12.20 23:56:26.374,1.61295,1.6132,1.00,1.00
2009.12.20 23:56:27.523,1.61295,1.6132,1.00,1.00
2009.12.20 23:56:27.873,1.61285,1.6132,1.00,1.00
2009.12.20 23:56:28.573,1.61285,1.6132,1.00,1.00
2009.12.20 23:56:28.753,1.61295,1.6132,1.00,1.00
2009.12.20 23:56:28.983,1.61295,1.6132,1.00,1.00
2009.12.20 23:56:29.933,1.61295,1.6132,1.00,1.00
2009.12.20 23:56:30.113,1.61285,1.6132,1.00,1.00
2009.12.20 23:56:32.812,1.61285,1.6132,1.00,1.00
2009.12.20 23:56:33.162,1.61285,1.6132,1.00,1.00
2009.12.20 23:56:36.641,1.61285,1.6132,1.00,1.00
2009.12.20 23:56:36.991,1.61285,1.6132,1.00,1.00
2009.12.20 23:57:08.143,1.61285,1.6132,1.00,1.00
2009.12.20 23:57:10.063,1.61285,1.6132,1.00,1.00
2009.12.20 23:57:25.429,1.61305,1.6132,4.40,1.00
2009.12.20 23:57:25.669,1.61305,1.6132,4.40,1.00
2009.12.20 23:57:25.969,1.61305,1.61325,4.40,1.00
2009.12.20 23:57:35.327,1.61305,1.61325,3.00,1.00
2009.12.20 23:57:57.382,1.61305,1.61325,3.90,1.00
2009.12.20 23:57:58.781,1.61305,1.61325,3.90,2.60
2009.12.20 23:57:59.021,1.61305,1.61325,3.80,2.60
2009.12.20 23:58:00.281,1.61305,1.6132,3.80,1.00
2009.12.20 23:58:01.631,1.61305,1.61325,3.80,1.60
2009.12.20 23:58:02.340,1.61305,1.61325,3.80,2.40
2009.12.20 23:58:02.580,1.61305,1.61325,3.80,2.60
2009.12.20 23:58:02.741,1.61305,1.61325,3.80,2.40
2009.12.20 23:58:02.980,1.61305,1.61325,3.90,1.00
2009.12.20 23:58:12.968,1.61305,1.61325,2.60,1.00
2009.12.20 23:58:15.428,1.61305,1.61325,2.60,1.00
2009.12.20 23:58:15.827,1.6128,1.6132,2.40,1.00
2009.12.20 23:58:16.167,1.6128,1.6131,2.40,1.00
2009.12.20 23:58:16.347,1.61265,1.6131,8.20,1.00
2009.12.20 23:58:16.507,1.61265,1.6131,4.60,1.00
2009.12.20 23:58:17.057,1.6127,1.6131,1.60,1.00
2009.12.20 23:58:17.747,1.6127,1.6131,2.40,1.00
2009.12.20 23:58:18.307,1.61275,1.6131,1.00,1.00
2009.12.20 23:58:19.346,1.61275,1.6131,1.70,1.00
2009.12.20 23:58:21.296,1.61275,1.6131,2.50,1.00
2009.12.20 23:58:24.085,1.61275,1.6132,3.00,1.00
2009.12.20 23:58:32.673,1.61275,1.6132,2.20,1.00
2009.12.20 23:58:32.793,1.61275,1.6132,1.90,1.00
2009.12.20 23:58:33.033,1.61275,1.6132,1.70,1.00
2009.12.20 23:58:33.773,1.61275,1.61315,1.70,1.00
2009.12.20 23:58:35.033,1.61275,1.61315,2.50,1.00
2009.12.20 23:58:36.132,1.61275,1.6132,2.50,1.00
2009.12.20 23:58:36.762,1.61275,1.6132,2.80,1.00
2009.12.20 23:58:38.532,1.61275,1.6132,2.70,1.20
2009.12.20 23:58:38.702,1.61275,1.6132,2.50,1.20
2009.12.20 23:58:39.342,1.61275,1.6132,2.60,1.20
2009.12.20 23:58:39.691,1.61275,1.6132,2.50,1.20
2009.12.20 23:58:40.701,1.61275,1.6132,2.70,1.20
2009.12.20 23:58:41.041,1.61275,1.6132,2.50,1.20
2009.12.20 23:58:42.561,1.61275,1.6132,1.70,1.20
2009.12.20 23:58:42.911,1.61275,1.61315,1.70,1.00
2009.12.20 23:58:43.411,1.61275,1.61315,1.70,1.00
2009.12.20 23:58:45.620,1.61275,1.61315,1.80,1.00
2009.12.20 23:58:45.740,1.61275,1.61315,2.00,1.00
2009.12.20 23:58:48.499,1.61275,1.61315,2.00,1.00
2009.12.20 23:58:53.438,1.61275,1.61315,1.70,1.00
2009.12.20 23:59:00.496,1.61275,1.61315,1.70,1.00
2009.12.20 23:59:00.776,1.61275,1.6132,1.70,1.00
2009.12.20 23:59:02.396,1.61275,1.61315,1.70,1.00
2009.12.20 23:59:04.515,1.61275,1.61315,1.90,1.00
2009.12.20 23:59:04.795,1.61275,1.61315,1.70,1.00
2009.12.20 23:59:19.032,1.61275,1.6132,1.70,1.00
2009.12.20 23:59:19.372,1.61275,1.61315,1.60,1.00
2009.12.20 23:59:20.172,1.61275,1.61315,1.60,1.00
2009.12.20 23:59:21.352,1.61275,1.61315,1.60,1.00
2009.12.20 23:59:26.350,1.61275,1.61315,1.60,1.00
2009.12.20 23:59:27.270,1.61275,1.61315,1.60,1.00
2009.12.20 23:59:29.420,1.61275,1.61315,2.40,1.00
2009.12.20 23:59:30.669,1.61275,1.6131,2.40,1.00
2009.12.20 23:59:46.925,1.61275,1.6131,2.40,1.00
2009.12.20 23:59:47.045,1.61275,1.6131,1.60,1.00
2009.12.20 23:59:50.324,1.61275,1.61315,1.80,1.00
2009.12.20 23:59:51.944,1.61275,1.61315,2.00,1.00
2009.12.20 23:59:52.624,1.61285,1.61315,1.00,1.00
2009.12.20 23:59:52.964,1.61285,1.613,1.00,1.00
2009.12.20 23:59:53.194,1.61265,1.61295,1.00,1.00
2009.12.20 23:59:53.374,1.61265,1.61295,1.00,1.00
2009.12.20 23:59:53.594,1.61275,1.6131,1.00,1.00
2009.12.20 23:59:53.774,1.61275,1.6131,1.00,1.00
2009.12.20 23:59:57.663,1.61275,1.6131,1.00,1.00
2009.12.20 23:59:59.862,1.61275,1.6131,1.00,1.00
