2009.06.18 16:00:01.394,1.63648,1.63663,7.20,1.00
2009.06.18 16:00:06.371,1.63647,1.63657,4.00,2.80
2009.06.18 16:00:16.683,1.63657,1.63662,2.80,2.20
2009.06.18 16:00:23.904,1.63674,1.63689,4.80,3.40
2009.06.18 16:00:25.845,1.637,1.63715,8.00,3.20
2009.06.18 16:00:48.959,1.63704,1.6374,4.00,7.80
2009.06.18 16:01:02.413,1.63727,1.63747,4.20,1.60
2009.06.18 16:01:08.322,1.63743,1.63748,4.00,4.60
2009.06.18 16:01:09.239,1.63724,1.63754,4.00,4.00
2009.06.18 16:01:28.091,1.63709,1.63729,1.00,3.20
2009.06.18 16:01:34.060,1.63697,1.63717,6.60,1.60
2009.06.18 16:01:49.033,1.63703,1.63718,8.60,5.60
2009.06.18 16:01:50.623,1.63704,1.63724,10.60,1.20
2009.06.18 16:01:51.661,1.63708,1.63728,6.20,1.00
2009.06.18 16:01:52.937,1.63705,1.6373,14.40,14.60
2009.06.18 16:01:53.881,1.63707,1.63722,3.20,4.60
2009.06.18 16:01:55.369,1.63705,1.63721,4.00,3.20
2009.06.18 16:02:04.310,1.63705,1.63725,1.80,3.20
2009.06.18 16:02:09.637,1.63691,1.63706,1.20,3.20
2009.06.18 16:02:25.465,1.63691,1.63715,15.40,3.40
2009.06.18 16:02:32.846,1.6372,1.63735,4.00,1.60
2009.06.18 16:02:33.564,1.63733,1.63753,1.00,7.20
2009.06.18 16:02:42.112,1.63729,1.63744,1.00,3.20
2009.06.18 16:02:50.028,1.6371,1.63735,11.20,3.20
2009.06.18 16:02:51.410,1.63698,1.63718,3.20,1.60
2009.06.18 16:02:58.876,1.63687,1.63711,6.00,3.80
2009.06.18 16:03:10.115,1.63682,1.63708,4.00,4.80
2009.06.18 16:03:26.555,1.63683,1.63698,4.00,3.20
2009.06.18 16:03:28.116,1.6369,1.637,7.80,3.20
2009.06.18 16:03:30.928,1.63702,1.63717,7.80,8.00
2009.06.18 16:03:47.197,1.63721,1.63736,1.20,3.20
2009.06.18 16:03:54.793,1.63732,1.63762,9.00,1.40
2009.06.18 16:03:55.095,1.63748,1.63768,5.60,1.00
2009.06.18 16:04:22.884,1.6375,1.63765,3.20,1.00
2009.06.18 16:04:44.775,1.63716,1.63746,4.00,1.40
2009.06.18 16:04:51.748,1.63708,1.63732,4.00,4.60
2009.06.18 16:04:52.515,1.63726,1.63741,4.00,4.80
2009.06.18 16:04:52.712,1.63735,1.63755,7.20,4.60
2009.06.18 16:05:05.723,1.63758,1.63768,2.00,3.80
2009.06.18 16:05:07.109,1.63757,1.63777,5.00,3.80
2009.06.18 16:05:17.002,1.63766,1.63776,1.00,4.20
2009.06.18 16:05:36.742,1.63749,1.63784,12.40,5.60
2009.06.18 16:05:42.399,1.63741,1.63756,4.00,1.20
2009.06.18 16:05:49.815,1.63714,1.63734,3.20,7.20
2009.06.18 16:05:51.812,1.6369,1.6371,3.20,3.20
2009.06.18 16:05:56.326,1.63679,1.63695,6.60,1.00
2009.06.18 16:06:07.441,1.63667,1.63703,3.20,4.80
2009.06.18 16:06:10.194,1.63666,1.63696,3.20,4.60
2009.06.18 16:06:14.986,1.63678,1.63694,13.80,7.20
2009.06.18 16:06:18.771,1.63687,1.63712,1.00,4.80
2009.06.18 16:06:22.277,1.63695,1.63721,1.20,11.40
2009.06.18 16:06:28.921,1.63681,1.63736,3.20,5.60
2009.06.18 16:06:33.168,1.63698,1.63718,3.20,4.60
2009.06.18 16:06:40.885,1.63705,1.63715,7.40,3.20
2009.06.18 16:07:20.769,1.63688,1.63708,3.20,2.40
2009.06.18 16:07:22.886,1.63687,1.63707,15.20,2.80
2009.06.18 16:07:23.073,1.6369,1.63714,5.20,19.00
2009.06.18 16:07:33.649,1.63706,1.63726,1.00,1.60
2009.06.18 16:07:37.818,1.63728,1.63738,1.00,6.20
2009.06.18 16:07:40.280,1.63742,1.63747,1.80,3.20
2009.06.18 16:07:54.449,1.63742,1.63762,7.20,3.20
2009.06.18 16:08:03.805,1.63728,1.63738,4.80,1.00
2009.06.18 16:08:05.201,1.63717,1.63732,7.20,4.60
2009.06.18 16:08:06.051,1.63714,1.63738,1.00,9.00
2009.06.18 16:08:15.707,1.63731,1.63746,4.00,4.80
2009.06.18 16:08:20.061,1.63737,1.63757,6.40,5.00
2009.06.18 16:08:29.020,1.63728,1.63763,7.20,2.20
2009.06.18 16:08:37.956,1.63733,1.63748,12.00,4.60
2009.06.18 16:08:48.702,1.63724,1.63749,14.40,14.60
2009.06.18 16:08:51.475,1.63727,1.63737,3.60,1.00
2009.06.18 16:08:52.170,1.63727,1.63737,4.80,4.60
2009.06.18 16:09:03.372,1.63721,1.63725,4.20,4.80
2009.06.18 16:09:11.865,1.63689,1.63714,1.20,8.00
2009.06.18 16:09:22.078,1.6368,1.63696,3.20,1.60
2009.06.18 16:09:25.437,1.63681,1.63696,3.60,1.00
2009.06.18 16:09:27.678,1.63677,1.63712,2.00,8.00
2009.06.18 16:09:31.116,1.63692,1.63712,3.60,1.40
2009.06.18 16:09:36.421,1.63697,1.63713,1.20,8.00
2009.06.18 16:10:05.455,1.63695,1.63705,1.00,2.80
2009.06.18 16:10:13.114,1.63681,1.63696,8.60,3.80
2009.06.18 16:10:13.804,1.63682,1.63702,10.60,8.60
2009.06.18 16:10:18.264,1.63703,1.63718,3.20,2.40
2009.06.18 16:10:24.108,1.63718,1.63728,1.00,1.40
2009.06.18 16:10:27.353,1.63708,1.63738,1.00,1.00
2009.06.18 16:10:36.520,1.63705,1.6373,8.00,1.60
2009.06.18 16:10:38.340,1.63713,1.63717,1.00,3.20
2009.06.18 16:11:06.892,1.63683,1.63693,2.60,4.80
2009.06.18 16:11:08.046,1.6368,1.63695,9.00,1.40
2009.06.18 16:11:10.786,1.63691,1.63707,4.00,4.80
2009.06.18 16:11:15.481,1.63714,1.63734,2.00,6.20
2009.06.18 16:11:17.906,1.63731,1.63751,7.20,1.60
2009.06.18 16:11:26.664,1.63722,1.63757,6.20,4.60
2009.06.18 16:11:37.329,1.63716,1.63751,1.00,4.60
2009.06.18 16:11:43.794,1.63719,1.63729,9.40,3.20
2009.06.18 16:11:45.777,1.63708,1.63723,3.20,3.20
2009.06.18 16:11:53.133,1.63691,1.63726,9.40,1.60
2009.06.18 16:11:56.081,1.63695,1.63715,1.00,5.40
2009.06.18 16:12:16.618,1.63685,1.63701,9.40,3.20
2009.06.18 16:12:18.374,1.63672,1.63697,4.00,3.20
2009.06.18 16:12:20.094,1.63678,1.63698,3.20,5.50
2009.06.18 16:12:20.289,1.63702,1.63707,3.20,3.20
2009.06.18 16:12:24.767,1.63707,1.63723,1.00,1.00
2009.06.18 16:12:25.504,1.63701,1.63726,7.20,2.40
2009.06.18 16:12:27.594,1.6369,1.63725,6.00,4.80
2009.06.18 16:12:40.341,1.63699,1.63709,1.60,5.60
2009.06.18 16:12:49.286,1.63685,1.6372,3.20,5.20
2009.06.18 16:12:50.648,1.63699,1.63703,1.60,9.80
2009.06.18 16:13:07.818,1.63688,1.63708,4.00,3.20
2009.06.18 16:13:23.890,1.63672,1.63697,6.00,6.60
2009.06.18 16:13:26.801,1.63675,1.63695,1.20,11.80
2009.06.18 16:13:34.075,1.63696,1.63706,1.00,1.60
2009.06.18 16:13:38.722,1.63706,1.63716,5.60,3.20
2009.06.18 16:13:58.550,1.63697,1.63712,4.20,3.20
2009.06.18 16:13:59.475,1.63693,1.63703,3.20,5.20
2009.06.18 16:14:12.140,1.6367,1.63706,3.60,1.00
2009.06.18 16:14:15.553,1.63667,1.63682,3.80,2.80
2009.06.18 16:14:16.614,1.63665,1.6368,4.00,3.20
2009.06.18 16:14:20.265,1.63684,1.63689,1.60,3.40
2009.06.18 16:14:35.140,1.63692,1.63702,1.00,3.20
2009.06.18 16:14:41.567,1.63685,1.6371,8.00,3.20
2009.06.18 16:14:47.328,1.63677,1.63707,1.20,3.20
2009.06.18 16:14:51.900,1.63677,1.63697,3.20,4.80
2009.06.18 16:14:59.802,1.63679,1.63689,1.00,3.20
2009.06.18 16:15:16.702,1.6364,1.6366,7.20,4.60
2009.06.18 16:15:17.421,1.63624,1.63654,1.00,3.40
2009.06.18 16:15:33.364,1.6363,1.63655,1.00,4.60
2009.06.18 16:15:40.318,1.63654,1.63669,1.20,4.20
2009.06.18 16:15:52.845,1.63664,1.6368,4.00,6.00
2009.06.18 16:15:53.290,1.63661,1.63676,33.20,7.00
2009.06.18 16:15:54.959,1.63645,1.6367,13.40,4.00
2009.06.18 16:15:57.177,1.63633,1.63658,9.80,1.40
2009.06.18 16:15:59.094,1.63628,1.63648,2.40,1.20
2009.06.18 16:16:18.489,1.636,1.63615,6.80,3.80
2009.06.18 16:16:25.422,1.63594,1.63619,4.00,12.20
2009.06.18 16:16:26.989,1.63615,1.63621,1.60,3.80
2009.06.18 16:16:35.581,1.63628,1.63648,6.80,3.20
2009.06.18 16:16:44.766,1.63644,1.63654,4.00,4.80
2009.06.18 16:16:48.598,1.63634,1.63654,3.80,3.20
2009.06.18 16:16:52.729,1.63633,1.63643,6.80,6.40
2009.06.18 16:17:18.628,1.63625,1.63635,2.00,3.20
2009.06.18 16:17:30.077,1.63612,1.63627,8.00,1.20
2009.06.18 16:17:43.151,1.63601,1.63616,4.80,4.40
2009.06.18 16:17:44.624,1.63586,1.63611,1.00,3.20
2009.06.18 16:17:48.752,1.63581,1.63616,2.40,4.00
2009.06.18 16:17:53.975,1.63589,1.63619,8.80,3.40
2009.06.18 16:17:58.260,1.63604,1.63619,4.40,5.80
2009.06.18 16:17:59.960,1.6361,1.6362,1.20,2.20
2009.06.18 16:18:01.097,1.63605,1.6364,8.40,6.20
2009.06.18 16:18:03.945,1.63612,1.63637,4.00,4.60
2009.06.18 16:18:15.116,1.63614,1.63629,1.00,8.20
2009.06.18 16:18:24.782,1.63607,1.63617,3.20,1.60
2009.06.18 16:18:28.768,1.63605,1.63611,1.00,4.00
2009.06.18 16:18:38.368,1.63593,1.63628,1.80,4.40
2009.06.18 16:18:43.510,1.63608,1.63618,7.60,4.60
2009.06.18 16:18:47.863,1.63596,1.63631,1.00,3.80
2009.06.18 16:18:48.514,1.63598,1.63628,3.20,4.80
2009.06.18 16:18:55.901,1.636,1.63625,3.20,1.40
2009.06.18 16:18:59.961,1.63606,1.63616,8.00,4.60
2009.06.18 16:19:08.554,1.63607,1.63637,8.60,2.80
2009.06.18 16:19:08.746,1.63607,1.63642,1.00,3.20
2009.06.18 16:19:12.432,1.63613,1.63628,1.00,4.80
2009.06.18 16:19:20.028,1.63603,1.63608,4.40,3.20
2009.06.18 16:19:31.795,1.63581,1.63596,1.00,3.20
2009.06.18 16:19:34.035,1.63556,1.63586,3.20,4.60
2009.06.18 16:19:57.446,1.63548,1.63574,3.20,4.80
2009.06.18 16:20:01.684,1.63573,1.63588,1.00,12.00
2009.06.18 16:20:02.277,1.63597,1.63607,8.80,1.00
2009.06.18 16:20:09.197,1.63597,1.63617,10.60,1.20
2009.06.18 16:20:11.530,1.63579,1.63594,5.60,7.80
2009.06.18 16:20:12.509,1.63563,1.63583,1.00,3.20
2009.06.18 16:20:15.614,1.6356,1.63595,4.00,4.80
2009.06.18 16:20:24.593,1.63578,1.63598,5.00,1.40
2009.06.18 16:20:26.505,1.63593,1.63598,1.00,4.80
2009.06.18 16:20:40.031,1.63592,1.63612,2.40,3.80
2009.06.18 16:20:48.970,1.63591,1.63621,1.40,5.20
2009.06.18 16:20:55.258,1.63598,1.63618,8.80,3.20
2009.06.18 16:21:13.038,1.636,1.6362,7.80,1.60
2009.06.18 16:21:16.077,1.63595,1.63605,8.00,6.40
2009.06.18 16:21:20.239,1.63589,1.63619,5.60,2.00
2009.06.18 16:21:22.029,1.63619,1.63634,5.60,1.20
2009.06.18 16:21:32.122,1.63629,1.63655,1.20,1.60
2009.06.18 16:21:35.472,1.63636,1.63651,14.60,15.80
2009.06.18 16:21:35.867,1.63631,1.63646,3.60,3.20
2009.06.18 16:21:36.690,1.63628,1.63643,2.00,4.80
2009.06.18 16:21:47.905,1.63624,1.63639,7.20,1.00
2009.06.18 16:21:53.838,1.63612,1.63647,3.20,18.00
2009.06.18 16:21:58.761,1.6362,1.6364,4.00,3.20
2009.06.18 16:22:06.455,1.63627,1.63647,4.00,3.20
2009.06.18 16:22:19.943,1.63639,1.63649,7.20,1.00
2009.06.18 16:22:24.660,1.63637,1.63647,3.60,3.00
2009.06.18 16:22:28.630,1.63605,1.63645,4.00,3.20
2009.06.18 16:22:28.873,1.63608,1.63628,4.60,6.00
2009.06.18 16:22:49.111,1.63621,1.63626,6.40,1.00
2009.06.18 16:22:49.865,1.63619,1.63644,15.20,4.60
2009.06.18 16:22:49.947,1.6362,1.6365,1.60,1.40
2009.06.18 16:23:03.939,1.63618,1.63638,2.40,4.80
2009.06.18 16:23:13.758,1.63619,1.63634,1.00,1.00
2009.06.18 16:23:19.957,1.63619,1.63644,1.00,3.80
2009.06.18 16:23:24.306,1.63641,1.63646,3.60,4.00
2009.06.18 16:23:29.842,1.63633,1.63668,3.60,3.20
2009.06.18 16:23:33.806,1.63644,1.63659,3.20,4.80
2009.06.18 16:23:39.548,1.63641,1.63656,4.80,4.20
2009.06.18 16:23:42.462,1.63635,1.6366,3.60,1.40
2009.06.18 16:23:48.827,1.63635,1.6365,3.20,4.80
2009.06.18 16:23:49.709,1.63633,1.63643,2.00,5.20
2009.06.18 16:23:51.109,1.63618,1.63653,1.00,1.40
2009.06.18 16:24:02.413,1.63628,1.63633,1.00,1.20
2009.06.18 16:24:03.141,1.6361,1.6363,1.60,3.20
2009.06.18 16:24:16.517,1.63615,1.6363,1.00,15.20
2009.06.18 16:24:17.566,1.63632,1.63652,9.80,4.20
2009.06.18 16:24:30.782,1.63643,1.63667,1.60,2.80
2009.06.18 16:24:30.943,1.63649,1.63664,2.40,1.40
2009.06.18 16:24:35.481,1.63649,1.63659,1.40,5.00
2009.06.18 16:24:43.723,1.63646,1.63656,4.20,2.20
2009.06.18 16:24:49.929,1.63641,1.63661,1.60,1.20
2009.06.18 16:24:51.150,1.63643,1.63658,7.20,3.20
2009.06.18 16:25:04.622,1.63627,1.63647,7.40,8.80
2009.06.18 16:25:06.891,1.6364,1.6365,3.20,4.80
2009.06.18 16:25:10.721,1.63636,1.63656,3.20,2.40
2009.06.18 16:25:13.252,1.63629,1.63644,4.00,3.20
2009.06.18 16:25:14.636,1.63618,1.63643,1.60,1.00
2009.06.18 16:25:22.654,1.63622,1.63637,11.40,2.80
2009.06.18 16:25:22.825,1.63619,1.63644,1.00,4.00
2009.06.18 16:25:30.162,1.6362,1.63645,4.00,3.20
2009.06.18 16:25:35.247,1.63622,1.63647,1.00,4.60
2009.06.18 16:25:36.201,1.63631,1.63641,1.00,3.20
2009.06.18 16:25:46.052,1.63621,1.63656,8.80,63.40
2009.06.18 16:26:00.708,1.63621,1.63646,1.00,8.20
2009.06.18 16:26:07.400,1.63623,1.63628,4.00,3.20
2009.06.18 16:26:12.413,1.6362,1.63635,1.20,5.60
2009.06.18 16:26:12.477,1.6363,1.6365,2.40,3.20
2009.06.18 16:26:16.849,1.63643,1.63658,8.60,1.00
2009.06.18 16:26:18.445,1.63642,1.63662,5.00,3.20
2009.06.18 16:26:41.877,1.63649,1.63654,8.00,6.20
2009.06.18 16:26:42.995,1.63648,1.63653,1.60,12.60
2009.06.18 16:26:48.267,1.63644,1.63654,3.60,1.00
2009.06.18 16:26:57.911,1.63643,1.63658,6.40,3.20
2009.06.18 16:27:15.925,1.63682,1.63692,1.60,5.80
2009.06.18 16:27:43.847,1.63712,1.63732,5.60,4.40
2009.06.18 16:27:46.296,1.63739,1.63759,3.20,4.80
2009.06.18 16:27:56.307,1.63743,1.63773,1.20,3.20
2009.06.18 16:27:57.536,1.6375,1.6377,1.60,1.00
2009.06.18 16:28:01.351,1.63733,1.63757,4.00,2.20
2009.06.18 16:28:06.643,1.63731,1.63751,4.60,3.20
2009.06.18 16:28:06.965,1.63737,1.63753,1.00,4.80
2009.06.18 16:28:14.608,1.63751,1.63766,4.20,2.20
2009.06.18 16:28:17.022,1.63755,1.63781,4.00,3.20
2009.06.18 16:28:34.833,1.63758,1.63778,1.00,3.20
2009.06.18 16:28:45.099,1.63755,1.63775,3.20,3.20
2009.06.18 16:28:48.106,1.63752,1.63772,15.00,1.40
2009.06.18 16:28:59.519,1.63756,1.63766,5.80,1.60
2009.06.18 16:29:01.281,1.63758,1.63772,4.00,6.00
2009.06.18 16:29:02.964,1.63761,1.63776,4.80,1.00
2009.06.18 16:29:11.863,1.63763,1.63768,3.60,1.00
2009.06.18 16:29:28.244,1.63747,1.63757,3.60,3.20
2009.06.18 16:29:45.139,1.6373,1.63754,4.80,5.40
2009.06.18 16:30:00.898,1.63752,1.63772,8.80,1.00
2009.06.18 16:30:06.312,1.63748,1.63778,6.40,9.80
2009.06.18 16:30:15.663,1.63747,1.63762,4.00,9.40
2009.06.18 16:30:20.744,1.63732,1.63742,1.00,1.00
2009.06.18 16:30:23.336,1.63722,1.63728,4.80,4.40
2009.06.18 16:30:26.300,1.6371,1.63745,4.80,4.60
2009.06.18 16:30:30.326,1.63715,1.6375,12.20,6.20
2009.06.18 16:30:35.024,1.63728,1.63753,8.40,1.00
2009.06.18 16:30:39.362,1.63732,1.63757,8.40,5.40
2009.06.18 16:30:44.493,1.6374,1.63755,4.00,3.20
2009.06.18 16:30:56.110,1.63739,1.63759,7.20,2.80
2009.06.18 16:31:00.797,1.63737,1.63763,4.00,1.00
2009.06.18 16:31:01.864,1.63756,1.63766,4.00,1.40
2009.06.18 16:31:04.376,1.63755,1.63765,3.20,4.60
2009.06.18 16:31:04.832,1.63734,1.63754,2.80,3.80
2009.06.18 16:31:12.236,1.63721,1.63747,2.40,1.20
2009.06.18 16:31:43.354,1.63736,1.63741,3.20,3.20
2009.06.18 16:31:48.596,1.63742,1.63752,4.00,3.20
2009.06.18 16:31:48.993,1.63747,1.63767,4.80,4.20
2009.06.18 16:31:59.229,1.63753,1.63773,4.60,1.60
2009.06.18 16:32:09.601,1.63747,1.63763,3.50,2.40
2009.06.18 16:32:10.627,1.63751,1.63766,3.20,4.60
2009.06.18 16:32:18.923,1.6374,1.6377,3.20,3.20
2009.06.18 16:32:22.893,1.63732,1.63752,4.00,6.00
2009.06.18 16:32:44.556,1.63731,1.63735,4.00,3.20
2009.06.18 16:32:55.361,1.63722,1.63747,5.60,3.20
2009.06.18 16:32:55.823,1.6372,1.63755,9.20,6.20
2009.06.18 16:32:58.659,1.63728,1.63748,1.20,7.20
2009.06.18 16:33:06.396,1.63753,1.63773,8.80,1.80
2009.06.18 16:33:10.449,1.63767,1.63787,4.00,3.20
2009.06.18 16:33:14.227,1.63766,1.63786,3.60,5.60
2009.06.18 16:33:15.720,1.63747,1.63772,4.00,2.80
2009.06.18 16:33:17.404,1.63739,1.63759,1.00,9.00
2009.06.18 16:33:30.623,1.63748,1.63758,8.80,1.60
2009.06.18 16:33:41.578,1.63746,1.63766,8.60,1.40
2009.06.18 16:33:46.994,1.63749,1.63769,8.00,3.20
2009.06.18 16:33:54.062,1.6375,1.6377,2.60,1.20
2009.06.18 16:34:05.117,1.63725,1.63775,2.80,3.20
2009.06.18 16:34:05.653,1.63759,1.63764,7.20,5.60
2009.06.18 16:34:09.130,1.63745,1.6378,1.40,3.20
2009.06.18 16:34:17.875,1.63742,1.63757,1.00,4.60
2009.06.18 16:34:32.491,1.63724,1.63754,1.00,9.00
2009.06.18 16:34:33.810,1.63738,1.63743,2.20,1.40
2009.06.18 16:34:43.128,1.63733,1.63763,7.20,4.80
2009.06.18 16:34:43.328,1.63741,1.63765,4.00,4.20
2009.06.18 16:35:23.361,1.63748,1.63758,3.60,1.40
2009.06.18 16:35:27.667,1.63714,1.63749,1.00,3.40
2009.06.18 16:35:35.375,1.63701,1.63737,4.20,1.00
2009.06.18 16:35:41.284,1.63709,1.63729,4.80,1.60
2009.06.18 16:35:45.053,1.63714,1.63724,4.80,7.20
2009.06.18 16:35:59.455,1.63709,1.63724,4.80,5.40
2009.06.18 16:35:59.621,1.63698,1.63728,1.00,1.20
2009.06.18 16:36:06.661,1.63715,1.63719,2.60,1.40
2009.06.18 16:36:11.494,1.63714,1.63719,4.00,1.60
2009.06.18 16:36:15.479,1.63711,1.63735,9.20,1.60
2009.06.18 16:36:31.735,1.63728,1.63748,1.00,3.20
2009.06.18 16:36:34.063,1.63729,1.63764,1.00,4.80
2009.06.18 16:36:35.064,1.6374,1.6375,4.80,6.80
2009.06.18 16:36:35.219,1.63735,1.63755,2.20,2.20
2009.06.18 16:36:36.596,1.63736,1.63756,3.20,3.20
2009.06.18 16:36:45.858,1.63744,1.63749,5.60,3.20
2009.06.18 16:36:50.153,1.63734,1.63754,4.00,3.20
2009.06.18 16:36:55.731,1.63732,1.63752,4.00,4.00
2009.06.18 16:37:15.483,1.63724,1.63754,2.60,3.80
2009.06.18 16:37:20.340,1.63741,1.63761,1.00,3.20
2009.06.18 16:37:22.691,1.63731,1.63765,1.40,9.00
2009.06.18 16:37:38.202,1.63724,1.63734,7.20,4.80
2009.06.18 16:37:40.852,1.63703,1.63729,3.60,3.20
2009.06.18 16:37:42.192,1.63703,1.63728,3.20,4.60
2009.06.18 16:37:46.411,1.63704,1.6373,4.80,4.80
2009.06.18 16:38:04.007,1.637,1.63724,4.80,4.60
2009.06.18 16:38:13.037,1.63701,1.63726,2.80,22.20
2009.06.18 16:38:16.034,1.63695,1.63715,9.80,3.20
2009.06.18 16:38:23.189,1.63675,1.637,1.60,1.00
2009.06.18 16:38:24.737,1.63672,1.63682,5.00,3.20
2009.06.18 16:38:24.793,1.63671,1.63691,8.20,3.20
2009.06.18 16:38:27.201,1.6367,1.63705,8.60,3.20
2009.06.18 16:38:45.682,1.63679,1.63704,3.20,1.60
2009.06.18 16:38:47.473,1.63685,1.63705,7.20,7.20
2009.06.18 16:38:53.859,1.63693,1.63703,1.00,2.80
2009.06.18 16:39:11.125,1.63702,1.63726,4.00,1.00
2009.06.18 16:39:11.471,1.6371,1.6373,3.20,10.80
2009.06.18 16:39:11.761,1.63699,1.63733,3.80,2.80
2009.06.18 16:39:18.205,1.63695,1.6371,4.80,1.20
2009.06.18 16:39:19.370,1.63688,1.63704,2.40,1.40
2009.06.18 16:39:26.134,1.63684,1.63719,3.20,3.00
2009.06.18 16:39:32.937,1.63696,1.63721,3.20,3.20
2009.06.18 16:39:35.319,1.63704,1.63719,8.80,4.40
2009.06.18 16:39:35.896,1.63702,1.63717,1.60,6.20
2009.06.18 16:39:43.306,1.63694,1.63709,3.20,5.60
2009.06.18 16:39:59.596,1.63686,1.63706,1.80,4.00
2009.06.18 16:40:06.037,1.63713,1.63733,3.20,8.60
2009.06.18 16:40:14.775,1.63719,1.63754,3.20,1.00
2009.06.18 16:40:19.919,1.63729,1.63744,14.00,1.00
2009.06.18 16:40:41.949,1.63711,1.63726,4.00,3.20
2009.06.18 16:40:44.338,1.63699,1.63719,1.00,7.40
2009.06.18 16:40:51.073,1.63706,1.63721,7.20,4.80
2009.06.18 16:40:52.744,1.63717,1.63732,8.80,4.60
2009.06.18 16:40:54.958,1.63719,1.63743,4.40,4.00
2009.06.18 16:41:01.017,1.6374,1.6376,8.80,3.80
2009.06.18 16:41:03.995,1.63749,1.63769,1.20,1.60
2009.06.18 16:41:11.271,1.63746,1.63766,8.60,3.20
2009.06.18 16:41:15.460,1.63724,1.63744,5.40,3.20
2009.06.18 16:41:25.411,1.6371,1.63726,3.20,4.60
2009.06.18 16:41:44.380,1.63708,1.63728,8.80,4.80
2009.06.18 16:41:51.843,1.63712,1.63732,7.20,4.80
2009.06.18 16:41:58.913,1.63714,1.63738,3.20,4.60
2009.06.18 16:42:00.237,1.63707,1.63737,1.00,8.60
2009.06.18 16:42:02.523,1.63734,1.63744,7.20,3.20
2009.06.18 16:42:21.171,1.63738,1.63762,3.80,8.00
2009.06.18 16:42:23.150,1.63747,1.63757,1.80,3.20
2009.06.18 16:42:25.116,1.63739,1.63764,1.80,3.20
2009.06.18 16:42:51.641,1.63743,1.63759,3.60,1.80
2009.06.18 16:43:06.511,1.63715,1.63735,8.60,4.60
2009.06.18 16:43:06.765,1.63711,1.63731,4.00,3.20
2009.06.18 16:43:13.438,1.63715,1.63735,3.20,3.20
2009.06.18 16:43:25.239,1.63736,1.63741,1.00,4.80
2009.06.18 16:43:33.543,1.63732,1.63758,7.20,4.60
2009.06.18 16:43:34.495,1.63735,1.63745,2.40,6.40
2009.06.18 16:43:45.659,1.63731,1.63741,3.20,4.60
2009.06.18 16:44:09.356,1.63704,1.63774,8.80,5.60
2009.06.18 16:44:40.141,1.63699,1.63724,4.00,3.20
2009.06.18 16:44:49.316,1.63675,1.63685,11.40,1.00
2009.06.18 16:44:55.645,1.63651,1.63671,1.00,1.00
2009.06.18 16:45:07.886,1.63655,1.63685,1.00,14.20
2009.06.18 16:45:11.444,1.63652,1.63667,4.00,3.20
2009.06.18 16:45:17.606,1.63652,1.63672,1.20,2.80
2009.06.18 16:45:20.821,1.63671,1.63691,2.20,3.20
2009.06.18 16:45:24.129,1.63684,1.63704,8.00,3.20
2009.06.18 16:45:24.488,1.63691,1.63696,4.00,1.00
2009.06.18 16:45:24.754,1.63686,1.63691,7.20,4.60
2009.06.18 16:45:25.542,1.6368,1.6369,1.00,5.60
2009.06.18 16:45:32.209,1.63666,1.63696,12.20,1.40
2009.06.18 16:45:42.850,1.63668,1.63693,1.00,3.20
2009.06.18 16:45:58.714,1.63667,1.63693,4.00,4.60
2009.06.18 16:46:03.137,1.63695,1.63715,4.00,6.60
2009.06.18 16:46:05.739,1.63702,1.63717,1.20,3.80
2009.06.18 16:46:07.668,1.63695,1.63719,1.60,12.60
2009.06.18 16:46:13.077,1.63685,1.6371,1.00,3.20
2009.06.18 16:46:20.912,1.63681,1.63701,7.20,3.20
2009.06.18 16:46:37.619,1.63686,1.63701,1.00,6.20
2009.06.18 16:46:45.211,1.63691,1.63701,4.00,4.80
2009.06.18 16:46:54.608,1.63693,1.63703,4.00,5.40
2009.06.18 16:47:07.583,1.63696,1.6372,4.00,3.20
2009.06.18 16:47:25.246,1.637,1.63715,9.80,1.00
2009.06.18 16:47:27.448,1.63706,1.63732,4.00,6.40
2009.06.18 16:47:30.310,1.6374,1.6375,9.80,1.00
2009.06.18 16:47:30.665,1.63749,1.63775,4.80,1.40
2009.06.18 16:47:39.820,1.63759,1.63769,10.60,1.00
2009.06.18 16:47:47.074,1.63745,1.63775,1.80,1.00
2009.06.18 16:47:50.390,1.63749,1.63764,8.20,3.20
2009.06.18 16:47:55.138,1.63738,1.63773,4.00,1.60
2009.06.18 16:47:55.472,1.63744,1.63769,8.80,1.60
2009.06.18 16:47:59.221,1.63756,1.6376,4.00,1.20
2009.06.18 16:48:00.197,1.63757,1.63772,3.20,4.60
2009.06.18 16:48:01.972,1.63727,1.63793,3.20,2.20
2009.06.18 16:48:05.501,1.63747,1.63777,2.40,3.20
2009.06.18 16:48:06.534,1.63764,1.63779,4.00,2.40
2009.06.18 16:48:08.510,1.63768,1.63783,4.00,5.20
2009.06.18 16:48:21.002,1.63755,1.63785,7.20,7.20
2009.06.18 16:48:23.677,1.63758,1.63773,4.00,3.80
2009.06.18 16:48:25.227,1.63753,1.63773,3.60,4.80
2009.06.18 16:48:53.261,1.63753,1.63773,4.00,4.80
2009.06.18 16:48:57.527,1.63747,1.63782,16.60,5.20
2009.06.18 16:48:58.689,1.63759,1.63774,1.60,3.20
2009.06.18 16:49:01.180,1.6376,1.63786,1.00,1.00
2009.06.18 16:49:01.292,1.63757,1.63777,1.20,4.80
2009.06.18 16:49:13.365,1.63773,1.63777,1.80,3.20
2009.06.18 16:49:14.968,1.63795,1.6381,4.00,3.20
2009.06.18 16:49:28.716,1.63813,1.63833,4.40,4.00
2009.06.18 16:49:34.976,1.63825,1.6383,1.00,3.20
2009.06.18 16:49:36.248,1.63823,1.63833,5.00,6.20
2009.06.18 16:49:36.827,1.63825,1.6383,1.00,7.20
2009.06.18 16:49:40.855,1.63822,1.63832,3.20,4.00
2009.06.18 16:49:56.195,1.63825,1.6383,9.00,1.20
2009.06.18 16:49:58.642,1.63819,1.63839,1.20,16.20
2009.06.18 16:50:08.297,1.6382,1.6384,7.20,4.60
2009.06.18 16:50:11.874,1.63849,1.63884,8.80,1.60
2009.06.18 16:50:12.788,1.63885,1.63905,4.00,1.40
2009.06.18 16:50:15.075,1.63897,1.63907,4.00,3.20
2009.06.18 16:50:36.280,1.63887,1.63917,11.80,4.60
2009.06.18 16:51:01.562,1.63884,1.6392,8.80,1.00
2009.06.18 16:51:18.528,1.63885,1.63905,1.20,9.00
2009.06.18 16:51:38.369,1.63886,1.6391,12.20,1.40
2009.06.18 16:51:40.201,1.63891,1.63936,12.00,1.60
2009.06.18 16:51:41.148,1.63913,1.63933,2.00,8.60
2009.06.18 16:51:44.052,1.63904,1.63934,1.20,3.20
2009.06.18 16:51:52.327,1.639,1.63925,1.00,3.20
2009.06.18 16:51:53.917,1.63895,1.63915,9.00,1.40
2009.06.18 16:51:57.051,1.63901,1.63905,3.20,8.00
2009.06.18 16:52:00.444,1.63915,1.63935,1.60,1.60
2009.06.18 16:52:03.784,1.6391,1.63945,1.00,3.20
2009.06.18 16:52:08.895,1.63911,1.63927,4.60,2.20
2009.06.18 16:52:10.883,1.63882,1.63907,3.20,4.80
2009.06.18 16:52:14.539,1.63871,1.63886,4.80,2.80
2009.06.18 16:52:26.115,1.63865,1.6389,1.00,3.20
2009.06.18 16:52:36.613,1.63872,1.63887,4.00,3.20
2009.06.18 16:52:43.179,1.63868,1.63898,3.60,3.20
2009.06.18 16:52:47.170,1.63879,1.63889,5.20,12.00
2009.06.18 16:52:55.789,1.63875,1.6389,4.00,3.20
2009.06.18 16:52:56.913,1.63873,1.63889,4.40,1.00
2009.06.18 16:53:01.358,1.63855,1.6389,1.00,3.20
2009.06.18 16:53:04.511,1.6387,1.6388,7.20,7.20
2009.06.18 16:53:33.118,1.6386,1.6388,4.00,4.60
2009.06.18 16:53:35.030,1.6385,1.63865,6.40,3.20
2009.06.18 16:53:51.167,1.63834,1.63849,13.20,1.40
2009.06.18 16:53:54.419,1.63822,1.63842,1.00,10.40
2009.06.18 16:54:17.092,1.63835,1.6385,4.00,3.20
2009.06.18 16:54:29.564,1.63838,1.63848,4.70,1.20
2009.06.18 16:54:32.132,1.63824,1.63829,12.60,1.00
2009.06.18 16:54:33.829,1.63787,1.63802,3.20,5.20
2009.06.18 16:54:40.561,1.63768,1.63778,4.00,3.20
2009.06.18 16:54:43.304,1.63762,1.63782,1.00,4.80
2009.06.18 16:54:43.592,1.63771,1.63781,2.40,3.20
2009.06.18 16:54:48.200,1.63775,1.6379,1.00,4.80
2009.06.18 16:54:57.371,1.63776,1.63796,2.80,1.80
2009.06.18 16:54:57.592,1.63775,1.638,13.00,3.20
2009.06.18 16:54:59.423,1.63774,1.63804,1.00,3.20
2009.06.18 16:55:03.811,1.63754,1.638,1.00,1.00
2009.06.18 16:55:09.009,1.63773,1.63798,1.60,9.00
2009.06.18 16:55:11.214,1.6377,1.63796,1.60,13.40
2009.06.18 16:55:25.044,1.63762,1.63782,3.40,16.20
2009.06.18 16:55:35.928,1.6376,1.63776,4.00,4.60
2009.06.18 16:55:36.238,1.63765,1.63785,3.20,1.00
2009.06.18 16:55:52.694,1.63774,1.63789,2.40,3.20
2009.06.18 16:56:22.408,1.6378,1.63785,2.60,6.20
2009.06.18 16:56:35.466,1.63766,1.63786,4.80,1.00
2009.06.18 16:56:35.566,1.63775,1.6379,13.20,3.80
2009.06.18 16:56:38.585,1.638,1.6381,7.00,1.00
2009.06.18 16:56:44.653,1.63811,1.63826,4.00,4.00
2009.06.18 16:56:46.072,1.63804,1.63824,3.20,4.60
2009.06.18 16:56:52.225,1.63799,1.63809,3.20,4.80
2009.06.18 16:56:54.379,1.63788,1.63808,4.80,7.00
2009.06.18 16:57:09.216,1.638,1.6382,5.60,4.00
2009.06.18 16:57:13.474,1.63813,1.63828,2.00,1.60
2009.06.18 16:57:14.055,1.63813,1.63828,5.20,3.80
2009.06.18 16:57:23.403,1.63795,1.63815,1.40,1.20
2009.06.18 16:57:25.843,1.63794,1.63804,4.00,4.80
2009.06.18 16:57:32.051,1.63797,1.63812,1.00,3.20
2009.06.18 16:57:32.312,1.63804,1.63824,8.80,19.40
2009.06.18 16:57:48.059,1.63814,1.63829,10.80,1.60
2009.06.18 16:57:53.271,1.63816,1.63836,8.80,1.60
2009.06.18 16:58:01.372,1.6381,1.63835,1.00,13.40
2009.06.18 16:58:11.312,1.63798,1.63808,10.00,2.20
2009.06.18 16:58:17.712,1.63792,1.63812,1.00,3.20
2009.06.18 16:58:18.198,1.63817,1.63832,9.60,1.40
2009.06.18 16:58:20.059,1.6383,1.63854,1.00,5.40
2009.06.18 16:58:22.495,1.63838,1.63853,1.00,3.20
2009.06.18 16:58:53.155,1.63836,1.63851,1.00,3.20
2009.06.18 16:58:57.137,1.6383,1.63855,3.20,4.00
2009.06.18 16:59:03.321,1.63808,1.63843,3.20,3.80
2009.06.18 16:59:18.178,1.63812,1.63832,1.40,4.00
2009.06.18 16:59:20.355,1.63824,1.63839,2.20,1.00
2009.06.18 16:59:21.809,1.63842,1.63867,9.00,3.20
2009.06.18 16:59:33.828,1.63862,1.63878,1.00,3.20
2009.06.18 16:59:34.487,1.63859,1.63879,1.00,4.40
2009.06.18 16:59:37.731,1.63851,1.63881,1.20,4.00
