2010.05.18 22:00:00.166,1.4283,1.42865,1.00,1.70
2010.05.18 22:00:00.589,1.4283,1.4286,1.00,1.00
2010.05.18 22:00:01.271,1.42835,1.42845,1.60,1.00
2010.05.18 22:00:01.477,1.42825,1.42845,1.70,1.00
2010.05.18 22:00:04.602,1.42835,1.42845,1.60,1.00
2010.05.18 22:00:04.826,1.42825,1.42845,1.70,1.00
2010.05.18 22:00:06.963,1.42825,1.4283,1.60,1.00
2010.05.18 22:00:09.612,1.42815,1.4283,2.00,1.00
2010.05.18 22:00:15.297,1.42815,1.42835,2.00,1.00
2010.05.18 22:00:19.761,1.42815,1.4283,2.00,1.00
2010.05.18 22:00:23.794,1.42795,1.4281,2.10,1.20
2010.05.18 22:00:24.083,1.42795,1.42805,1.00,1.00
2010.05.18 22:00:24.370,1.42795,1.4281,1.00,1.00
2010.05.18 22:00:25.036,1.42795,1.42805,1.00,1.00
2010.05.18 22:00:25.379,1.428,1.42805,1.00,1.00
2010.05.18 22:00:25.561,1.42805,1.4282,1.00,1.00
2010.05.18 22:00:25.739,1.42805,1.42825,1.00,1.00
2010.05.18 22:00:26.756,1.4281,1.42825,1.00,1.00
2010.05.18 22:00:27.426,1.4281,1.42825,1.00,1.00
2010.05.18 22:00:27.621,1.4281,1.42825,1.00,1.00
2010.05.18 22:00:28.346,1.4281,1.42845,1.00,1.10
2010.05.18 22:00:29.287,1.42805,1.42845,1.00,1.10
2010.05.18 22:00:29.862,1.42805,1.4284,1.00,1.00
2010.05.18 22:00:30.509,1.42805,1.42835,1.00,1.00
2010.05.18 22:00:30.848,1.42805,1.42835,1.00,1.00
2010.05.18 22:00:33.388,1.42805,1.4281,1.00,1.00
2010.05.18 22:00:33.599,1.42805,1.42855,1.00,1.00
2010.05.18 22:00:34.709,1.42805,1.42845,1.00,1.10
2010.05.18 22:00:35.166,1.4279,1.42845,2.10,1.10
2010.05.18 22:00:35.916,1.428,1.42845,1.00,1.10
2010.05.18 22:00:36.067,1.4279,1.42845,1.50,1.10
2010.05.18 22:00:36.900,1.42795,1.42845,1.00,1.10
2010.05.18 22:00:47.441,1.42795,1.42845,1.00,1.30
2010.05.18 22:00:52.797,1.42795,1.42845,1.00,1.10
2010.05.18 22:00:54.543,1.42795,1.42845,1.00,1.10
2010.05.18 22:00:55.357,1.42795,1.42845,1.20,1.90
2010.05.18 22:00:58.949,1.42795,1.42845,1.00,1.10
2010.05.18 22:00:59.099,1.42795,1.42845,1.00,1.20
2010.05.18 22:00:59.245,1.42795,1.42845,1.00,1.10
2010.05.18 22:00:59.396,1.42795,1.42845,1.00,1.20
2010.05.18 22:00:59.996,1.42795,1.42845,1.00,1.10
2010.05.18 22:01:03.216,1.42795,1.42845,1.00,1.20
2010.05.18 22:01:03.245,1.42795,1.42845,1.00,1.40
2010.05.18 22:01:03.334,1.42795,1.42845,1.00,1.60
2010.05.18 22:01:03.624,1.42795,1.42845,1.00,1.70
2010.05.18 22:01:05.797,1.42795,1.42845,1.00,1.60
2010.05.18 22:01:06.135,1.42795,1.42845,1.00,1.70
2010.05.18 22:01:06.306,1.42795,1.42845,1.00,1.60
2010.05.18 22:01:06.505,1.42795,1.42845,1.00,1.70
2010.05.18 22:01:08.829,1.42795,1.42845,1.20,1.70
2010.05.18 22:01:09.000,1.42795,1.42845,1.20,2.40
2010.05.18 22:01:09.029,1.42795,1.42845,1.20,2.40
2010.05.18 22:01:09.105,1.42795,1.42845,1.20,2.40
2010.05.18 22:01:11.999,1.428,1.42845,1.00,2.40
2010.05.18 22:01:12.460,1.42795,1.4284,1.00,4.00
2010.05.18 22:01:12.770,1.4279,1.4282,1.00,1.60
2010.05.18 22:01:13.380,1.4279,1.4282,1.00,1.60
2010.05.18 22:01:13.483,1.4279,1.42825,1.00,1.00
2010.05.18 22:01:13.857,1.42815,1.42825,1.00,1.00
2010.05.18 22:01:13.956,1.42815,1.42825,1.00,1.00
2010.05.18 22:01:14.427,1.42815,1.42825,1.00,1.00
2010.05.18 22:01:14.528,1.42795,1.42825,1.00,1.00
2010.05.18 22:01:15.588,1.42815,1.42825,1.00,1.00
2010.05.18 22:01:16.389,1.42795,1.42825,1.00,1.00
2010.05.18 22:01:20.447,1.4279,1.42825,1.00,1.00
2010.05.18 22:01:23.818,1.42815,1.42825,1.00,1.00
2010.05.18 22:01:25.020,1.42775,1.4281,1.60,1.00
2010.05.18 22:01:25.288,1.42775,1.4281,1.00,1.60
2010.05.18 22:01:25.944,1.42775,1.4281,1.00,1.60
2010.05.18 22:01:26.129,1.42795,1.4283,1.00,1.60
2010.05.18 22:01:26.317,1.4279,1.42825,1.10,1.00
2010.05.18 22:01:26.508,1.42795,1.4283,1.00,1.60
2010.05.18 22:01:27.114,1.4279,1.42825,1.00,1.00
2010.05.18 22:01:27.608,1.4279,1.42825,1.00,1.00
2010.05.18 22:01:27.861,1.42785,1.4281,1.00,1.60
2010.05.18 22:01:28.109,1.4279,1.42815,1.00,1.00
2010.05.18 22:01:28.815,1.4279,1.42825,1.00,1.00
2010.05.18 22:01:29.268,1.42785,1.42825,1.00,1.00
2010.05.18 22:01:30.137,1.42795,1.42825,1.00,1.00
2010.05.18 22:01:31.216,1.42795,1.42825,1.00,1.00
2010.05.18 22:01:34.089,1.42795,1.42825,1.00,1.00
2010.05.18 22:01:35.978,1.42795,1.42825,1.00,1.00
2010.05.18 22:01:40.146,1.42795,1.42825,1.00,1.00
2010.05.18 22:01:43.318,1.42795,1.42825,1.00,1.00
2010.05.18 22:01:44.816,1.4279,1.42825,1.00,1.00
2010.05.18 22:01:45.378,1.4281,1.42835,1.00,1.40
2010.05.18 22:01:45.516,1.4281,1.42835,1.00,1.00
2010.05.18 22:01:45.656,1.4281,1.42835,1.00,1.00
2010.05.18 22:01:46.627,1.4282,1.42825,1.00,1.00
2010.05.18 22:01:46.946,1.4282,1.42825,1.00,1.00
2010.05.18 22:01:47.026,1.4282,1.42825,1.00,1.00
2010.05.18 22:01:47.187,1.4278,1.42825,1.00,1.40
2010.05.18 22:01:47.345,1.42775,1.42825,1.60,1.40
2010.05.18 22:01:47.427,1.42775,1.4282,1.60,1.00
2010.05.18 22:01:47.587,1.42805,1.4282,1.00,1.00
2010.05.18 22:01:47.667,1.42805,1.4282,1.00,1.00
2010.05.18 22:01:47.746,1.42775,1.4282,1.00,1.00
2010.05.18 22:01:48.089,1.4277,1.4282,1.60,1.00
2010.05.18 22:01:48.429,1.42775,1.4281,1.20,1.00
2010.05.18 22:01:49.192,1.4278,1.42825,1.00,1.00
2010.05.18 22:01:49.363,1.42785,1.42825,1.00,1.00
2010.05.18 22:01:49.697,1.4281,1.42835,1.00,1.00
2010.05.18 22:01:50.067,1.4278,1.42825,1.00,1.00
2010.05.18 22:01:50.258,1.4278,1.42825,1.00,1.00
2010.05.18 22:01:50.448,1.42775,1.4283,1.00,1.00
2010.05.18 22:01:50.639,1.4278,1.42825,1.00,1.00
2010.05.18 22:01:50.827,1.4281,1.42825,1.00,1.00
2010.05.18 22:01:51.579,1.4281,1.42835,1.00,1.00
2010.05.18 22:01:52.978,1.4282,1.42835,1.00,1.00
2010.05.18 22:01:55.899,1.42775,1.4283,1.00,1.00
2010.05.18 22:01:56.028,1.42765,1.42825,2.00,1.00
2010.05.18 22:01:57.058,1.4278,1.4281,1.00,1.00
2010.05.18 22:01:57.379,1.42785,1.42815,1.00,1.00
2010.05.18 22:01:57.699,1.4278,1.4283,1.00,1.00
2010.05.18 22:01:58.019,1.42785,1.42815,1.00,1.00
2010.05.18 22:01:58.787,1.4278,1.4283,1.00,1.00
2010.05.18 22:01:59.098,1.4278,1.4283,1.00,1.00
2010.05.18 22:02:04.457,1.4279,1.42815,1.00,1.00
2010.05.18 22:02:05.739,1.42785,1.4283,1.00,1.00
2010.05.18 22:02:06.421,1.42795,1.4283,1.60,1.00
2010.05.18 22:02:07.527,1.42815,1.42835,1.00,1.00
2010.05.18 22:02:08.343,1.4278,1.42815,1.00,1.00
2010.05.18 22:02:08.585,1.42775,1.4281,1.00,1.00
2010.05.18 22:02:08.768,1.42805,1.4283,1.00,1.00
2010.05.18 22:02:08.951,1.42775,1.4281,1.00,1.00
2010.05.18 22:02:09.140,1.4277,1.42825,1.00,1.00
2010.05.18 22:02:09.499,1.42775,1.4281,1.00,1.00
2010.05.18 22:02:10.149,1.4281,1.42825,1.00,1.00
2010.05.18 22:02:10.493,1.42785,1.4281,1.00,1.00
2010.05.18 22:02:10.840,1.42785,1.4281,1.00,1.00
2010.05.18 22:02:11.070,1.4281,1.42825,1.00,1.00
2010.05.18 22:02:11.299,1.42785,1.4281,1.00,1.00
2010.05.18 22:02:11.530,1.42785,1.4281,1.00,1.00
2010.05.18 22:02:12.085,1.42785,1.4281,1.00,1.00
2010.05.18 22:02:12.272,1.4281,1.4283,1.00,1.00
2010.05.18 22:02:12.458,1.4279,1.42815,1.00,1.00
2010.05.18 22:02:12.838,1.4278,1.42825,1.20,1.00
2010.05.18 22:02:13.028,1.42785,1.42815,1.00,1.00
2010.05.18 22:02:15.250,1.42775,1.42825,2.00,1.00
2010.05.18 22:02:15.866,1.4278,1.42825,1.30,1.00
2010.05.18 22:02:20.515,1.4279,1.42825,1.00,1.00
2010.05.18 22:02:20.655,1.4279,1.42825,1.00,1.00
2010.05.18 22:02:21.075,1.4279,1.42825,1.00,1.00
2010.05.18 22:02:21.197,1.4278,1.4281,1.20,3.20
2010.05.18 22:02:21.317,1.42775,1.42805,1.50,1.00
2010.05.18 22:02:23.058,1.42775,1.42805,3.40,1.00
2010.05.18 22:02:23.478,1.42775,1.4281,3.70,1.60
2010.05.18 22:02:23.607,1.42775,1.4282,3.70,1.00
2010.05.18 22:02:23.737,1.42775,1.42825,3.70,1.00
2010.05.18 22:02:25.159,1.4278,1.42815,1.60,1.00
2010.05.18 22:02:25.320,1.4278,1.4279,1.00,1.00
2010.05.18 22:02:25.481,1.42775,1.4279,1.00,1.00
2010.05.18 22:02:25.731,1.42785,1.42845,1.00,1.00
2010.05.18 22:02:26.661,1.4279,1.42845,1.90,1.00
2010.05.18 22:02:26.958,1.42785,1.4283,1.80,1.00
2010.05.18 22:02:27.246,1.42785,1.4283,1.90,1.00
2010.05.18 22:02:27.537,1.42795,1.4283,1.00,1.00
2010.05.18 22:02:29.870,1.42795,1.4283,1.00,1.00
2010.05.18 22:02:30.366,1.428,1.4283,1.00,1.00
2010.05.18 22:02:30.496,1.428,1.4283,1.00,1.00
2010.05.18 22:02:32.659,1.428,1.42825,1.00,1.00
2010.05.18 22:02:32.838,1.428,1.42825,1.00,1.00
2010.05.18 22:02:33.664,1.428,1.4283,1.00,1.00
2010.05.18 22:02:36.795,1.428,1.4283,1.00,1.00
2010.05.18 22:02:47.481,1.42815,1.4283,1.00,1.00
2010.05.18 22:03:03.737,1.4281,1.4283,1.00,1.00
2010.05.18 22:03:08.323,1.42815,1.4283,1.00,1.00
2010.05.18 22:03:12.707,1.42815,1.4283,1.00,1.00
2010.05.18 22:03:13.498,1.428,1.42825,1.00,1.30
2010.05.18 22:03:13.694,1.42795,1.42825,1.00,1.00
2010.05.18 22:03:15.431,1.42815,1.4283,1.00,3.00
2010.05.18 22:03:15.785,1.42795,1.42825,1.00,1.30
2010.05.18 22:03:16.043,1.42795,1.42825,1.00,1.00
2010.05.18 22:03:19.559,1.428,1.42825,1.00,1.00
2010.05.18 22:03:19.729,1.4281,1.42825,1.00,1.00
2010.05.18 22:03:20.388,1.4281,1.42825,1.00,1.00
2010.05.18 22:03:23.080,1.4281,1.4283,1.00,2.00
2010.05.18 22:03:23.303,1.42815,1.4283,1.00,1.90
2010.05.18 22:03:23.980,1.42795,1.42825,1.00,1.00
2010.05.18 22:03:24.318,1.4281,1.42825,1.00,1.00
2010.05.18 22:03:28.640,1.4281,1.4283,1.00,1.90
2010.05.18 22:03:29.573,1.42815,1.4283,1.00,1.90
2010.05.18 22:03:31.248,1.42815,1.4283,1.00,1.00
2010.05.18 22:03:31.557,1.42815,1.4283,1.00,1.70
2010.05.18 22:03:33.898,1.42815,1.42825,1.00,1.00
2010.05.18 22:03:37.874,1.42805,1.4282,1.00,1.00
2010.05.18 22:03:38.090,1.4279,1.42815,1.20,1.00
2010.05.18 22:03:38.299,1.4281,1.42825,1.00,1.00
2010.05.18 22:03:38.508,1.4279,1.42815,1.20,1.00
2010.05.18 22:03:38.720,1.4279,1.4282,1.00,1.00
2010.05.18 22:03:39.059,1.42795,1.42815,1.00,1.00
2010.05.18 22:03:39.934,1.4279,1.4282,1.00,1.00
2010.05.18 22:03:40.077,1.4279,1.42815,1.20,1.00
2010.05.18 22:03:40.217,1.42795,1.4282,1.00,1.00
2010.05.18 22:03:40.359,1.4279,1.4282,1.00,1.00
2010.05.18 22:03:40.638,1.42795,1.42815,1.00,1.00
2010.05.18 22:03:40.777,1.4279,1.42815,1.10,1.00
2010.05.18 22:03:42.127,1.4279,1.42815,1.00,1.00
2010.05.18 22:03:44.145,1.4279,1.4282,1.00,1.00
2010.05.18 22:03:45.042,1.4279,1.42815,1.00,1.00
2010.05.18 22:03:45.289,1.4279,1.42815,1.00,1.00
2010.05.18 22:03:45.880,1.4279,1.4281,1.00,1.00
2010.05.18 22:03:47.112,1.4279,1.42815,1.00,1.00
2010.05.18 22:03:49.115,1.4279,1.4282,1.00,1.00
2010.05.18 22:03:50.557,1.4279,1.42815,1.00,1.00
2010.05.18 22:03:51.495,1.4279,1.42825,1.00,1.00
2010.05.18 22:03:52.006,1.42805,1.42825,1.00,1.00
2010.05.18 22:03:52.515,1.4279,1.42815,1.00,1.00
2010.05.18 22:03:54.751,1.42795,1.4283,1.10,1.70
2010.05.18 22:03:58.266,1.42795,1.4283,1.20,1.70
2010.05.18 22:04:08.186,1.428,1.4283,1.00,1.70
2010.05.18 22:04:08.396,1.42795,1.4283,1.00,1.70
2010.05.18 22:04:08.605,1.42815,1.4283,1.00,1.70
2010.05.18 22:04:10.706,1.42795,1.4283,1.00,1.70
2010.05.18 22:04:12.203,1.42805,1.4282,1.00,1.00
2010.05.18 22:04:12.500,1.42805,1.4282,1.00,1.00
2010.05.18 22:04:12.958,1.42785,1.42815,1.00,1.00
2010.05.18 22:04:19.115,1.42785,1.4282,1.00,1.00
2010.05.18 22:04:19.159,1.42785,1.4282,1.00,1.00
2010.05.18 22:04:19.499,1.42805,1.4282,1.00,1.00
2010.05.18 22:04:20.320,1.4279,1.4282,1.00,1.00
2010.05.18 22:04:21.005,1.42805,1.4283,1.90,1.00
2010.05.18 22:04:23.976,1.4281,1.42825,1.60,1.00
2010.05.18 22:04:24.148,1.42805,1.42825,1.00,1.00
2010.05.18 22:04:27.036,1.4281,1.42825,1.00,1.00
2010.05.18 22:04:27.853,1.42805,1.42825,1.00,1.00
2010.05.18 22:04:30.558,1.42805,1.42825,1.60,1.00
2010.05.18 22:04:32.148,1.4281,1.42835,1.00,1.00
2010.05.18 22:04:32.370,1.4283,1.4284,1.00,3.20
2010.05.18 22:04:32.477,1.4283,1.4286,1.00,1.00
2010.05.18 22:04:34.647,1.42825,1.42855,1.00,1.00
2010.05.18 22:04:37.438,1.4282,1.4285,1.00,1.00
2010.05.18 22:04:37.677,1.42815,1.42845,1.00,1.00
2010.05.18 22:04:51.238,1.4282,1.4285,1.00,1.00
2010.05.18 22:04:51.817,1.42825,1.42855,1.00,1.00
2010.05.18 22:05:27.776,1.4283,1.42855,1.00,1.00
2010.05.18 22:05:38.457,1.4283,1.4285,1.00,1.00
2010.05.18 22:05:38.797,1.4283,1.4285,1.00,1.00
2010.05.18 22:05:44.058,1.4283,1.4285,1.00,1.00
2010.05.18 22:05:48.145,1.42835,1.4285,1.00,1.00
2010.05.18 22:05:48.409,1.42835,1.4285,1.00,1.00
2010.05.18 22:05:48.579,1.42835,1.4287,1.00,1.00
2010.05.18 22:05:52.955,1.42835,1.4287,1.00,1.00
2010.05.18 22:05:53.115,1.42835,1.4287,1.00,1.00
2010.05.18 22:05:54.679,1.42825,1.42855,1.00,1.00
2010.05.18 22:05:58.317,1.4284,1.42855,1.00,1.00
2010.05.18 22:06:00.949,1.4284,1.42855,1.00,1.00
2010.05.18 22:06:01.626,1.4284,1.42855,1.00,1.00
2010.05.18 22:06:03.745,1.4284,1.42855,1.00,1.00
2010.05.18 22:06:03.895,1.4284,1.42855,1.00,1.00
2010.05.18 22:06:04.045,1.42835,1.42855,1.00,1.00
2010.05.18 22:06:17.803,1.42835,1.42855,1.00,7.90
2010.05.18 22:06:19.066,1.4284,1.42855,1.00,7.90
2010.05.18 22:06:19.237,1.4284,1.42855,1.00,7.80
2010.05.18 22:06:19.408,1.4284,1.42855,1.00,7.60
2010.05.18 22:06:19.838,1.4284,1.42855,1.00,7.50
2010.05.18 22:06:21.266,1.4284,1.42855,1.00,7.40
2010.05.18 22:06:22.061,1.42835,1.42855,1.00,7.40
2010.05.18 22:06:22.995,1.42835,1.42855,1.00,7.50
2010.05.18 22:06:25.224,1.42835,1.4285,1.00,1.00
2010.05.18 22:06:30.080,1.42835,1.42855,1.00,7.60
2010.05.18 22:06:30.241,1.42835,1.42855,1.00,7.70
2010.05.18 22:06:30.566,1.42835,1.42855,1.00,7.60
2010.05.18 22:06:30.726,1.42835,1.42855,1.00,7.70
2010.05.18 22:06:31.207,1.42835,1.42855,1.00,7.70
2010.05.18 22:06:31.821,1.42835,1.4285,1.00,1.00
2010.05.18 22:06:32.131,1.42835,1.42855,1.00,7.40
2010.05.18 22:06:36.118,1.42835,1.42855,1.00,7.50
2010.05.18 22:06:37.106,1.42835,1.42855,1.00,7.40
2010.05.18 22:06:40.619,1.42835,1.42855,1.00,7.50
2010.05.18 22:06:41.439,1.4283,1.42855,1.00,7.50
2010.05.18 22:06:41.557,1.4283,1.42855,1.00,7.40
2010.05.18 22:06:45.879,1.4283,1.42855,1.00,7.30
2010.05.18 22:06:49.932,1.4284,1.42855,1.00,7.30
2010.05.18 22:06:50.748,1.4284,1.42855,1.00,7.20
2010.05.18 22:06:51.091,1.4283,1.42855,1.00,7.20
2010.05.18 22:06:51.966,1.4284,1.42855,1.00,7.20
2010.05.18 22:06:52.187,1.4284,1.42855,1.00,7.20
2010.05.18 22:06:52.355,1.4283,1.42855,1.00,7.20
2010.05.18 22:06:52.516,1.4283,1.42855,1.00,7.20
2010.05.18 22:06:54.477,1.4284,1.42855,1.00,7.20
2010.05.18 22:06:54.677,1.4284,1.42855,1.00,7.20
2010.05.18 22:06:54.916,1.4284,1.42855,1.00,6.90
2010.05.18 22:06:55.156,1.4283,1.42855,1.00,6.90
2010.05.18 22:06:55.842,1.4283,1.42855,1.00,6.90
2010.05.18 22:06:56.626,1.4284,1.42855,1.00,6.90
2010.05.18 22:06:56.897,1.4284,1.42855,1.00,6.80
2010.05.18 22:06:56.966,1.4283,1.42855,1.00,6.80
2010.05.18 22:06:57.311,1.4284,1.42855,1.00,6.80
2010.05.18 22:06:57.381,1.4284,1.42855,1.00,6.80
2010.05.18 22:06:57.445,1.4284,1.42855,1.00,6.80
2010.05.18 22:06:57.626,1.4283,1.42855,1.00,6.80
2010.05.18 22:06:58.339,1.4284,1.42855,1.00,6.80
2010.05.18 22:07:01.319,1.4284,1.42855,1.00,6.20
2010.05.18 22:07:03.113,1.4284,1.42855,1.00,5.10
2010.05.18 22:07:05.032,1.4283,1.42855,1.00,5.10
2010.05.18 22:07:06.599,1.4283,1.42855,1.00,5.10
2010.05.18 22:07:06.843,1.4283,1.42855,1.00,5.10
2010.05.18 22:07:12.251,1.42825,1.42855,1.00,5.30
2010.05.18 22:07:12.890,1.42825,1.4285,1.00,1.00
2010.05.18 22:07:13.986,1.42825,1.4285,1.00,1.00
2010.05.18 22:07:14.189,1.42825,1.4285,1.00,1.00
2010.05.18 22:07:15.006,1.42825,1.4285,1.00,1.00
2010.05.18 22:07:15.297,1.42825,1.4285,1.00,1.00
2010.05.18 22:07:15.877,1.42825,1.4285,1.00,1.00
2010.05.18 22:07:16.167,1.42825,1.4285,1.00,1.00
2010.05.18 22:07:16.437,1.4282,1.4285,1.20,1.00
2010.05.18 22:07:16.706,1.42825,1.4285,1.00,1.00
2010.05.18 22:07:17.597,1.4282,1.4285,1.20,1.00
2010.05.18 22:07:17.716,1.42825,1.4285,1.00,1.00
2010.05.18 22:07:17.946,1.4282,1.4285,1.20,1.00
2010.05.18 22:07:18.166,1.42825,1.4285,1.00,1.00
2010.05.18 22:07:18.313,1.4282,1.4285,1.20,1.00
2010.05.18 22:07:18.536,1.42825,1.4285,1.00,1.00
2010.05.18 22:07:18.877,1.4282,1.4285,1.20,1.00
2010.05.18 22:07:19.700,1.42825,1.4285,1.00,1.00
2010.05.18 22:07:20.326,1.4282,1.4285,1.20,1.00
2010.05.18 22:07:20.504,1.42825,1.4285,1.00,1.00
2010.05.18 22:07:20.886,1.4282,1.4285,1.20,1.00
2010.05.18 22:07:21.136,1.42825,1.4285,1.00,1.00
2010.05.18 22:07:21.386,1.4282,1.4285,1.20,1.00
2010.05.18 22:07:21.886,1.42825,1.4285,1.00,1.00
2010.05.18 22:07:22.136,1.4282,1.4285,1.20,1.00
2010.05.18 22:07:22.226,1.42825,1.4285,1.00,1.00
2010.05.18 22:07:22.519,1.4282,1.4285,1.20,1.00
2010.05.18 22:07:22.719,1.42825,1.4285,1.00,1.00
2010.05.18 22:07:23.745,1.4282,1.4285,1.20,1.00
2010.05.18 22:07:23.926,1.42825,1.4285,1.00,1.00
2010.05.18 22:07:24.286,1.4282,1.4285,1.20,1.00
2010.05.18 22:07:25.376,1.42825,1.4285,1.00,1.00
2010.05.18 22:07:25.525,1.4282,1.4285,1.20,1.00
2010.05.18 22:07:25.732,1.42825,1.4285,1.00,1.00
2010.05.18 22:07:26.036,1.4282,1.4285,1.20,1.00
2010.05.18 22:07:26.186,1.42825,1.4285,1.00,1.00
2010.05.18 22:07:26.335,1.4282,1.4285,1.20,1.00
2010.05.18 22:07:27.231,1.42825,1.4285,1.00,1.00
2010.05.18 22:07:27.510,1.42825,1.4285,1.00,1.00
2010.05.18 22:07:27.727,1.42825,1.4285,1.00,1.00
2010.05.18 22:07:27.945,1.42825,1.4285,1.00,1.00
2010.05.18 22:07:28.166,1.42825,1.4285,1.00,1.00
2010.05.18 22:07:28.386,1.42825,1.4285,1.00,1.00
2010.05.18 22:07:28.606,1.42825,1.4285,1.00,1.00
2010.05.18 22:07:29.176,1.42825,1.4285,1.00,1.00
2010.05.18 22:07:30.299,1.42825,1.4285,1.00,1.00
2010.05.18 22:07:30.582,1.42825,1.4285,1.00,1.00
2010.05.18 22:07:30.847,1.42825,1.4285,1.00,1.00
2010.05.18 22:07:33.305,1.42825,1.4285,1.00,1.00
2010.05.18 22:07:35.701,1.42825,1.4285,1.00,1.00
2010.05.18 22:07:37.508,1.42825,1.4285,1.00,1.00
2010.05.18 22:07:41.020,1.42835,1.4285,1.00,1.00
2010.05.18 22:07:41.178,1.42835,1.42855,1.00,5.10
2010.05.18 22:07:41.340,1.42855,1.4287,1.00,1.00
2010.05.18 22:07:42.087,1.42865,1.4287,1.00,1.00
2010.05.18 22:07:42.419,1.42855,1.4287,1.00,1.00
2010.05.18 22:07:46.937,1.4285,1.4287,1.60,1.00
2010.05.18 22:07:47.301,1.4285,1.42875,1.60,1.00
2010.05.18 22:07:47.489,1.4285,1.4288,1.60,1.00
2010.05.18 22:07:48.057,1.4285,1.4287,1.60,1.00
2010.05.18 22:07:52.029,1.4286,1.4287,1.00,1.00
2010.05.18 22:07:52.388,1.4286,1.4287,1.00,1.00
2010.05.18 22:08:01.722,1.4285,1.4286,1.00,1.00
2010.05.18 22:08:02.430,1.4282,1.4287,1.00,1.00
2010.05.18 22:08:02.519,1.42815,1.4287,1.00,1.00
2010.05.18 22:08:02.697,1.4283,1.4286,1.00,1.00
2010.05.18 22:08:02.787,1.4283,1.4286,1.00,1.00
2010.05.18 22:08:02.876,1.4283,1.4287,1.00,1.00
2010.05.18 22:08:03.057,1.4283,1.4287,1.00,1.70
2010.05.18 22:08:03.147,1.4284,1.4287,1.00,1.00
2010.05.18 22:08:03.236,1.4284,1.4287,1.00,1.00
2010.05.18 22:08:05.286,1.4285,1.4287,1.00,1.00
2010.05.18 22:08:05.366,1.4285,1.42855,1.00,1.00
2010.05.18 22:08:05.446,1.4283,1.4285,1.00,1.00
2010.05.18 22:08:05.528,1.4283,1.4285,1.00,1.20
2010.05.18 22:08:05.606,1.42805,1.4285,1.00,1.20
2010.05.18 22:08:05.688,1.42805,1.4285,1.00,2.00
2010.05.18 22:08:05.765,1.42805,1.4284,1.00,1.00
2010.05.18 22:08:10.047,1.4281,1.4284,1.00,1.00
2010.05.18 22:08:10.127,1.4281,1.4284,1.00,1.00
2010.05.18 22:08:10.205,1.42815,1.4285,1.00,1.70
2010.05.18 22:08:10.246,1.42815,1.4285,1.00,1.00
2010.05.18 22:08:10.365,1.42815,1.4285,1.00,1.00
2010.05.18 22:08:10.406,1.42815,1.4285,1.00,1.00
2010.05.18 22:08:11.561,1.42835,1.4287,1.00,1.00
2010.05.18 22:08:15.107,1.4283,1.4287,1.00,1.00
2010.05.18 22:08:15.316,1.4283,1.4287,1.00,1.00
2010.05.18 22:08:15.526,1.4283,1.4287,1.00,1.00
2010.05.18 22:08:22.477,1.4283,1.4287,1.00,1.00
2010.05.18 22:08:27.533,1.4283,1.4287,1.00,1.00
2010.05.18 22:08:28.026,1.4283,1.4287,1.00,1.00
2010.05.18 22:08:28.187,1.42835,1.4287,1.00,1.00
2010.05.18 22:08:29.365,1.42835,1.42855,1.00,1.00
2010.05.18 22:08:29.877,1.4283,1.42855,1.00,1.00
2010.05.18 22:08:30.052,1.42835,1.42855,1.00,1.00
2010.05.18 22:08:30.218,1.42835,1.42855,1.00,1.00
2010.05.18 22:08:31.671,1.42835,1.42855,1.00,1.00
2010.05.18 22:08:38.009,1.42835,1.42855,1.00,1.00
2010.05.18 22:08:38.348,1.42835,1.4286,1.00,1.70
2010.05.18 22:08:40.347,1.42835,1.4286,1.00,1.70
2010.05.18 22:08:40.437,1.42835,1.42855,1.00,1.00
2010.05.18 22:08:41.694,1.4283,1.42855,1.00,1.00
2010.05.18 22:08:45.057,1.4283,1.42855,1.00,1.00
2010.05.18 22:08:52.117,1.4283,1.42855,1.00,1.00
2010.05.18 22:08:53.668,1.4283,1.42855,1.00,1.00
2010.05.18 22:09:00.657,1.4283,1.42855,1.00,1.00
2010.05.18 22:09:03.353,1.4283,1.42855,1.00,1.00
2010.05.18 22:09:03.646,1.4284,1.42855,1.00,1.00
2010.05.18 22:09:03.937,1.4284,1.42855,1.00,1.00
2010.05.18 22:09:05.683,1.4284,1.4287,1.00,1.00
2010.05.18 22:09:06.058,1.4284,1.42875,1.00,1.00
2010.05.18 22:09:07.368,1.4284,1.42875,1.00,1.00
2010.05.18 22:09:11.114,1.4284,1.42875,1.00,1.00
2010.05.18 22:09:13.088,1.4284,1.42875,1.00,1.00
2010.05.18 22:09:13.271,1.4284,1.42875,1.00,1.00
2010.05.18 22:09:14.100,1.42845,1.42875,1.00,1.00
2010.05.18 22:09:14.348,1.4284,1.42875,1.00,1.00
2010.05.18 22:09:14.598,1.42835,1.4287,1.00,1.00
2010.05.18 22:09:14.847,1.42835,1.4287,1.00,1.00
2010.05.18 22:09:16.598,1.4284,1.4287,1.00,1.00
2010.05.18 22:09:18.149,1.4284,1.4287,1.00,1.00
2010.05.18 22:09:18.238,1.42835,1.4287,1.00,1.00
2010.05.18 22:09:19.306,1.42835,1.4287,1.00,1.00
2010.05.18 22:09:20.288,1.4284,1.4287,1.00,1.00
2010.05.18 22:09:24.643,1.4284,1.4287,1.00,1.00
2010.05.18 22:09:29.677,1.4284,1.4287,1.00,1.00
2010.05.18 22:09:31.207,1.4284,1.4287,1.00,1.00
2010.05.18 22:09:31.750,1.4284,1.4287,1.00,1.00
2010.05.18 22:09:33.276,1.4284,1.4287,1.00,1.00
2010.05.18 22:09:33.448,1.42845,1.4287,1.00,1.00
2010.05.18 22:09:33.737,1.42845,1.42875,1.00,1.00
2010.05.18 22:09:34.028,1.4284,1.42875,1.00,1.00
2010.05.18 22:09:34.607,1.4284,1.42875,1.00,1.00
2010.05.18 22:09:35.358,1.4284,1.42875,1.00,1.00
2010.05.18 22:09:35.586,1.42845,1.42875,1.00,1.00
2010.05.18 22:09:37.277,1.42845,1.42875,1.20,1.00
2010.05.18 22:09:37.317,1.42845,1.42875,1.00,1.00
2010.05.18 22:09:37.481,1.42845,1.4288,1.00,1.70
2010.05.18 22:09:37.676,1.42845,1.4288,1.00,1.00
2010.05.18 22:09:37.707,1.42845,1.4288,1.00,1.00
2010.05.18 22:09:38.295,1.42845,1.4288,1.00,1.00
2010.05.18 22:09:38.567,1.42845,1.4288,1.00,1.00
2010.05.18 22:09:39.087,1.4285,1.4288,1.00,1.00
2010.05.18 22:09:39.827,1.4285,1.42885,1.00,1.00
2010.05.18 22:09:41.608,1.42855,1.42885,1.00,1.00
2010.05.18 22:09:43.072,1.4285,1.42885,1.00,1.00
2010.05.18 22:09:43.407,1.4285,1.4288,1.00,1.00
2010.05.18 22:09:43.526,1.4285,1.4288,1.00,1.00
2010.05.18 22:09:43.746,1.4285,1.4288,1.00,1.00
2010.05.18 22:09:43.966,1.4285,1.4288,1.00,1.00
2010.05.18 22:09:45.638,1.4285,1.4288,1.00,1.00
2010.05.18 22:09:46.080,1.4285,1.4288,1.00,1.00
2010.05.18 22:09:46.855,1.4285,1.4288,1.00,1.00
2010.05.18 22:09:47.137,1.4285,1.4288,1.00,1.00
2010.05.18 22:09:47.706,1.4285,1.4288,1.00,1.00
2010.05.18 22:09:48.752,1.4285,1.4288,1.00,1.20
2010.05.18 22:09:48.939,1.42845,1.4288,1.00,3.00
2010.05.18 22:09:51.293,1.42845,1.4288,1.00,2.50
2010.05.18 22:09:51.508,1.42845,1.4288,1.00,2.10
2010.05.18 22:09:52.149,1.42845,1.4287,1.00,1.00
2010.05.18 22:09:52.830,1.4284,1.4287,1.00,1.00
2010.05.18 22:09:53.182,1.42835,1.4287,1.00,1.00
2010.05.18 22:09:58.602,1.42835,1.4286,1.00,1.00
2010.05.18 22:09:58.790,1.42835,1.4286,1.00,1.00
2010.05.18 22:10:00.208,1.42835,1.4285,1.00,1.00
2010.05.18 22:10:01.066,1.42835,1.4286,1.00,1.00
2010.05.18 22:10:03.150,1.42835,1.4287,1.00,1.00
2010.05.18 22:10:03.987,1.42835,1.4287,1.00,1.00
2010.05.18 22:10:04.156,1.42835,1.4287,1.00,1.00
2010.05.18 22:10:06.267,1.4284,1.4287,1.00,1.00
2010.05.18 22:10:06.389,1.4284,1.4287,1.00,1.00
2010.05.18 22:10:08.527,1.42845,1.4287,1.00,1.00
2010.05.18 22:10:08.987,1.4284,1.4287,1.00,1.00
2010.05.18 22:10:09.217,1.4284,1.4287,1.00,1.00
2010.05.18 22:10:09.337,1.42835,1.4287,1.00,1.00
2010.05.18 22:10:12.057,1.42835,1.4287,1.00,1.00
2010.05.18 22:10:14.937,1.42835,1.4287,1.00,1.00
2010.05.18 22:10:15.147,1.42835,1.4287,1.00,1.00
2010.05.18 22:10:16.017,1.42835,1.4287,1.00,1.00
2010.05.18 22:10:16.639,1.42835,1.4287,1.00,1.00
2010.05.18 22:10:18.430,1.42835,1.4287,1.00,1.00
2010.05.18 22:10:19.247,1.42835,1.4287,1.00,1.00
2010.05.18 22:10:21.518,1.4283,1.4287,1.00,1.00
2010.05.18 22:10:22.676,1.42825,1.4285,1.00,1.00
2010.05.18 22:10:22.917,1.42825,1.4286,1.00,1.00
2010.05.18 22:10:27.057,1.42825,1.4286,1.00,1.00
2010.05.18 22:10:28.115,1.42825,1.4285,1.00,1.00
2010.05.18 22:10:28.296,1.42825,1.4285,1.00,1.00
2010.05.18 22:10:36.625,1.42825,1.4285,1.00,1.00
2010.05.18 22:10:55.659,1.4282,1.4285,1.00,1.00
2010.05.18 22:10:55.908,1.4282,1.4287,1.00,1.00
2010.05.18 22:10:56.448,1.42825,1.4287,1.00,1.00
2010.05.18 22:10:56.794,1.42825,1.4287,1.00,1.00
2010.05.18 22:11:04.235,1.42835,1.4287,1.00,1.00
2010.05.18 22:11:04.744,1.42835,1.4287,1.00,1.00
2010.05.18 22:11:07.805,1.4283,1.4287,1.00,1.00
2010.05.18 22:11:08.856,1.4283,1.4286,1.00,1.00
2010.05.18 22:11:08.976,1.4283,1.4286,1.00,1.00
2010.05.18 22:11:09.096,1.4283,1.4286,1.00,1.00
2010.05.18 22:11:11.136,1.4283,1.4286,1.00,1.00
2010.05.18 22:11:12.112,1.42825,1.4286,1.00,1.00
2010.05.18 22:11:15.456,1.42825,1.4286,1.00,1.00
2010.05.18 22:11:16.766,1.42825,1.4286,1.00,1.00
2010.05.18 22:11:16.866,1.42825,1.4286,1.00,1.00
2010.05.18 22:11:26.237,1.42825,1.4286,1.00,1.00
2010.05.18 22:11:27.057,1.42825,1.4286,1.00,1.00
2010.05.18 22:11:27.182,1.42825,1.4285,1.00,1.00
2010.05.18 22:11:27.296,1.42825,1.4285,1.00,1.00
2010.05.18 22:11:29.916,1.4283,1.4285,1.00,1.00
2010.05.18 22:11:30.814,1.42835,1.4285,1.00,1.00
2010.05.18 22:11:31.492,1.42835,1.4285,1.00,1.00
2010.05.18 22:11:32.320,1.42835,1.4285,1.00,1.00
2010.05.18 22:11:35.157,1.42835,1.42865,1.00,1.00
2010.05.18 22:11:36.648,1.42835,1.4287,1.00,1.00
2010.05.18 22:11:37.151,1.42835,1.42865,1.00,1.00
2010.05.18 22:11:38.297,1.42835,1.4287,1.00,1.00
2010.05.18 22:11:39.958,1.42835,1.4286,1.00,1.00
2010.05.18 22:11:41.739,1.42835,1.4286,1.00,1.00
2010.05.18 22:11:46.818,1.4283,1.4286,1.00,1.00
2010.05.18 22:11:47.396,1.4283,1.4286,1.00,1.00
2010.05.18 22:11:47.510,1.4282,1.4284,1.00,1.00
2010.05.18 22:11:48.169,1.42815,1.4284,1.00,1.00
2010.05.18 22:11:50.877,1.42815,1.4284,1.00,1.00
2010.05.18 22:11:51.130,1.4281,1.4285,1.00,1.00
2010.05.18 22:11:52.162,1.4281,1.4285,1.00,1.00
2010.05.18 22:11:52.337,1.4281,1.4283,1.00,1.00
2010.05.18 22:11:59.881,1.4281,1.4282,1.00,1.00
2010.05.18 22:11:59.906,1.4281,1.4282,1.00,1.00
2010.05.18 22:12:00.106,1.4281,1.4282,1.00,1.00
2010.05.18 22:12:00.304,1.4281,1.4283,1.00,1.00
2010.05.18 22:12:00.368,1.4281,1.4283,1.00,1.00
2010.05.18 22:12:00.427,1.4281,1.42845,1.00,1.00
2010.05.18 22:12:00.566,1.4282,1.4285,1.00,1.00
2010.05.18 22:12:01.421,1.4282,1.4283,1.00,1.00
2010.05.18 22:12:08.518,1.4282,1.42845,1.00,1.00
2010.05.18 22:12:12.688,1.4282,1.4283,1.00,1.00
2010.05.18 22:12:13.350,1.4282,1.4283,1.00,1.00
2010.05.18 22:12:13.571,1.428,1.4284,1.00,2.20
2010.05.18 22:12:13.788,1.428,1.42835,1.00,1.00
2010.05.18 22:12:47.966,1.428,1.42835,1.00,1.00
2010.05.18 22:12:51.127,1.4282,1.42835,1.00,1.00
2010.05.18 22:12:51.335,1.42825,1.42835,1.00,1.00
2010.05.18 22:12:52.186,1.4282,1.42835,1.00,1.00
2010.05.18 22:12:58.307,1.42825,1.4285,1.00,1.00
2010.05.18 22:12:58.536,1.42825,1.4285,1.00,1.00
2010.05.18 22:12:58.767,1.42825,1.4286,1.00,1.00
2010.05.18 22:13:00.968,1.42825,1.4286,1.00,1.00
2010.05.18 22:13:01.529,1.42825,1.4286,1.00,1.00
2010.05.18 22:13:08.386,1.42825,1.4286,1.00,1.00
2010.05.18 22:13:11.160,1.42825,1.42855,1.00,1.00
2010.05.18 22:13:12.151,1.4282,1.4285,1.00,1.00
2010.05.18 22:13:13.168,1.4282,1.4284,1.00,1.00
2010.05.18 22:13:15.301,1.4282,1.42835,1.00,1.00
2010.05.18 22:13:18.580,1.4282,1.4283,1.00,1.00
2010.05.18 22:13:18.725,1.428,1.42835,1.00,1.00
2010.05.18 22:13:19.074,1.4281,1.42835,1.00,1.00
2010.05.18 22:13:21.803,1.4281,1.4284,1.00,1.00
2010.05.18 22:13:23.667,1.4281,1.4284,1.00,1.00
2010.05.18 22:13:23.866,1.4281,1.4284,1.00,1.00
2010.05.18 22:13:36.998,1.4281,1.4284,1.00,1.00
2010.05.18 22:13:37.136,1.4281,1.4284,1.00,1.00
2010.05.18 22:13:38.427,1.4281,1.4283,1.00,1.00
2010.05.18 22:13:38.939,1.4281,1.4283,1.00,1.00
2010.05.18 22:13:41.001,1.4281,1.4283,1.00,1.00
2010.05.18 22:13:42.042,1.4281,1.4283,1.00,1.00
2010.05.18 22:13:44.213,1.4281,1.4283,1.00,1.00
2010.05.18 22:13:44.600,1.4281,1.4283,1.00,1.00
2010.05.18 22:13:44.792,1.4281,1.4283,1.00,1.00
2010.05.18 22:13:48.576,1.4281,1.4283,1.00,1.00
2010.05.18 22:13:48.711,1.4281,1.4283,1.00,1.00
2010.05.18 22:13:48.756,1.4281,1.4284,1.00,1.00
2010.05.18 22:13:54.032,1.4281,1.4284,1.00,1.00
2010.05.18 22:13:56.477,1.4281,1.4284,1.00,1.00
2010.05.18 22:14:00.038,1.4281,1.4284,1.00,1.00
2010.05.18 22:14:02.086,1.4281,1.4284,1.00,1.00
2010.05.18 22:14:10.579,1.42805,1.4284,1.00,1.00
2010.05.18 22:14:20.796,1.42805,1.4285,1.00,1.00
2010.05.18 22:14:21.009,1.4283,1.4285,1.90,1.00
2010.05.18 22:14:21.089,1.4283,1.42855,1.90,1.00
2010.05.18 22:14:21.168,1.4283,1.4284,1.00,1.00
2010.05.18 22:14:21.387,1.42825,1.42835,1.00,1.00
2010.05.18 22:14:21.617,1.42825,1.4284,1.00,1.00
2010.05.18 22:14:22.514,1.42835,1.42855,1.00,1.00
2010.05.18 22:14:23.117,1.42835,1.4285,1.00,1.00
2010.05.18 22:14:37.808,1.42835,1.42855,1.00,1.00
2010.05.18 22:14:38.038,1.4284,1.4286,1.00,1.00
2010.05.18 22:14:38.211,1.4284,1.4286,1.00,1.00
2010.05.18 22:14:42.007,1.4284,1.4286,1.00,1.00
2010.05.18 22:14:42.177,1.4284,1.4286,1.00,1.00
2010.05.18 22:14:43.487,1.4284,1.42865,1.00,1.00
2010.05.18 22:14:43.939,1.42825,1.42855,1.00,1.00
2010.05.18 22:14:45.087,1.42825,1.42855,1.00,1.00
2010.05.18 22:14:46.070,1.42825,1.4285,1.00,1.00
2010.05.18 22:15:03.468,1.42825,1.42845,1.00,1.00
2010.05.18 22:15:04.206,1.4282,1.42845,1.00,1.00
2010.05.18 22:15:04.439,1.4282,1.42845,1.00,1.00
2010.05.18 22:15:04.668,1.4282,1.42845,1.00,1.00
2010.05.18 22:15:07.257,1.4282,1.4284,1.00,1.00
2010.05.18 22:15:11.326,1.42825,1.42845,1.00,1.00
2010.05.18 22:15:12.087,1.4282,1.42845,1.00,1.00
2010.05.18 22:15:13.957,1.4282,1.42845,1.00,1.00
2010.05.18 22:15:14.047,1.4282,1.42845,1.00,1.00
2010.05.18 22:15:15.006,1.42825,1.4285,1.00,1.00
2010.05.18 22:15:31.347,1.42825,1.42855,1.00,1.00
2010.05.18 22:15:46.147,1.42825,1.42865,1.00,1.00
2010.05.18 22:15:47.208,1.4282,1.42865,1.00,1.00
2010.05.18 22:15:49.671,1.42825,1.4287,1.00,1.90
2010.05.18 22:15:49.847,1.42845,1.4287,1.00,1.80
2010.05.18 22:15:50.207,1.4285,1.4287,1.00,1.80
2010.05.18 22:15:55.512,1.4284,1.4286,1.60,1.00
2010.05.18 22:15:55.792,1.42835,1.42855,1.00,1.00
2010.05.18 22:16:31.936,1.42835,1.42865,1.00,1.00
2010.05.18 22:16:32.558,1.4282,1.42865,1.00,1.00
2010.05.18 22:16:33.349,1.4282,1.42865,1.00,1.00
2010.05.18 22:16:37.842,1.42815,1.4286,1.20,1.00
2010.05.18 22:16:45.543,1.42815,1.4286,1.00,1.00
2010.05.18 22:16:45.777,1.42815,1.4286,1.00,1.00
2010.05.18 22:16:47.917,1.4281,1.42855,1.00,1.00
2010.05.18 22:16:50.680,1.4282,1.4285,1.00,1.00
2010.05.18 22:16:52.347,1.4282,1.4284,1.00,1.00
2010.05.18 22:16:59.890,1.4282,1.4283,1.00,1.00
2010.05.18 22:17:00.037,1.4282,1.4283,1.00,1.00
2010.05.18 22:17:02.213,1.4282,1.4283,1.00,1.00
2010.05.18 22:17:02.511,1.4282,1.42845,1.00,1.00
2010.05.18 22:17:02.809,1.4282,1.4285,1.00,1.00
2010.05.18 22:17:04.469,1.4282,1.4285,1.00,1.00
2010.05.18 22:17:04.828,1.42825,1.4285,1.00,1.00
2010.05.18 22:17:05.547,1.42825,1.4285,1.00,1.00
2010.05.18 22:17:06.258,1.42825,1.4285,1.00,1.00
2010.05.18 22:17:07.001,1.42825,1.4285,1.00,1.00
2010.05.18 22:17:07.128,1.4282,1.4285,1.00,1.00
2010.05.18 22:17:07.393,1.42825,1.4285,1.00,1.00
2010.05.18 22:17:07.528,1.42825,1.4285,1.00,1.00
2010.05.18 22:17:08.494,1.42825,1.4285,1.00,1.00
2010.05.18 22:17:09.460,1.42825,1.4285,1.00,1.00
2010.05.18 22:17:13.807,1.42825,1.4285,1.00,1.00
2010.05.18 22:17:16.266,1.42825,1.4285,1.00,1.00
2010.05.18 22:17:17.066,1.42825,1.4285,1.00,1.00
2010.05.18 22:17:17.916,1.42825,1.4285,1.00,1.00
2010.05.18 22:17:20.817,1.42825,1.4285,1.00,1.00
2010.05.18 22:17:24.608,1.42825,1.4285,1.00,1.00
2010.05.18 22:17:25.477,1.4281,1.42835,1.00,1.00
2010.05.18 22:17:32.659,1.42805,1.4283,1.00,1.00
2010.05.18 22:17:35.056,1.4281,1.42835,1.00,1.00
2010.05.18 22:17:35.209,1.42805,1.4283,1.00,1.00
2010.05.18 22:17:38.985,1.428,1.4282,1.00,1.00
2010.05.18 22:17:50.598,1.4282,1.42825,1.00,1.00
2010.05.18 22:17:50.836,1.4281,1.42835,1.00,1.00
2010.05.18 22:17:52.288,1.42805,1.4283,1.00,1.00
2010.05.18 22:18:28.592,1.428,1.42825,1.00,1.00
2010.05.18 22:18:44.961,1.42805,1.42825,1.00,1.00
2010.05.18 22:18:45.917,1.428,1.42825,1.00,1.00
2010.05.18 22:19:02.172,1.42815,1.4284,1.00,1.00
2010.05.18 22:19:03.209,1.4281,1.42835,1.00,1.00
2010.05.18 22:19:07.115,1.42815,1.4284,1.00,1.00
2010.05.18 22:19:21.279,1.4281,1.42835,1.00,1.00
2010.05.18 22:19:42.506,1.42815,1.4284,1.00,1.00
2010.05.18 22:20:03.438,1.42815,1.4282,1.00,1.00
2010.05.18 22:20:04.152,1.42815,1.4284,1.00,1.00
2010.05.18 22:20:06.928,1.42815,1.4284,1.00,1.00
2010.05.18 22:20:09.150,1.42815,1.4284,1.00,1.00
2010.05.18 22:20:09.948,1.4281,1.4283,1.00,1.00
2010.05.18 22:20:10.269,1.4281,1.42835,1.00,1.00
2010.05.18 22:20:12.313,1.4281,1.42835,1.00,1.00
2010.05.18 22:20:14.968,1.4281,1.4283,1.00,1.00
2010.05.18 22:20:23.753,1.42805,1.42835,1.20,1.00
2010.05.18 22:20:25.197,1.42805,1.4284,1.20,1.00
2010.05.18 22:20:28.769,1.42805,1.4284,1.20,1.00
2010.05.18 22:20:30.597,1.42805,1.4284,1.20,1.00
2010.05.18 22:20:34.877,1.42805,1.4284,1.20,1.00
2010.05.18 22:20:34.907,1.42805,1.4284,1.60,1.00
2010.05.18 22:20:34.967,1.42805,1.4284,1.60,1.00
2010.05.18 22:20:35.057,1.42805,1.4284,1.60,1.00
2010.05.18 22:20:41.808,1.42805,1.4284,1.60,1.00
2010.05.18 22:20:42.127,1.42805,1.4284,1.20,1.00
2010.05.18 22:20:50.628,1.42805,1.4284,1.00,1.00
2010.05.18 22:20:53.159,1.42805,1.4284,1.00,1.00
2010.05.18 22:21:11.701,1.4281,1.4284,1.00,1.00
2010.05.18 22:21:24.049,1.42805,1.4284,1.00,1.00
2010.05.18 22:21:24.557,1.42805,1.4284,1.70,1.00
2010.05.18 22:21:27.927,1.42805,1.4284,1.30,1.00
2010.05.18 22:21:38.276,1.42805,1.4283,1.10,1.00
2010.05.18 22:21:38.377,1.42805,1.4283,1.00,1.00
2010.05.18 22:21:38.548,1.42805,1.4283,1.00,1.00
2010.05.18 22:21:39.058,1.42805,1.4283,1.00,1.00
2010.05.18 22:21:40.028,1.42805,1.4282,1.00,1.00
2010.05.18 22:21:40.208,1.42805,1.4282,1.00,1.00
2010.05.18 22:21:41.687,1.42805,1.4282,1.00,1.00
2010.05.18 22:21:43.028,1.42805,1.4283,1.00,1.00
2010.05.18 22:21:43.248,1.42805,1.4283,1.00,1.00
2010.05.18 22:21:47.977,1.42805,1.42825,1.00,1.00
2010.05.18 22:21:57.509,1.428,1.42825,1.00,1.00
2010.05.18 22:22:02.197,1.42805,1.42825,1.00,1.00
2010.05.18 22:22:22.577,1.428,1.42825,1.00,1.00
2010.05.18 22:22:23.298,1.42805,1.42825,1.00,1.00
2010.05.18 22:22:31.086,1.42805,1.42825,1.20,1.00
2010.05.18 22:22:31.428,1.42805,1.42825,1.00,1.00
2010.05.18 22:22:33.819,1.4281,1.42825,1.00,1.00
2010.05.18 22:22:34.430,1.4281,1.4284,1.00,1.10
2010.05.18 22:22:34.995,1.42815,1.4284,1.00,1.00
2010.05.18 22:22:57.477,1.42815,1.4284,1.00,1.00
2010.05.18 22:22:57.576,1.42815,1.4284,1.00,1.00
2010.05.18 22:22:59.927,1.42825,1.4284,1.00,1.00
2010.05.18 22:23:07.398,1.42815,1.4284,1.00,1.00
2010.05.18 22:23:07.600,1.42815,1.4283,1.00,1.00
2010.05.18 22:23:07.859,1.42815,1.4284,1.00,1.00
2010.05.18 22:23:09.303,1.42815,1.4284,1.00,1.00
2010.05.18 22:23:09.458,1.4281,1.4284,1.00,1.00
2010.05.18 22:23:09.580,1.42805,1.4283,1.40,1.00
2010.05.18 22:23:10.401,1.42805,1.4283,1.40,1.00
2010.05.18 22:23:10.733,1.42805,1.42835,1.40,1.00
2010.05.18 22:23:14.816,1.428,1.42825,1.00,1.00
2010.05.18 22:23:30.065,1.42805,1.42825,1.00,1.00
2010.05.18 22:23:32.929,1.428,1.42825,1.00,1.00
2010.05.18 22:23:45.752,1.42795,1.42825,1.00,1.00
2010.05.18 22:23:46.001,1.42795,1.42825,1.00,1.00
2010.05.18 22:24:04.329,1.428,1.42825,1.00,1.00
2010.05.18 22:24:24.235,1.428,1.42835,1.00,1.00
2010.05.18 22:24:31.879,1.42805,1.42835,1.00,1.00
2010.05.18 22:24:49.902,1.42795,1.42825,1.00,1.00
2010.05.18 22:24:53.097,1.42795,1.42825,1.00,1.00
2010.05.18 22:24:57.999,1.42795,1.42825,1.00,1.00
2010.05.18 22:25:06.782,1.428,1.42825,1.00,1.00
2010.05.18 22:25:31.294,1.428,1.42825,1.00,1.00
2010.05.18 22:25:31.641,1.428,1.42825,1.00,1.00
2010.05.18 22:25:40.799,1.4281,1.42825,1.00,1.00
2010.05.18 22:25:41.140,1.4281,1.4283,1.00,1.00
2010.05.18 22:25:42.799,1.4281,1.4283,1.30,1.00
2010.05.18 22:25:45.299,1.4281,1.4283,1.20,1.00
2010.05.18 22:26:25.069,1.4281,1.4284,1.20,3.60
2010.05.18 22:26:28.179,1.42815,1.4284,1.00,3.60
2010.05.18 22:26:28.919,1.4281,1.4284,1.00,3.60
2010.05.18 22:26:31.325,1.4281,1.4284,1.20,3.60
2010.05.18 22:26:32.689,1.4281,1.42825,1.00,2.80
2010.05.18 22:26:33.563,1.428,1.42825,1.90,1.00
2010.05.18 22:26:33.720,1.428,1.4282,1.10,1.00
2010.05.18 22:26:33.881,1.428,1.4282,1.10,1.80
2010.05.18 22:26:34.043,1.42795,1.4282,1.00,1.90
2010.05.18 22:26:34.673,1.428,1.4282,1.00,1.00
2010.05.18 22:26:41.770,1.428,1.42825,1.00,1.00
2010.05.18 22:26:42.289,1.428,1.4282,1.00,1.00
2010.05.18 22:26:44.879,1.428,1.4282,1.00,1.00
2010.05.18 22:26:45.121,1.428,1.4282,1.00,1.00
2010.05.18 22:26:46.378,1.428,1.4282,1.00,1.00
2010.05.18 22:26:46.639,1.428,1.42825,1.00,1.00
2010.05.18 22:27:10.619,1.428,1.42825,1.00,1.00
2010.05.18 22:27:10.671,1.428,1.4283,1.00,1.00
2010.05.18 22:27:11.669,1.428,1.4284,1.00,3.80
2010.05.18 22:27:12.078,1.428,1.4284,1.00,3.80
2010.05.18 22:27:12.290,1.428,1.4284,1.00,4.00
2010.05.18 22:27:14.709,1.428,1.4283,1.00,1.00
2010.05.18 22:27:15.519,1.428,1.4283,1.00,1.00
2010.05.18 22:27:15.852,1.428,1.4283,1.00,1.00
2010.05.18 22:27:17.159,1.428,1.4284,1.00,3.80
2010.05.18 22:27:24.488,1.428,1.4284,1.00,3.70
2010.05.18 22:27:26.368,1.428,1.4284,1.00,4.00
2010.05.18 22:27:27.208,1.4279,1.4284,9.20,4.00
2010.05.18 22:27:27.408,1.4279,1.4284,9.40,4.00
2010.05.18 22:27:31.735,1.42795,1.4284,1.30,4.10
2010.05.18 22:27:34.916,1.42805,1.4284,1.00,4.10
2010.05.18 22:27:36.296,1.4281,1.42835,1.00,1.00
2010.05.18 22:27:37.196,1.4281,1.4284,1.00,1.00
2010.05.18 22:27:37.410,1.4281,1.4284,1.00,1.00
2010.05.18 22:27:42.215,1.4281,1.4284,1.00,1.00
2010.05.18 22:27:42.472,1.4281,1.4284,1.00,1.00
2010.05.18 22:27:44.342,1.4281,1.4284,1.00,1.00
2010.05.18 22:27:44.525,1.4282,1.4284,1.00,1.00
2010.05.18 22:27:47.542,1.4282,1.4284,1.00,1.00
2010.05.18 22:27:51.491,1.4282,1.4284,1.00,1.00
2010.05.18 22:27:51.772,1.4283,1.4285,1.00,1.00
2010.05.18 22:27:53.720,1.42825,1.4285,1.00,1.00
2010.05.18 22:27:55.815,1.4283,1.4285,1.00,1.00
2010.05.18 22:27:56.256,1.4284,1.4285,1.00,1.00
2010.05.18 22:27:57.080,1.4284,1.4286,1.00,1.00
2010.05.18 22:27:59.617,1.42835,1.4286,1.00,1.00
2010.05.18 22:27:59.830,1.4283,1.4286,1.00,1.10
2010.05.18 22:28:05.415,1.4283,1.4286,1.00,1.00
2010.05.18 22:28:08.161,1.4283,1.4286,1.00,1.00
2010.05.18 22:28:09.254,1.4284,1.4287,1.00,1.90
2010.05.18 22:28:09.929,1.4284,1.4287,1.00,1.10
2010.05.18 22:28:10.269,1.4284,1.4287,1.00,1.00
2010.05.18 22:28:11.258,1.42835,1.42865,1.20,1.00
2010.05.18 22:28:11.473,1.42835,1.42865,1.00,1.00
2010.05.18 22:28:12.109,1.42835,1.42865,1.00,1.00
2010.05.18 22:28:13.619,1.42835,1.42865,1.00,1.00
2010.05.18 22:28:16.163,1.4283,1.4286,1.00,1.00
2010.05.18 22:28:48.013,1.42825,1.42875,1.00,1.70
2010.05.18 22:28:48.230,1.42835,1.42865,1.00,1.00
2010.05.18 22:28:48.892,1.4284,1.4287,1.00,1.00
2010.05.18 22:29:09.910,1.4284,1.42865,1.00,1.00
2010.05.18 22:29:10.134,1.42835,1.42865,1.00,1.00
2010.05.18 22:29:11.026,1.4283,1.4286,1.00,1.00
2010.05.18 22:29:46.233,1.42825,1.42865,1.00,1.00
2010.05.18 22:29:48.318,1.4282,1.42855,1.00,1.00
2010.05.18 22:29:48.585,1.4282,1.42845,1.00,1.00
2010.05.18 22:29:48.824,1.4282,1.42865,1.00,1.00
2010.05.18 22:29:51.612,1.42825,1.42865,1.00,1.00
2010.05.18 22:29:54.801,1.42825,1.4287,1.00,1.00
2010.05.18 22:29:55.029,1.42835,1.42865,1.00,1.00
2010.05.18 22:29:55.972,1.4284,1.4287,1.00,1.00
2010.05.18 22:30:04.783,1.42835,1.42865,1.00,1.00
2010.05.18 22:30:05.805,1.4284,1.4287,1.00,1.00
2010.05.18 22:30:07.332,1.42835,1.42865,1.00,1.00
2010.05.18 22:30:09.159,1.4283,1.4286,1.00,1.00
2010.05.18 22:30:14.586,1.42845,1.4286,1.00,1.00
2010.05.18 22:30:15.552,1.42845,1.4286,2.70,1.00
2010.05.18 22:30:16.381,1.4285,1.42875,1.00,1.00
2010.05.18 22:30:23.321,1.4286,1.42885,1.00,1.20
2010.05.18 22:30:23.464,1.4286,1.42885,1.00,1.00
2010.05.18 22:30:23.601,1.4286,1.4288,1.00,1.00
2010.05.18 22:30:23.740,1.42855,1.4288,1.00,1.70
2010.05.18 22:30:26.759,1.4285,1.42875,4.30,1.00
2010.05.18 22:30:26.839,1.4285,1.42875,2.70,1.00
2010.05.18 22:30:26.918,1.4285,1.42875,1.00,1.00
2010.05.18 22:30:27.925,1.42845,1.4287,4.30,1.00
2010.05.18 22:30:45.429,1.42845,1.4288,4.30,1.70
2010.05.18 22:30:58.210,1.42845,1.4288,4.70,1.70
2010.05.18 22:31:00.110,1.42845,1.4288,4.30,1.70
2010.05.18 22:31:00.438,1.42845,1.4288,4.70,1.70
2010.05.18 22:31:03.508,1.42845,1.4288,4.30,1.70
2010.05.18 22:31:07.812,1.4285,1.4288,2.40,1.00
2010.05.18 22:31:08.009,1.4285,1.4288,2.70,1.00
2010.05.18 22:31:08.209,1.4285,1.4289,2.70,1.90
2010.05.18 22:31:10.479,1.42855,1.4289,1.00,1.90
2010.05.18 22:31:23.463,1.42855,1.4289,1.00,1.90
2010.05.18 22:31:23.691,1.42855,1.4289,1.00,1.90
2010.05.18 22:31:39.453,1.42855,1.42875,1.00,1.00
2010.05.18 22:31:54.968,1.42855,1.4288,1.00,1.00
2010.05.18 22:31:56.329,1.42855,1.4288,1.00,1.00
2010.05.18 22:32:10.915,1.42855,1.4288,1.00,1.00
2010.05.18 22:32:11.306,1.42855,1.4288,1.00,1.00
2010.05.18 22:32:11.491,1.4286,1.42885,1.00,1.00
2010.05.18 22:32:13.295,1.4286,1.4288,1.00,1.00
2010.05.18 22:32:13.580,1.4285,1.4287,2.40,1.00
2010.05.18 22:32:14.650,1.4285,1.42875,2.70,1.00
2010.05.18 22:32:15.685,1.4285,1.4287,2.40,1.00
2010.05.18 22:32:20.408,1.4285,1.42875,2.70,1.00
2010.05.18 22:32:22.470,1.4285,1.4287,2.40,1.00
2010.05.18 22:32:23.023,1.42855,1.4287,1.50,1.00
2010.05.18 22:32:23.150,1.42855,1.42875,1.50,1.00
2010.05.18 22:32:25.599,1.42855,1.42875,1.40,1.00
2010.05.18 22:32:47.339,1.42865,1.42875,1.00,1.00
2010.05.18 22:32:47.504,1.42855,1.42875,1.40,1.00
2010.05.18 22:32:48.185,1.4286,1.4288,1.00,1.00
2010.05.18 22:32:48.369,1.4285,1.4287,2.40,1.00
2010.05.18 22:32:49.470,1.4285,1.42875,2.70,1.00
2010.05.18 22:32:50.404,1.4286,1.4288,1.00,1.00
2010.05.18 22:32:51.060,1.4286,1.4288,1.30,1.00
2010.05.18 22:32:52.083,1.4287,1.42895,1.00,1.00
2010.05.18 22:32:55.189,1.42875,1.429,1.00,1.00
2010.05.18 22:32:56.813,1.4287,1.42895,1.00,1.00
2010.05.18 22:32:57.929,1.4287,1.42895,2.70,1.00
2010.05.18 22:33:14.810,1.42875,1.42895,1.00,1.00
2010.05.18 22:33:14.859,1.42875,1.42895,1.00,1.00
2010.05.18 22:33:15.209,1.42875,1.42895,1.00,1.00
2010.05.18 22:33:15.429,1.42875,1.42895,1.00,1.00
2010.05.18 22:33:15.731,1.42875,1.429,3.10,1.00
2010.05.18 22:33:16.308,1.4288,1.42905,1.00,1.00
2010.05.18 22:33:20.005,1.42885,1.42905,1.00,1.00
2010.05.18 22:33:20.629,1.42885,1.42905,1.00,1.00
2010.05.18 22:33:21.350,1.42885,1.42905,1.00,1.00
2010.05.18 22:33:22.192,1.4288,1.42905,1.00,1.00
2010.05.18 22:33:23.030,1.42885,1.42905,1.80,1.00
2010.05.18 22:33:23.301,1.42885,1.42905,1.40,1.00
2010.05.18 22:33:23.612,1.42895,1.4291,1.00,3.20
2010.05.18 22:33:23.922,1.42895,1.42915,1.00,1.00
2010.05.18 22:33:24.232,1.4289,1.42915,2.70,1.00
2010.05.18 22:33:24.411,1.4289,1.42915,1.00,1.00
2010.05.18 22:33:25.542,1.42885,1.42915,3.50,1.00
2010.05.18 22:33:25.790,1.42885,1.42915,3.10,1.00
2010.05.18 22:33:26.956,1.42885,1.42915,3.10,1.00
2010.05.18 22:33:27.303,1.42895,1.4292,1.00,1.00
2010.05.18 22:33:27.644,1.4292,1.42925,1.00,1.00
2010.05.18 22:33:27.843,1.4291,1.42935,1.00,1.00
2010.05.18 22:33:28.044,1.4291,1.4294,1.00,1.00
2010.05.18 22:33:28.243,1.429,1.42935,1.00,1.00
2010.05.18 22:33:28.938,1.4289,1.42935,5.40,1.00
2010.05.18 22:33:29.244,1.4289,1.42935,3.80,1.00
2010.05.18 22:33:30.151,1.4289,1.4293,3.80,1.00
2010.05.18 22:33:30.901,1.4289,1.42925,3.80,1.00
2010.05.18 22:33:31.050,1.4289,1.42925,3.20,1.00
2010.05.18 22:33:34.189,1.429,1.4292,1.00,1.00
2010.05.18 22:33:34.401,1.4291,1.4293,1.00,1.00
2010.05.18 22:33:34.491,1.4291,1.42935,1.60,1.00
2010.05.18 22:33:34.583,1.4291,1.4292,1.00,1.00
2010.05.18 22:33:34.671,1.429,1.4292,1.00,1.00
2010.05.18 22:33:34.761,1.42885,1.4292,3.20,1.00
2010.05.18 22:33:34.850,1.42885,1.42925,3.20,1.00
2010.05.18 22:33:35.882,1.42885,1.4291,3.20,1.00
2010.05.18 22:33:36.090,1.42885,1.4291,3.20,1.00
2010.05.18 22:33:36.301,1.42885,1.4291,2.40,1.00
2010.05.18 22:33:36.513,1.42905,1.4293,1.00,1.00
2010.05.18 22:33:36.724,1.42905,1.4292,1.00,1.00
2010.05.18 22:33:37.024,1.4291,1.4292,1.00,1.00
2010.05.18 22:33:37.839,1.42915,1.4294,2.70,1.00
2010.05.18 22:33:38.042,1.42915,1.4294,2.40,1.00
2010.05.18 22:33:38.254,1.4292,1.4294,2.70,1.00
2010.05.18 22:33:38.661,1.4292,1.4294,2.40,1.00
2010.05.18 22:33:38.871,1.4291,1.4294,2.70,1.00
2010.05.18 22:33:39.211,1.4291,1.42935,1.00,1.00
2010.05.18 22:33:40.085,1.4291,1.42935,2.70,1.00
2010.05.18 22:33:41.231,1.42915,1.42945,1.50,1.00
2010.05.18 22:33:41.351,1.42915,1.4295,4.20,1.00
2010.05.18 22:33:41.592,1.42925,1.42955,1.20,1.00
2010.05.18 22:33:41.950,1.42925,1.4295,1.00,1.00
2010.05.18 22:33:42.688,1.42925,1.42955,1.00,1.00
2010.05.18 22:33:43.011,1.4293,1.42955,1.00,1.00
2010.05.18 22:33:43.931,1.42935,1.4296,1.00,1.60
2010.05.18 22:33:44.685,1.4295,1.4297,1.00,1.00
2010.05.18 22:33:44.846,1.4295,1.4297,1.00,1.00
2010.05.18 22:33:45.000,1.42945,1.4297,1.00,1.00
2010.05.18 22:33:45.599,1.42955,1.4297,1.00,1.00
2010.05.18 22:33:45.751,1.42955,1.4297,1.00,1.00
2010.05.18 22:33:46.241,1.4296,1.42985,1.00,1.00
2010.05.18 22:33:47.413,1.4296,1.42975,1.00,1.00
2010.05.18 22:33:49.241,1.4296,1.42985,1.00,1.00
2010.05.18 22:33:53.839,1.4296,1.42985,1.00,1.00
2010.05.18 22:33:55.108,1.4296,1.42985,1.00,1.00
2010.05.18 22:33:55.789,1.4296,1.42985,1.00,1.20
2010.05.18 22:33:58.139,1.4296,1.4298,1.00,1.00
2010.05.18 22:34:01.063,1.4296,1.42985,1.00,1.00
2010.05.18 22:34:01.349,1.4296,1.42985,1.00,1.00
2010.05.18 22:34:05.700,1.42955,1.42985,1.00,1.00
2010.05.18 22:34:06.249,1.4296,1.42985,1.00,1.00
2010.05.18 22:34:06.680,1.4296,1.42985,1.00,1.00
2010.05.18 22:34:09.222,1.4294,1.42965,2.90,1.00
2010.05.18 22:34:09.500,1.42945,1.42985,1.00,1.00
2010.05.18 22:34:09.640,1.42955,1.4298,1.00,1.00
2010.05.18 22:34:11.011,1.42955,1.4298,1.00,1.00
2010.05.18 22:34:12.499,1.42955,1.42975,1.00,1.00
2010.05.18 22:34:12.579,1.42955,1.42975,1.00,1.00
2010.05.18 22:34:12.829,1.4295,1.42975,1.00,1.00
2010.05.18 22:34:14.020,1.4295,1.42975,1.00,1.00
2010.05.18 22:34:14.980,1.4295,1.42975,1.00,1.00
2010.05.18 22:34:15.050,1.4295,1.42975,1.00,1.00
2010.05.18 22:34:15.120,1.42955,1.42975,1.00,1.00
2010.05.18 22:34:15.309,1.4295,1.42975,1.00,1.00
2010.05.18 22:34:16.590,1.42955,1.42975,1.00,1.00
2010.05.18 22:34:17.129,1.42955,1.4298,1.00,1.00
2010.05.18 22:34:17.492,1.4296,1.4298,1.00,1.00
2010.05.18 22:34:20.950,1.4296,1.42975,1.00,1.00
2010.05.18 22:34:21.487,1.4296,1.4298,1.00,1.00
2010.05.18 22:34:25.972,1.4296,1.42975,1.00,1.00
2010.05.18 22:34:26.299,1.4296,1.42975,1.00,1.00
2010.05.18 22:34:27.743,1.4295,1.42975,1.00,1.00
2010.05.18 22:34:28.011,1.4295,1.42975,1.00,1.00
2010.05.18 22:34:28.284,1.4295,1.4297,1.00,1.00
2010.05.18 22:34:31.691,1.4295,1.42975,1.00,1.00
2010.05.18 22:34:31.910,1.42955,1.42975,1.00,1.00
2010.05.18 22:34:33.375,1.42955,1.42975,1.00,1.00
2010.05.18 22:34:33.544,1.42955,1.42975,1.00,1.00
2010.05.18 22:34:35.879,1.42955,1.42975,1.00,1.00
2010.05.18 22:34:36.094,1.42955,1.42975,1.00,1.00
2010.05.18 22:34:37.560,1.4296,1.42975,1.00,1.00
2010.05.18 22:34:38.298,1.4296,1.42975,1.00,1.00
2010.05.18 22:34:38.555,1.4294,1.42965,4.00,1.00
2010.05.18 22:34:38.730,1.42955,1.42965,1.00,1.00
2010.05.18 22:34:38.910,1.4295,1.42975,1.00,1.00
2010.05.18 22:34:40.970,1.4295,1.42965,1.00,1.00
2010.05.18 22:34:41.618,1.42935,1.42965,2.40,1.00
2010.05.18 22:34:41.862,1.42935,1.42965,2.40,1.00
2010.05.18 22:34:42.117,1.42935,1.4297,2.40,1.00
2010.05.18 22:34:53.029,1.42935,1.42965,2.40,1.00
2010.05.18 22:34:53.249,1.42935,1.42965,2.40,1.00
2010.05.18 22:34:54.266,1.42935,1.42965,2.40,1.00
2010.05.18 22:35:09.219,1.42935,1.4297,2.40,1.00
2010.05.18 22:35:10.319,1.42935,1.4297,2.80,1.00
2010.05.18 22:35:11.211,1.42935,1.4297,2.40,1.00
2010.05.18 22:35:11.630,1.42935,1.4297,2.40,1.00
2010.05.18 22:35:11.840,1.42935,1.4297,2.80,1.00
2010.05.18 22:35:13.730,1.42935,1.42955,2.40,1.00
2010.05.18 22:35:13.921,1.42935,1.42955,2.30,1.00
2010.05.18 22:35:14.110,1.42935,1.42955,1.50,1.00
2010.05.18 22:35:15.480,1.4294,1.42955,1.00,1.00
2010.05.18 22:35:15.740,1.4294,1.42955,1.00,1.00
2010.05.18 22:35:16.216,1.4294,1.4297,1.00,1.00
2010.05.18 22:35:16.722,1.42935,1.4297,1.50,1.00
2010.05.18 22:35:26.589,1.4294,1.4297,1.00,1.00
2010.05.18 22:35:27.394,1.42935,1.4297,1.90,1.00
2010.05.18 22:35:36.386,1.42935,1.4297,1.50,1.00
2010.05.18 22:35:39.120,1.4294,1.4297,1.00,1.00
2010.05.18 22:35:39.300,1.42935,1.4297,1.50,1.00
2010.05.18 22:35:40.508,1.42935,1.42965,1.50,1.00
2010.05.18 22:35:43.250,1.4294,1.42965,1.00,1.00
2010.05.18 22:35:43.369,1.42935,1.42965,1.50,1.00
2010.05.18 22:35:44.273,1.42935,1.42965,1.90,1.00
2010.05.18 22:35:47.310,1.4294,1.42965,1.00,1.00
2010.05.18 22:35:47.500,1.42935,1.42965,1.90,1.00
2010.05.18 22:35:50.684,1.42935,1.4297,2.10,1.00
2010.05.18 22:35:52.149,1.42935,1.4297,2.20,1.00
2010.05.18 22:35:56.070,1.42935,1.4297,2.60,1.00
2010.05.18 22:36:09.639,1.42935,1.4297,5.00,1.00
2010.05.18 22:36:09.986,1.4295,1.4298,1.00,1.00
2010.05.18 22:36:11.330,1.4295,1.4298,1.00,1.00
2010.05.18 22:36:11.409,1.4295,1.4298,1.00,1.00
2010.05.18 22:36:11.691,1.42955,1.4298,1.00,1.00
2010.05.18 22:36:13.091,1.4295,1.4298,1.00,1.00
2010.05.18 22:36:53.180,1.4294,1.4298,4.90,1.00
2010.05.18 22:36:58.029,1.4294,1.4298,5.30,1.00
2010.05.18 22:36:58.560,1.4294,1.4298,4.90,1.00
2010.05.18 22:36:58.740,1.4295,1.4298,1.00,1.00
2010.05.18 22:36:59.280,1.42955,1.4298,1.00,1.00
2010.05.18 22:37:00.420,1.4295,1.4298,1.00,1.00
2010.05.18 22:37:02.250,1.4294,1.4298,5.70,1.00
2010.05.18 22:37:03.891,1.4294,1.4298,5.60,1.00
2010.05.18 22:37:04.491,1.42945,1.4298,1.00,1.00
2010.05.18 22:37:06.054,1.42945,1.42975,1.00,1.00
2010.05.18 22:37:09.980,1.42945,1.4298,1.00,1.00
2010.05.18 22:37:10.324,1.42955,1.42985,1.00,1.00
2010.05.18 22:37:11.100,1.42955,1.42985,1.00,1.00
2010.05.18 22:37:11.314,1.4295,1.42985,1.60,1.00
2010.05.18 22:37:11.521,1.4295,1.42985,1.00,1.00
2010.05.18 22:37:12.090,1.4295,1.4298,1.00,1.00
2010.05.18 22:37:17.103,1.4295,1.42985,1.00,1.00
2010.05.18 22:37:18.093,1.42945,1.42965,1.00,1.00
2010.05.18 22:37:18.807,1.4292,1.42955,1.00,1.00
2010.05.18 22:37:19.050,1.42915,1.4295,1.00,1.00
2010.05.18 22:37:19.298,1.42905,1.4294,1.00,1.00
2010.05.18 22:37:19.544,1.429,1.42935,1.00,1.00
2010.05.18 22:37:19.784,1.429,1.4293,1.00,1.00
2010.05.18 22:37:20.454,1.42895,1.4293,2.00,1.00
2010.05.18 22:37:21.931,1.429,1.4293,1.00,1.00
2010.05.18 22:37:29.039,1.42905,1.4293,1.00,1.00
2010.05.18 22:37:29.245,1.42905,1.42935,1.00,1.00
2010.05.18 22:37:29.451,1.42905,1.42935,1.10,1.00
2010.05.18 22:37:30.610,1.42905,1.42935,1.00,1.00
2010.05.18 22:37:31.240,1.42905,1.42935,1.00,1.00
2010.05.18 22:37:31.631,1.4291,1.42935,1.00,1.00
2010.05.18 22:37:31.760,1.42915,1.42935,1.00,1.00
2010.05.18 22:37:31.890,1.42915,1.42935,1.00,1.00
2010.05.18 22:37:32.021,1.42915,1.42925,1.00,1.00
2010.05.18 22:37:32.676,1.4289,1.4292,1.60,1.00
2010.05.18 22:37:33.460,1.42895,1.4292,1.00,1.00
2010.05.18 22:37:34.712,1.42895,1.4292,1.00,1.00
2010.05.18 22:37:35.053,1.42895,1.4292,1.00,1.00
2010.05.18 22:37:38.329,1.42895,1.4292,1.00,1.00
2010.05.18 22:37:38.631,1.4289,1.42915,1.00,1.00
2010.05.18 22:37:39.439,1.4289,1.42915,1.00,1.00
2010.05.18 22:37:40.480,1.4289,1.4292,1.00,1.00
2010.05.18 22:37:42.900,1.4289,1.42905,1.00,1.00
2010.05.18 22:37:43.082,1.42885,1.42905,1.00,1.00
2010.05.18 22:37:49.384,1.42875,1.42905,3.30,1.00
2010.05.18 22:37:49.512,1.42875,1.42905,1.00,1.00
2010.05.18 22:37:49.642,1.4287,1.429,2.80,1.00
2010.05.18 22:37:49.773,1.4287,1.42895,1.00,1.00
2010.05.18 22:37:49.901,1.4287,1.42895,1.00,1.00
2010.05.18 22:37:50.031,1.4287,1.4289,1.00,1.00
2010.05.18 22:37:50.594,1.4287,1.42895,1.00,1.00
2010.05.18 22:37:53.609,1.42865,1.42895,1.00,1.00
2010.05.18 22:37:55.881,1.42865,1.42895,1.00,1.00
2010.05.18 22:37:56.072,1.4286,1.42895,1.60,1.00
2010.05.18 22:37:56.730,1.4286,1.42895,1.00,1.00
2010.05.18 22:37:56.912,1.4286,1.42895,1.00,1.00
2010.05.18 22:37:57.891,1.4286,1.42895,1.00,1.00
2010.05.18 22:37:58.510,1.42865,1.4289,1.00,1.00
2010.05.18 22:37:58.911,1.42865,1.42895,1.00,1.00
2010.05.18 22:37:59.651,1.4287,1.42895,1.00,1.00
2010.05.18 22:38:00.386,1.4287,1.4289,1.00,1.00
2010.05.18 22:38:00.671,1.4286,1.4289,1.60,1.00
2010.05.18 22:38:00.769,1.4286,1.42885,1.00,1.00
2010.05.18 22:38:01.219,1.4286,1.4289,1.00,1.00
2010.05.18 22:38:01.400,1.42865,1.4289,1.00,1.00
2010.05.18 22:38:02.512,1.4286,1.4289,1.00,1.00
2010.05.18 22:38:02.830,1.4286,1.4289,1.00,1.00
2010.05.18 22:38:03.150,1.4285,1.4289,2.20,1.00
2010.05.18 22:38:03.700,1.4286,1.4289,1.00,1.00
2010.05.18 22:38:05.809,1.42855,1.4289,1.00,1.00
2010.05.18 22:38:06.200,1.4286,1.4289,1.00,1.00
2010.05.18 22:38:07.533,1.4286,1.4289,1.00,1.00
2010.05.18 22:38:09.049,1.4286,1.4289,1.00,1.00
2010.05.18 22:38:09.191,1.4286,1.4289,1.00,1.00
2010.05.18 22:38:09.863,1.42865,1.4289,1.00,1.00
2010.05.18 22:38:10.121,1.42865,1.4289,1.00,1.00
2010.05.18 22:38:11.050,1.42865,1.4289,1.00,1.00
2010.05.18 22:38:11.210,1.4286,1.4289,1.00,1.00
2010.05.18 22:38:11.540,1.4286,1.4289,1.00,1.00
2010.05.18 22:38:11.710,1.4286,1.4289,1.00,1.00
2010.05.18 22:38:11.870,1.4286,1.4289,1.00,1.00
2010.05.18 22:38:30.001,1.4285,1.4289,1.40,1.00
2010.05.18 22:38:33.116,1.4285,1.4289,1.60,1.00
2010.05.18 22:38:33.420,1.4285,1.4289,1.80,1.00
2010.05.18 22:38:39.992,1.4285,1.4289,1.90,1.00
2010.05.18 22:38:40.670,1.42855,1.4289,1.00,1.00
2010.05.18 22:38:42.061,1.4285,1.4289,1.80,1.00
2010.05.18 22:39:02.024,1.4286,1.4289,1.00,1.00
2010.05.18 22:39:02.087,1.4286,1.4289,1.00,1.00
2010.05.18 22:39:02.109,1.4286,1.4289,1.00,1.00
2010.05.18 22:39:03.373,1.4286,1.4289,1.00,1.00
2010.05.18 22:39:03.460,1.4287,1.4289,1.00,1.00
2010.05.18 22:39:09.600,1.4287,1.4289,1.00,1.00
2010.05.18 22:39:11.669,1.4287,1.4289,1.00,1.00
2010.05.18 22:39:12.980,1.4287,1.4289,1.00,1.00
2010.05.18 22:39:15.395,1.4287,1.4289,1.00,1.00
2010.05.18 22:39:15.687,1.4287,1.4289,1.00,1.00
2010.05.18 22:39:27.379,1.4287,1.4289,1.00,1.00
2010.05.18 22:39:27.429,1.4287,1.4289,1.00,1.00
2010.05.18 22:39:28.902,1.42875,1.42895,1.20,1.00
2010.05.18 22:39:29.152,1.42875,1.429,1.20,1.00
2010.05.18 22:39:29.372,1.4287,1.429,2.20,1.00
2010.05.18 22:39:29.592,1.4287,1.4289,1.70,1.00
2010.05.18 22:39:30.443,1.42865,1.4289,1.00,1.00
2010.05.18 22:39:30.540,1.4285,1.4289,1.80,1.00
2010.05.18 22:39:31.110,1.42855,1.4289,1.00,1.00
2010.05.18 22:39:31.650,1.4285,1.4289,1.80,1.00
2010.05.18 22:39:32.750,1.42855,1.4289,1.00,1.00
2010.05.18 22:39:32.961,1.42855,1.4289,1.00,1.00
2010.05.18 22:39:35.060,1.42855,1.4289,1.60,1.00
2010.05.18 22:39:37.079,1.42855,1.4289,1.00,1.00
2010.05.18 22:39:38.041,1.42855,1.4289,1.00,1.00
2010.05.18 22:39:38.300,1.4285,1.4289,2.80,1.00
2010.05.18 22:39:41.077,1.4285,1.4289,2.60,1.00
2010.05.18 22:39:41.118,1.4285,1.4289,2.40,1.00
2010.05.18 22:39:48.470,1.42855,1.4289,1.00,1.00
2010.05.18 22:39:48.750,1.4286,1.4289,2.90,1.00
2010.05.18 22:39:48.940,1.4287,1.4289,1.00,1.00
2010.05.18 22:39:52.965,1.4287,1.4289,1.00,1.00
2010.05.18 22:39:59.060,1.4287,1.4289,1.00,1.00
2010.05.18 22:39:59.341,1.42855,1.4289,1.00,1.00
2010.05.18 22:40:03.370,1.4286,1.4289,1.00,1.00
2010.05.18 22:40:04.933,1.4286,1.4289,1.00,1.00
2010.05.18 22:40:05.005,1.42855,1.4289,1.00,1.00
2010.05.18 22:40:15.931,1.42855,1.4288,1.20,1.00
2010.05.18 22:40:20.180,1.4286,1.4288,1.00,1.00
2010.05.18 22:40:20.460,1.4286,1.4288,1.00,1.00
2010.05.18 22:40:22.145,1.4286,1.4289,1.00,1.00
2010.05.18 22:40:22.350,1.4286,1.4289,1.00,1.00
2010.05.18 22:40:22.431,1.42855,1.4289,1.00,1.00
2010.05.18 22:40:22.514,1.42855,1.4289,1.00,1.00
2010.05.18 22:40:23.325,1.4286,1.4289,1.00,1.00
2010.05.18 22:40:23.660,1.4286,1.4289,1.00,1.00
2010.05.18 22:40:27.600,1.42865,1.4289,1.00,1.00
2010.05.18 22:40:30.240,1.4286,1.4289,1.00,1.00
2010.05.18 22:40:30.541,1.42885,1.42905,1.00,1.00
2010.05.18 22:40:31.196,1.42885,1.4291,1.00,3.30
2010.05.18 22:40:31.437,1.42885,1.4291,1.30,3.30
2010.05.18 22:40:32.883,1.42885,1.429,1.00,1.00
2010.05.18 22:40:33.051,1.42885,1.4289,1.00,1.00
2010.05.18 22:40:36.985,1.4286,1.4289,1.50,1.00
2010.05.18 22:40:37.110,1.4286,1.4289,1.10,1.00
2010.05.18 22:40:37.170,1.4286,1.4289,1.00,1.00
2010.05.18 22:40:37.359,1.4286,1.4289,1.00,1.00
2010.05.18 22:40:51.499,1.4286,1.4289,1.00,1.00
2010.05.18 22:40:51.610,1.4286,1.4289,1.00,1.00
2010.05.18 22:40:53.849,1.4286,1.4289,1.00,1.00
2010.05.18 22:40:53.930,1.4286,1.4289,1.00,1.00
2010.05.18 22:40:54.181,1.4286,1.4289,1.00,1.00
2010.05.18 22:40:54.339,1.4286,1.4289,1.00,1.00
2010.05.18 22:40:56.320,1.4286,1.4289,1.00,1.00
2010.05.18 22:40:56.685,1.4286,1.4289,1.00,1.00
2010.05.18 22:40:56.786,1.4286,1.4289,1.00,1.00
2010.05.18 22:40:58.620,1.4286,1.4289,1.00,1.00
2010.05.18 22:40:58.679,1.4286,1.4289,1.00,1.00
2010.05.18 22:40:59.725,1.4286,1.4289,1.00,1.00
2010.05.18 22:41:01.750,1.4286,1.4289,1.00,1.00
2010.05.18 22:41:02.725,1.4286,1.4289,1.00,1.00
2010.05.18 22:41:03.249,1.42865,1.4289,1.00,1.00
2010.05.18 22:41:03.597,1.42865,1.4289,1.20,1.00
2010.05.18 22:41:04.380,1.42865,1.4289,1.00,1.00
2010.05.18 22:41:06.730,1.4287,1.4289,1.00,1.00
2010.05.18 22:41:06.850,1.4287,1.4289,1.00,1.00
2010.05.18 22:41:08.389,1.4288,1.4289,1.00,1.00
2010.05.18 22:41:08.471,1.4288,1.4289,1.00,1.00
2010.05.18 22:41:08.841,1.4288,1.42905,1.00,1.00
2010.05.18 22:41:09.273,1.4288,1.4291,1.00,4.20
2010.05.18 22:41:09.612,1.42885,1.4291,1.00,4.20
2010.05.18 22:41:11.596,1.4288,1.4291,1.00,4.20
2010.05.18 22:41:16.200,1.4289,1.4291,1.00,4.20
2010.05.18 22:41:16.300,1.4289,1.4291,1.00,4.20
2010.05.18 22:41:17.569,1.4289,1.4291,1.00,4.20
2010.05.18 22:41:17.660,1.42885,1.4291,1.00,4.20
2010.05.18 22:41:18.040,1.42885,1.4291,1.00,4.00
2010.05.18 22:41:18.132,1.42885,1.4291,1.00,3.20
2010.05.18 22:41:18.221,1.42885,1.4291,1.00,3.20
2010.05.18 22:41:18.311,1.42885,1.4291,1.00,4.80
2010.05.18 22:41:18.401,1.42885,1.4291,1.00,6.40
2010.05.18 22:41:18.741,1.4289,1.4291,1.00,6.40
2010.05.18 22:41:19.579,1.42895,1.4291,1.00,6.40
2010.05.18 22:41:19.735,1.4289,1.4291,1.00,6.40
2010.05.18 22:41:20.182,1.42895,1.4291,1.00,6.40
2010.05.18 22:41:21.402,1.4288,1.42905,1.00,1.00
2010.05.18 22:41:21.742,1.4288,1.42905,1.00,1.00
2010.05.18 22:41:21.872,1.4288,1.429,1.00,1.00
2010.05.18 22:41:23.621,1.4287,1.429,1.00,1.00
2010.05.18 22:41:23.962,1.4288,1.429,1.00,1.00
2010.05.18 22:41:25.396,1.4286,1.429,1.00,1.00
2010.05.18 22:41:27.292,1.4286,1.429,1.00,1.00
2010.05.18 22:41:27.570,1.42865,1.429,1.00,1.00
2010.05.18 22:41:27.712,1.4286,1.429,1.00,1.00
2010.05.18 22:41:28.270,1.42865,1.429,1.00,1.00
2010.05.18 22:41:29.590,1.4287,1.429,1.00,1.00
2010.05.18 22:41:30.154,1.4288,1.429,1.00,1.00
2010.05.18 22:41:30.317,1.4288,1.42905,1.00,1.00
2010.05.18 22:41:32.820,1.4289,1.42905,1.00,1.00
2010.05.18 22:41:34.271,1.42895,1.42905,1.00,1.00
2010.05.18 22:41:34.516,1.4289,1.4291,1.00,6.40
2010.05.18 22:41:34.858,1.4289,1.4291,1.00,6.40
2010.05.18 22:41:36.193,1.4289,1.4291,1.00,6.40
2010.05.18 22:41:36.361,1.42895,1.4291,1.00,6.40
2010.05.18 22:41:36.701,1.4289,1.4291,1.00,6.40
2010.05.18 22:41:37.152,1.4289,1.4291,1.00,7.20
2010.05.18 22:41:38.100,1.4289,1.4291,1.00,7.20
2010.05.18 22:41:38.381,1.4289,1.4291,1.00,7.20
2010.05.18 22:41:38.664,1.4287,1.42905,1.00,1.00
2010.05.18 22:41:40.883,1.4287,1.42905,1.20,1.00
2010.05.18 22:41:41.804,1.4288,1.4291,1.00,4.80
2010.05.18 22:41:43.005,1.4288,1.4291,1.20,4.80
2010.05.18 22:41:43.794,1.4288,1.42905,1.00,1.00
2010.05.18 22:41:45.832,1.42875,1.42905,1.00,1.00
2010.05.18 22:41:46.021,1.42875,1.429,1.00,1.00
2010.05.18 22:41:46.215,1.42875,1.42895,1.20,1.00
2010.05.18 22:41:46.407,1.42875,1.42895,1.00,1.00
2010.05.18 22:41:46.604,1.4288,1.42895,1.00,1.00
2010.05.18 22:41:48.542,1.4287,1.42895,1.20,1.00
2010.05.18 22:41:49.328,1.4287,1.42895,1.00,1.00
2010.05.18 22:41:49.953,1.4287,1.4289,1.00,1.00
2010.05.18 22:41:50.161,1.4287,1.42885,1.00,1.00
2010.05.18 22:41:53.162,1.4288,1.4289,1.00,1.00
2010.05.18 22:41:54.146,1.4288,1.42895,1.00,1.00
2010.05.18 22:41:54.661,1.4288,1.42895,1.00,1.00
2010.05.18 22:41:54.733,1.4287,1.42895,1.00,1.00
2010.05.18 22:41:54.871,1.4287,1.4289,1.00,1.00
2010.05.18 22:41:55.451,1.4287,1.42885,1.00,1.00
2010.05.18 22:41:58.231,1.4287,1.42885,1.00,1.00
2010.05.18 22:41:58.520,1.4286,1.42885,1.00,1.00
2010.05.18 22:41:59.353,1.4287,1.42885,1.00,1.00
2010.05.18 22:41:59.472,1.4287,1.42885,1.00,1.00
2010.05.18 22:42:00.980,1.4286,1.42885,1.00,1.00
2010.05.18 22:42:02.203,1.42865,1.42885,1.00,1.00
2010.05.18 22:42:02.778,1.42865,1.429,1.10,5.00
2010.05.18 22:42:02.916,1.4287,1.429,1.00,1.00
2010.05.18 22:42:04.572,1.4287,1.429,1.00,1.00
2010.05.18 22:42:04.763,1.42865,1.42895,1.00,1.00
2010.05.18 22:42:05.410,1.4286,1.4289,1.00,1.00
2010.05.18 22:42:05.712,1.4287,1.4289,1.00,1.00
2010.05.18 22:42:06.016,1.4287,1.42895,1.00,1.00
2010.05.18 22:42:06.295,1.42875,1.429,1.00,1.00
2010.05.18 22:42:07.102,1.4287,1.429,1.00,1.00
2010.05.18 22:42:08.077,1.4287,1.429,1.00,1.00
2010.05.18 22:42:09.012,1.4288,1.429,1.00,1.00
2010.05.18 22:42:09.194,1.4288,1.429,1.00,1.60
2010.05.18 22:42:09.422,1.4288,1.429,1.00,2.40
2010.05.18 22:42:11.781,1.42885,1.429,1.00,2.40
2010.05.18 22:42:11.924,1.42885,1.429,1.00,2.40
2010.05.18 22:42:11.991,1.42885,1.429,1.00,1.60
2010.05.18 22:42:18.802,1.4288,1.429,1.00,1.60
2010.05.18 22:42:19.283,1.42885,1.4291,1.00,3.20
2010.05.18 22:42:19.524,1.4289,1.4291,1.00,6.40
2010.05.18 22:42:20.132,1.42885,1.4291,1.00,3.20
2010.05.18 22:42:20.751,1.42885,1.4291,1.00,3.20
2010.05.18 22:42:20.830,1.42895,1.4291,1.00,3.20
2010.05.18 22:42:22.890,1.42895,1.4291,1.00,3.20
2010.05.18 22:42:23.472,1.42885,1.4291,1.00,4.00
2010.05.18 22:42:26.959,1.42885,1.4291,1.00,4.20
2010.05.18 22:42:40.902,1.42885,1.4291,1.00,4.00
2010.05.18 22:42:41.200,1.42895,1.4291,1.00,4.00
2010.05.18 22:42:41.392,1.42895,1.4291,1.00,4.00
2010.05.18 22:42:41.780,1.42895,1.4291,1.00,8.00
2010.05.18 22:42:45.589,1.42905,1.4292,1.00,2.40
2010.05.18 22:42:47.415,1.42905,1.4292,1.00,4.80
2010.05.18 22:42:53.124,1.42905,1.4292,1.00,4.00
2010.05.18 22:42:53.461,1.429,1.4292,1.00,3.20
2010.05.18 22:42:54.851,1.429,1.4292,1.00,2.40
2010.05.18 22:42:54.941,1.429,1.4292,1.00,1.60
2010.05.18 22:42:55.751,1.42905,1.4293,1.00,9.60
2010.05.18 22:42:56.008,1.42895,1.42925,1.10,1.00
2010.05.18 22:43:01.067,1.429,1.4292,1.00,4.00
2010.05.18 22:43:01.243,1.429,1.4292,1.00,8.00
2010.05.18 22:43:01.410,1.429,1.42915,1.00,1.00
2010.05.18 22:43:03.326,1.4289,1.42915,1.00,1.00
2010.05.18 22:43:03.852,1.42895,1.42915,1.00,1.00
2010.05.18 22:43:09.124,1.42895,1.42915,1.00,1.00
2010.05.18 22:43:11.592,1.42895,1.42915,1.30,1.00
2010.05.18 22:43:11.772,1.429,1.42915,1.00,1.00
2010.05.18 22:43:14.701,1.429,1.4292,1.00,8.00
2010.05.18 22:43:17.164,1.429,1.4292,1.40,1.00
2010.05.18 22:43:17.809,1.429,1.42925,1.40,1.00
2010.05.18 22:43:17.918,1.42905,1.42925,1.00,1.00
2010.05.18 22:43:19.532,1.429,1.42925,1.40,1.00
2010.05.18 22:43:20.134,1.42905,1.42925,1.00,1.00
2010.05.18 22:43:20.360,1.429,1.42925,1.30,1.00
2010.05.18 22:43:26.095,1.429,1.42925,1.70,1.00
2010.05.18 22:43:27.203,1.429,1.42925,1.60,1.00
2010.05.18 22:43:27.540,1.429,1.42925,1.20,1.00
2010.05.18 22:43:29.123,1.429,1.42925,1.50,1.00
2010.05.18 22:43:29.463,1.429,1.42925,1.00,1.00
2010.05.18 22:43:31.061,1.42905,1.42925,1.00,1.00
2010.05.18 22:43:34.251,1.429,1.42925,1.30,1.00
2010.05.18 22:43:34.783,1.429,1.4292,1.30,1.00
2010.05.18 22:43:35.173,1.429,1.42925,1.20,1.00
2010.05.18 22:43:35.444,1.429,1.42925,1.00,1.00
2010.05.18 22:43:40.610,1.429,1.4292,1.20,1.00
2010.05.18 22:43:41.109,1.429,1.42925,1.20,1.00
2010.05.18 22:43:41.193,1.4291,1.42925,1.00,1.00
2010.05.18 22:43:42.005,1.42905,1.42925,1.60,1.00
2010.05.18 22:43:42.573,1.4291,1.4293,1.00,4.00
2010.05.18 22:43:43.474,1.42915,1.42935,1.00,2.90
2010.05.18 22:43:44.832,1.42915,1.42935,1.00,2.80
2010.05.18 22:43:45.851,1.42915,1.42935,1.00,1.60
2010.05.18 22:43:46.256,1.42915,1.42935,1.00,1.00
2010.05.18 22:43:46.467,1.42925,1.42955,1.00,1.00
2010.05.18 22:43:46.893,1.4292,1.42955,1.00,1.00
2010.05.18 22:43:47.582,1.4292,1.4296,1.00,1.00
2010.05.18 22:43:48.562,1.4292,1.4296,1.00,1.00
2010.05.18 22:43:48.742,1.4293,1.4296,1.00,1.00
2010.05.18 22:43:50.473,1.4293,1.42955,1.00,1.00
2010.05.18 22:43:58.600,1.4292,1.42955,1.00,1.00
2010.05.18 22:44:00.481,1.4292,1.42955,1.00,1.00
2010.05.18 22:44:01.101,1.4292,1.42955,1.00,1.00
2010.05.18 22:44:01.384,1.4292,1.4295,1.00,1.00
2010.05.18 22:44:01.561,1.4292,1.42945,1.00,2.40
2010.05.18 22:44:01.601,1.4292,1.4294,1.00,4.00
2010.05.18 22:44:01.642,1.4292,1.42935,1.00,1.00
2010.05.18 22:44:02.051,1.4292,1.4293,1.00,1.00
2010.05.18 22:44:03.606,1.4291,1.4293,1.00,1.00
2010.05.18 22:44:11.886,1.4291,1.42935,1.00,1.00
2010.05.18 22:44:11.991,1.4291,1.42935,1.00,1.00
2010.05.18 22:44:13.801,1.4291,1.42935,1.30,1.00
2010.05.18 22:44:14.725,1.4292,1.42935,1.00,1.00
2010.05.18 22:44:14.831,1.4292,1.42935,1.00,1.00
2010.05.18 22:44:18.891,1.4292,1.42935,1.00,1.00
2010.05.18 22:44:19.041,1.4292,1.4293,1.00,1.00
2010.05.18 22:44:27.292,1.4292,1.4293,1.00,1.00
2010.05.18 22:44:36.484,1.4292,1.4293,1.00,1.00
2010.05.18 22:44:36.995,1.4291,1.4293,1.00,1.00
2010.05.18 22:44:37.341,1.4291,1.42935,1.00,1.00
2010.05.18 22:44:39.784,1.4291,1.42935,1.00,1.00
2010.05.18 22:44:40.721,1.4291,1.4293,1.00,1.00
2010.05.18 22:44:41.018,1.4291,1.4293,1.00,1.00
2010.05.18 22:44:45.801,1.4291,1.4293,1.30,1.00
2010.05.18 22:44:47.912,1.42915,1.4293,1.00,1.00
2010.05.18 22:44:48.023,1.42915,1.42935,1.00,1.00
2010.05.18 22:44:53.375,1.4291,1.42935,1.00,1.00
2010.05.18 22:44:58.060,1.4291,1.42935,1.30,1.00
2010.05.18 22:44:59.221,1.4291,1.42935,1.00,1.00
2010.05.18 22:44:59.978,1.4291,1.42935,1.10,1.00
2010.05.18 22:45:00.131,1.4291,1.42935,1.30,1.00
2010.05.18 22:45:01.941,1.4291,1.42935,1.00,1.00
2010.05.18 22:45:02.583,1.4291,1.42935,1.30,1.00
2010.05.18 22:45:03.306,1.4291,1.42935,1.20,1.00
2010.05.18 22:45:04.331,1.4291,1.42935,1.00,1.00
2010.05.18 22:45:04.571,1.4291,1.42935,1.00,1.00
2010.05.18 22:45:05.052,1.4291,1.42935,1.20,1.00
2010.05.18 22:45:07.471,1.4291,1.42935,1.00,1.00
2010.05.18 22:45:09.453,1.42905,1.42945,1.00,1.00
2010.05.18 22:45:10.358,1.42925,1.4296,1.00,1.00
2010.05.18 22:45:10.572,1.42925,1.4296,1.00,1.00
2010.05.18 22:45:33.511,1.42925,1.42965,1.00,1.00
2010.05.18 22:45:34.961,1.4293,1.4297,1.00,1.00
2010.05.18 22:45:38.312,1.4293,1.42965,1.00,1.00
2010.05.18 22:45:38.424,1.4293,1.42965,1.00,1.00
2010.05.18 22:45:38.711,1.4293,1.4296,1.00,1.00
2010.05.18 22:45:39.081,1.4293,1.42965,1.00,1.00
2010.05.18 22:45:39.792,1.4293,1.42965,1.00,1.00
2010.05.18 22:45:41.826,1.4293,1.42965,1.00,1.00
2010.05.18 22:45:41.941,1.4293,1.42965,1.00,1.00
2010.05.18 22:45:47.160,1.42935,1.42975,1.00,1.00
2010.05.18 22:45:47.361,1.42935,1.42975,1.00,1.00
2010.05.18 22:45:49.082,1.4294,1.4297,1.00,1.00
2010.05.18 22:45:54.262,1.4294,1.42975,1.00,1.00
2010.05.18 22:45:54.473,1.4294,1.42975,1.00,1.00
2010.05.18 22:45:54.711,1.4294,1.42975,1.00,1.00
2010.05.18 22:45:55.620,1.4294,1.4297,1.00,1.00
2010.05.18 22:45:59.210,1.4294,1.42975,1.00,1.00
2010.05.18 22:45:59.471,1.4294,1.42975,1.00,1.00
2010.05.18 22:45:59.580,1.4294,1.42975,1.00,1.00
2010.05.18 22:45:59.680,1.4294,1.42975,1.00,1.00
2010.05.18 22:45:59.780,1.4294,1.42975,1.00,1.00
2010.05.18 22:45:59.880,1.4294,1.42975,1.00,1.00
2010.05.18 22:46:00.704,1.4294,1.4297,1.00,1.00
2010.05.18 22:46:01.893,1.4294,1.42975,1.00,1.00
2010.05.18 22:46:01.965,1.4294,1.42975,1.00,1.00
2010.05.18 22:46:02.140,1.4294,1.42975,1.00,1.00
2010.05.18 22:46:04.105,1.42945,1.42975,1.00,1.00
2010.05.18 22:46:04.254,1.4294,1.42975,1.00,1.00
2010.05.18 22:46:11.021,1.4294,1.42975,1.00,1.00
2010.05.18 22:46:11.251,1.4295,1.42975,1.00,1.00
2010.05.18 22:46:12.458,1.4295,1.4296,1.00,1.00
2010.05.18 22:46:14.962,1.4294,1.4296,1.00,1.00
2010.05.18 22:46:15.223,1.4294,1.42955,1.00,1.00
2010.05.18 22:46:15.921,1.42935,1.4296,1.00,1.00
2010.05.18 22:46:46.923,1.4293,1.42975,1.00,1.00
2010.05.18 22:47:05.097,1.4293,1.42975,1.10,1.00
2010.05.18 22:47:05.250,1.4293,1.42975,1.30,1.00
2010.05.18 22:47:07.236,1.4293,1.42975,1.10,1.00
2010.05.18 22:47:07.310,1.4293,1.42975,1.00,1.00
2010.05.18 22:47:08.539,1.4293,1.42975,1.10,1.00
2010.05.18 22:47:08.760,1.4293,1.42975,1.30,1.00
2010.05.18 22:47:10.491,1.4293,1.42975,1.00,1.00
2010.05.18 22:47:11.030,1.4293,1.42975,1.30,1.00
2010.05.18 22:47:12.911,1.4293,1.42975,1.00,1.00
2010.05.18 22:47:14.012,1.4293,1.42975,1.30,1.00
2010.05.18 22:47:15.359,1.4293,1.42975,1.10,1.00
2010.05.18 22:47:15.480,1.4293,1.42975,1.00,1.00
2010.05.18 22:47:15.960,1.4293,1.42975,1.10,1.00
2010.05.18 22:47:16.120,1.4293,1.42975,1.30,1.00
2010.05.18 22:47:18.260,1.4293,1.42975,1.10,1.00
2010.05.18 22:47:18.300,1.4293,1.42975,1.00,1.00
2010.05.18 22:47:18.455,1.4293,1.42975,1.10,1.00
2010.05.18 22:47:18.490,1.4293,1.42975,1.30,1.00
2010.05.18 22:47:20.430,1.4294,1.42975,1.00,1.00
2010.05.18 22:47:20.641,1.4294,1.42975,1.00,1.00
2010.05.18 22:47:22.502,1.4294,1.4297,1.00,1.00
2010.05.18 22:47:24.320,1.4294,1.42975,1.00,1.00
2010.05.18 22:47:30.238,1.4296,1.4298,1.00,4.90
2010.05.18 22:47:30.589,1.4296,1.4297,1.00,1.00
2010.05.18 22:47:30.945,1.4296,1.42975,1.00,1.00
2010.05.18 22:47:31.596,1.4296,1.42975,1.00,1.00
2010.05.18 22:47:31.874,1.4296,1.4298,1.00,1.00
2010.05.18 22:47:32.154,1.4296,1.42985,1.00,1.00
2010.05.18 22:47:32.432,1.4297,1.42985,1.00,1.00
2010.05.18 22:47:47.568,1.42955,1.4298,1.10,1.00
2010.05.18 22:47:47.768,1.4295,1.42975,1.00,1.00
2010.05.18 22:47:47.965,1.4294,1.42965,1.00,1.00
2010.05.18 22:47:52.796,1.4294,1.42965,1.00,1.00
2010.05.18 22:47:52.842,1.4294,1.42965,1.00,1.00
2010.05.18 22:48:04.376,1.4295,1.42965,1.00,1.00
2010.05.18 22:48:11.051,1.4296,1.4297,1.00,1.00
2010.05.18 22:48:16.422,1.4295,1.4297,1.00,1.00
2010.05.18 22:48:16.591,1.4295,1.42965,1.00,1.00
2010.05.18 22:48:19.430,1.4295,1.42965,1.00,1.00
2010.05.18 22:48:19.731,1.4295,1.42965,1.00,1.00
2010.05.18 22:48:19.885,1.4294,1.42965,1.00,1.00
2010.05.18 22:48:20.783,1.42945,1.4297,1.00,1.00
2010.05.18 22:48:20.923,1.42945,1.4297,1.00,1.00
2010.05.18 22:48:21.911,1.42945,1.4297,1.00,1.00
2010.05.18 22:48:25.801,1.42945,1.4297,1.00,1.00
2010.05.18 22:48:27.141,1.42945,1.4297,1.00,1.00
2010.05.18 22:48:28.241,1.42955,1.4297,1.00,1.00
2010.05.18 22:48:28.280,1.42955,1.42975,1.10,1.00
2010.05.18 22:48:30.427,1.42955,1.42975,1.20,1.00
2010.05.18 22:48:32.719,1.42955,1.42975,1.60,1.00
2010.05.18 22:48:34.290,1.42955,1.42975,1.50,1.00
2010.05.18 22:48:34.402,1.4295,1.42975,1.00,1.00
2010.05.18 22:48:34.632,1.4294,1.42965,1.00,1.00
2010.05.18 22:48:34.752,1.4294,1.42965,1.00,1.00
2010.05.18 22:48:47.553,1.42935,1.4296,1.00,1.00
2010.05.18 22:48:47.954,1.4293,1.42955,1.00,1.00
2010.05.18 22:48:49.555,1.42925,1.4295,1.20,1.00
2010.05.18 22:48:49.721,1.42925,1.4295,1.00,1.00
2010.05.18 22:48:54.942,1.4293,1.4295,1.00,1.00
2010.05.18 22:48:55.103,1.4293,1.4295,1.00,1.00
2010.05.18 22:49:00.208,1.4293,1.4295,1.00,1.00
2010.05.18 22:49:00.461,1.42925,1.4295,1.00,1.00
2010.05.18 22:49:04.226,1.4293,1.4295,1.00,1.00
2010.05.18 22:49:04.372,1.42935,1.4296,1.10,1.00
2010.05.18 22:49:04.972,1.4294,1.42965,1.00,1.00
2010.05.18 22:49:10.403,1.4294,1.42965,1.00,1.00
2010.05.18 22:49:10.571,1.4294,1.42965,1.00,1.00
2010.05.18 22:49:10.621,1.42935,1.4296,1.20,1.00
2010.05.18 22:49:13.456,1.42935,1.4296,1.00,1.00
2010.05.18 22:49:14.335,1.4294,1.42965,1.00,1.00
2010.05.18 22:49:15.937,1.42935,1.4296,1.00,1.00
2010.05.18 22:49:16.124,1.4293,1.42955,1.00,1.00
2010.05.18 22:49:20.501,1.42925,1.42945,1.00,1.00
2010.05.18 22:49:20.664,1.4292,1.42945,1.00,1.00
2010.05.18 22:49:20.992,1.4292,1.4294,1.00,1.00
2010.05.18 22:49:21.162,1.4292,1.4294,1.10,1.00
2010.05.18 22:49:21.331,1.4292,1.4294,1.00,1.00
2010.05.18 22:49:22.619,1.4291,1.4293,1.10,3.20
2010.05.18 22:49:22.763,1.42905,1.4293,1.20,3.20
2010.05.18 22:49:22.904,1.4292,1.4293,1.00,1.60
2010.05.18 22:49:23.046,1.42915,1.4294,1.00,1.00
2010.05.18 22:49:25.112,1.42915,1.4294,1.00,1.00
2010.05.18 22:49:26.465,1.42925,1.4295,1.00,1.60
2010.05.18 22:49:26.724,1.42925,1.42955,1.10,1.00
2010.05.18 22:49:26.985,1.42925,1.42955,1.00,1.00
2010.05.18 22:49:27.244,1.4293,1.4296,1.00,1.00
2010.05.18 22:49:27.729,1.42925,1.42955,1.00,1.00
2010.05.18 22:49:28.591,1.42925,1.42955,1.00,1.00
2010.05.18 22:49:40.130,1.42925,1.42955,1.00,1.00
2010.05.18 22:49:41.859,1.42925,1.42945,1.00,1.00
2010.05.18 22:49:42.122,1.42925,1.42955,1.00,1.00
2010.05.18 22:49:42.368,1.4293,1.42955,1.00,1.00
2010.05.18 22:49:42.601,1.4293,1.42955,1.00,1.00
2010.05.18 22:49:44.810,1.4293,1.42955,1.00,1.00
2010.05.18 22:49:45.042,1.42925,1.42955,1.00,1.00
2010.05.18 22:49:45.271,1.42925,1.42955,1.00,1.00
2010.05.18 22:49:46.127,1.4293,1.4296,1.00,1.00
2010.05.18 22:49:48.497,1.42925,1.42955,1.00,1.00
2010.05.18 22:49:57.280,1.4293,1.42955,1.00,1.00
2010.05.18 22:49:57.360,1.4293,1.42955,1.00,1.00
2010.05.18 22:49:59.772,1.4294,1.4296,1.00,1.00
2010.05.18 22:50:00.117,1.4294,1.42965,1.00,1.00
2010.05.18 22:50:02.395,1.4295,1.42965,1.00,1.00
2010.05.18 22:50:02.568,1.4295,1.42965,1.00,1.00
2010.05.18 22:50:10.522,1.42935,1.42965,1.00,1.00
2010.05.18 22:50:11.473,1.4293,1.4296,1.00,1.00
2010.05.18 22:50:11.686,1.42925,1.42955,1.00,1.00
2010.05.18 22:50:11.895,1.42925,1.42955,1.10,1.00
2010.05.18 22:50:12.550,1.42925,1.42955,1.00,1.00
2010.05.18 22:50:14.114,1.42925,1.42955,1.00,1.00
2010.05.18 22:50:15.181,1.42925,1.42955,1.00,1.00
2010.05.18 22:50:16.252,1.42925,1.42955,1.00,1.00
2010.05.18 22:50:16.490,1.42925,1.42955,1.00,1.00
2010.05.18 22:50:19.739,1.42925,1.4295,1.00,1.00
2010.05.18 22:50:30.441,1.42925,1.42945,1.00,1.00
2010.05.18 22:50:30.622,1.42915,1.42945,1.00,1.00
2010.05.18 22:50:30.764,1.42915,1.42945,1.00,1.00
2010.05.18 22:50:30.908,1.42915,1.4294,1.00,1.00
2010.05.18 22:50:31.057,1.42915,1.4294,1.00,1.00
2010.05.18 22:50:31.203,1.42915,1.4294,1.00,1.00
2010.05.18 22:50:36.092,1.42915,1.4294,1.00,1.00
2010.05.18 22:50:42.912,1.42915,1.4294,1.00,1.00
2010.05.18 22:50:43.225,1.429,1.42925,1.00,1.00
2010.05.18 22:50:43.533,1.42895,1.42925,1.00,1.00
2010.05.18 22:51:14.075,1.429,1.4293,1.00,1.00
2010.05.18 22:51:14.886,1.42895,1.42925,1.00,1.00
2010.05.18 22:51:17.920,1.429,1.4293,1.00,1.00
2010.05.18 22:51:31.590,1.429,1.42925,1.00,1.00
2010.05.18 22:51:31.754,1.42895,1.42925,1.00,1.00
2010.05.18 22:51:31.922,1.42895,1.42925,1.00,1.00
2010.05.18 22:51:34.067,1.42895,1.42925,1.00,1.00
2010.05.18 22:51:34.295,1.42895,1.42925,1.00,1.10
2010.05.18 22:51:35.486,1.42895,1.42925,1.00,1.00
2010.05.18 22:51:36.241,1.42895,1.42925,1.00,1.10
2010.05.18 22:51:37.092,1.42895,1.42925,1.00,1.00
2010.05.18 22:51:46.796,1.4289,1.4292,1.00,1.00
2010.05.18 22:51:47.075,1.4288,1.4291,1.00,1.00
2010.05.18 22:51:47.355,1.42875,1.42905,1.00,1.00
2010.05.18 22:51:47.633,1.42875,1.42905,1.00,1.00
2010.05.18 22:51:47.914,1.4287,1.429,1.00,1.00
2010.05.18 22:51:56.023,1.4287,1.429,1.00,1.00
2010.05.18 22:51:56.253,1.4287,1.429,1.00,1.00
2010.05.18 22:52:19.212,1.42865,1.42905,1.90,1.00
2010.05.18 22:52:19.673,1.4287,1.42905,1.00,1.00
2010.05.18 22:52:20.745,1.42875,1.42905,1.00,1.00
2010.05.18 22:52:23.083,1.42875,1.42905,1.00,1.00
2010.05.18 22:52:28.035,1.4288,1.42905,1.00,1.00
2010.05.18 22:52:28.184,1.42885,1.42905,1.00,1.00
2010.05.18 22:52:28.333,1.42885,1.42905,1.00,1.00
2010.05.18 22:52:28.773,1.42885,1.42915,1.00,1.00
2010.05.18 22:52:28.925,1.42895,1.42925,1.00,1.00
2010.05.18 22:52:29.154,1.429,1.4293,1.00,1.00
2010.05.18 22:52:37.061,1.429,1.4293,1.00,1.00
2010.05.18 22:52:41.322,1.429,1.42935,1.00,1.00
2010.05.18 22:52:41.484,1.42905,1.42935,1.00,1.00
2010.05.18 22:52:43.644,1.42905,1.42935,1.00,1.00
2010.05.18 22:52:43.943,1.42905,1.42935,1.30,1.00
2010.05.18 22:52:46.100,1.4291,1.42935,1.00,1.00
2010.05.18 22:52:58.193,1.4291,1.4293,1.00,1.00
2010.05.18 22:52:58.276,1.42905,1.4293,1.00,1.00
2010.05.18 22:53:02.003,1.42905,1.42925,1.00,1.00
2010.05.18 22:53:02.353,1.42905,1.4293,1.00,1.00
2010.05.18 22:53:05.722,1.42905,1.42925,1.00,1.00
2010.05.18 22:53:06.064,1.42905,1.4293,1.00,1.00
2010.05.18 22:53:06.244,1.42905,1.42925,1.00,1.00
2010.05.18 22:53:06.423,1.42905,1.4293,1.00,1.00
2010.05.18 22:53:06.604,1.42905,1.42925,1.00,1.00
2010.05.18 22:53:11.411,1.429,1.42925,1.00,1.00
2010.05.18 22:53:19.262,1.42905,1.42925,1.00,1.00
2010.05.18 22:53:20.973,1.42905,1.42925,1.00,1.00
2010.05.18 22:53:21.162,1.42905,1.42925,1.00,1.00
2010.05.18 22:53:24.562,1.42905,1.4293,1.00,1.00
2010.05.18 22:53:24.752,1.42905,1.42925,1.00,1.00
2010.05.18 22:53:25.453,1.42905,1.4293,1.00,1.00
2010.05.18 22:53:25.633,1.42905,1.42925,1.00,1.00
2010.05.18 22:53:29.295,1.429,1.42925,1.00,1.00
2010.05.18 22:53:30.016,1.42905,1.42925,1.00,1.00
2010.05.18 22:53:30.567,1.42905,1.4293,1.00,1.00
2010.05.18 22:53:30.910,1.42905,1.42935,1.00,1.00
2010.05.18 22:53:33.033,1.42905,1.42935,1.00,1.00
2010.05.18 22:53:35.962,1.42905,1.42935,1.00,1.00
2010.05.18 22:53:36.194,1.42905,1.42925,1.00,1.00
2010.05.18 22:53:36.654,1.42905,1.4293,1.00,1.00
2010.05.18 22:53:37.365,1.42905,1.42925,1.00,1.00
2010.05.18 22:53:42.953,1.429,1.42925,1.00,1.00
2010.05.18 22:53:44.826,1.42895,1.42925,1.00,1.00
2010.05.18 22:53:44.948,1.42895,1.42925,1.00,1.00
2010.05.18 22:53:46.311,1.4289,1.42925,1.00,1.00
2010.05.18 22:53:51.832,1.42885,1.42925,1.90,1.00
2010.05.18 22:54:01.383,1.4289,1.42925,1.00,1.00
2010.05.18 22:54:02.993,1.4289,1.42925,1.00,1.00
2010.05.18 22:54:03.773,1.4289,1.42925,1.00,1.00
2010.05.18 22:54:07.717,1.4289,1.42935,1.00,1.00
2010.05.18 22:54:09.501,1.4289,1.42935,1.00,1.00
2010.05.18 22:54:10.522,1.4289,1.4293,1.00,1.00
2010.05.18 22:54:11.345,1.4289,1.42935,1.00,1.00
2010.05.18 22:54:12.203,1.4289,1.42935,1.00,1.00
2010.05.18 22:54:13.345,1.4289,1.4293,1.00,1.00
2010.05.18 22:54:16.202,1.4289,1.42935,1.00,1.00
2010.05.18 22:54:17.238,1.4289,1.42935,1.00,1.00
2010.05.18 22:54:17.545,1.4289,1.42935,1.00,1.00
2010.05.18 22:54:17.632,1.4289,1.42935,1.00,1.00
2010.05.18 22:54:20.182,1.42895,1.42935,1.00,1.00
2010.05.18 22:54:21.897,1.4289,1.42935,1.00,1.00
2010.05.18 22:54:21.972,1.42885,1.42935,1.00,1.00
2010.05.18 22:54:24.814,1.42885,1.42925,1.00,1.00
2010.05.18 22:54:33.023,1.42885,1.4292,1.00,1.00
2010.05.18 22:54:36.069,1.42885,1.4292,1.00,1.00
2010.05.18 22:54:37.286,1.4289,1.4292,1.00,1.00
2010.05.18 22:54:38.094,1.4289,1.42925,1.00,1.00
2010.05.18 22:54:38.355,1.4289,1.4292,1.00,1.00
2010.05.18 22:54:39.087,1.42895,1.4292,1.00,1.00
2010.05.18 22:54:43.555,1.4289,1.4292,1.00,1.00
2010.05.18 22:54:46.173,1.42885,1.4292,1.00,1.00
2010.05.18 22:54:46.671,1.42885,1.4292,1.00,1.00
2010.05.18 22:54:56.222,1.4289,1.4292,1.00,1.00
2010.05.18 22:54:57.245,1.429,1.42925,1.00,1.00
2010.05.18 22:54:57.586,1.429,1.4292,1.00,1.00
2010.05.18 22:54:57.923,1.429,1.42925,1.00,1.00
2010.05.18 22:54:58.095,1.429,1.4292,1.00,1.00
2010.05.18 22:55:00.412,1.4291,1.4292,1.00,1.00
2010.05.18 22:55:01.143,1.42885,1.4292,1.00,1.00
2010.05.18 22:55:11.101,1.42885,1.4292,1.00,1.00
2010.05.18 22:55:25.041,1.42885,1.4292,1.00,1.00
2010.05.18 22:55:25.255,1.4288,1.4291,1.10,1.00
2010.05.18 22:55:25.478,1.42885,1.42905,1.00,1.00
2010.05.18 22:55:26.952,1.4289,1.42905,1.00,1.00
2010.05.18 22:55:27.133,1.4289,1.42905,1.00,1.00
2010.05.18 22:55:28.342,1.429,1.42905,1.00,1.00
2010.05.18 22:55:28.817,1.429,1.4292,1.00,1.60
2010.05.18 22:55:28.859,1.4289,1.4291,1.00,1.00
2010.05.18 22:55:28.951,1.4289,1.42915,1.00,1.00
2010.05.18 22:55:29.672,1.4289,1.42915,1.00,1.00
2010.05.18 22:55:29.853,1.42895,1.42915,1.00,1.00
2010.05.18 22:55:30.034,1.42895,1.4292,1.00,1.00
2010.05.18 22:55:30.223,1.42895,1.42915,1.00,1.00
2010.05.18 22:55:31.963,1.4289,1.42915,1.00,1.00
2010.05.18 22:55:32.242,1.42895,1.42915,1.00,1.00
2010.05.18 22:55:32.522,1.4288,1.42915,1.40,1.00
2010.05.18 22:55:33.267,1.4288,1.42915,1.20,1.00
2010.05.18 22:55:34.464,1.4288,1.42915,1.40,1.00
2010.05.18 22:55:34.792,1.4288,1.42915,1.60,1.00
2010.05.18 22:55:36.012,1.4288,1.42915,1.40,1.00
2010.05.18 22:55:36.586,1.4288,1.42915,1.50,1.00
2010.05.18 22:55:38.111,1.4288,1.42915,1.70,1.00
2010.05.18 22:55:41.993,1.4288,1.42915,1.50,1.00
2010.05.18 22:55:44.027,1.4288,1.42915,1.00,1.00
2010.05.18 22:55:51.064,1.4288,1.4291,1.10,1.00
2010.05.18 22:55:52.353,1.42885,1.4291,1.00,1.00
2010.05.18 22:56:10.465,1.4289,1.4291,1.00,1.00
2010.05.18 22:56:10.591,1.4289,1.4292,1.00,1.00
2010.05.18 22:56:12.071,1.42895,1.4292,1.00,1.00
2010.05.18 22:56:13.112,1.429,1.4292,1.00,1.00
2010.05.18 22:56:19.342,1.429,1.42915,1.00,1.00
2010.05.18 22:56:25.476,1.42905,1.42915,1.00,1.00
2010.05.18 22:56:26.153,1.4291,1.42915,1.00,1.00
2010.05.18 22:56:26.497,1.4291,1.4292,1.00,1.00
2010.05.18 22:56:27.730,1.4292,1.4293,1.00,1.60
2010.05.18 22:56:27.882,1.42915,1.42935,1.00,1.00
2010.05.18 22:56:28.790,1.4292,1.42935,1.00,1.00
2010.05.18 22:56:29.474,1.4292,1.42935,1.00,1.00
2010.05.18 22:56:29.813,1.4292,1.42945,1.00,1.00
2010.05.18 22:56:30.076,1.42925,1.42945,1.00,1.00
2010.05.18 22:56:30.335,1.42925,1.4295,1.00,1.00
2010.05.18 22:56:31.643,1.4293,1.42945,1.00,1.00
2010.05.18 22:56:33.902,1.4293,1.4296,1.00,3.30
2010.05.18 22:56:34.083,1.4293,1.4296,1.00,2.20
2010.05.18 22:56:35.554,1.4294,1.4296,1.00,2.00
2010.05.18 22:56:35.843,1.4294,1.4296,1.00,1.60
2010.05.18 22:56:36.134,1.42925,1.4296,1.00,2.20
2010.05.18 22:56:36.364,1.4293,1.4296,1.00,2.20
2010.05.18 22:56:37.063,1.42925,1.4296,1.00,2.20
2010.05.18 22:56:40.315,1.42935,1.4296,1.00,2.00
2010.05.18 22:56:40.654,1.42935,1.4296,1.00,1.60
2010.05.18 22:56:42.025,1.42935,1.4296,1.00,5.80
2010.05.18 22:56:42.285,1.42935,1.4295,1.00,1.00
2010.05.18 22:56:42.543,1.42935,1.4296,1.00,1.60
2010.05.18 22:56:43.433,1.42935,1.4296,1.00,1.80
2010.05.18 22:56:43.532,1.42935,1.4296,1.00,2.20
2010.05.18 22:56:44.094,1.42935,1.4296,1.00,2.00
2010.05.18 22:56:45.177,1.42935,1.4296,1.00,1.60
2010.05.18 22:56:46.345,1.42935,1.4296,1.00,1.60
2010.05.18 22:56:46.689,1.4295,1.42975,1.00,1.60
2010.05.18 22:56:47.035,1.4295,1.4298,1.00,1.60
2010.05.18 22:56:47.839,1.42955,1.4298,1.00,1.60
2010.05.18 22:57:06.336,1.42945,1.4298,1.00,4.20
2010.05.18 22:57:06.474,1.42945,1.4296,1.00,1.60
2010.05.18 22:57:06.614,1.42945,1.4297,1.00,1.00
2010.05.18 22:57:06.754,1.4295,1.4298,1.00,2.00
2010.05.18 22:57:06.894,1.4295,1.4298,1.00,1.60
2010.05.18 22:57:08.447,1.42945,1.4298,1.00,1.60
2010.05.18 22:57:09.543,1.4294,1.4298,1.00,1.80
2010.05.18 22:57:09.787,1.42935,1.4296,1.00,1.60
2010.05.18 22:57:10.655,1.42935,1.4295,1.00,1.00
2010.05.18 22:57:10.834,1.42925,1.4295,1.00,1.00
2010.05.18 22:57:11.016,1.42925,1.4295,1.00,1.00
2010.05.18 22:57:11.194,1.42925,1.42955,1.00,1.00
2010.05.18 22:57:11.373,1.42925,1.4296,1.00,1.80
2010.05.18 22:57:12.231,1.42925,1.4296,1.00,1.60
2010.05.18 22:57:12.579,1.4293,1.4296,1.00,1.60
2010.05.18 22:57:13.656,1.42935,1.4296,1.00,1.60
2010.05.18 22:57:14.683,1.4294,1.4296,1.00,1.60
2010.05.18 22:57:16.468,1.42935,1.4296,1.00,1.60
2010.05.18 22:57:19.568,1.4293,1.4296,1.00,1.60
2010.05.18 22:57:20.652,1.42935,1.4296,1.00,1.60
2010.05.18 22:57:22.344,1.4293,1.4296,1.00,1.60
2010.05.18 22:57:25.355,1.42935,1.4296,1.00,1.60
2010.05.18 22:57:52.585,1.42935,1.42975,1.00,1.00
2010.05.18 22:57:52.894,1.42935,1.4298,1.00,2.20
2010.05.18 22:57:53.053,1.42935,1.4298,1.70,2.20
2010.05.18 22:57:53.212,1.42935,1.4298,1.70,1.80
2010.05.18 22:57:54.395,1.4294,1.4298,1.00,1.80
2010.05.18 22:57:55.052,1.42945,1.4298,1.00,1.80
2010.05.18 22:57:56.482,1.42945,1.4298,1.00,1.60
2010.05.18 22:57:58.432,1.42935,1.4296,1.00,1.00
2010.05.18 22:57:58.524,1.4294,1.4296,1.00,1.60
2010.05.18 22:57:58.714,1.4294,1.4297,1.00,1.00
2010.05.18 22:57:58.976,1.4294,1.4298,1.00,1.60
2010.05.18 22:58:00.725,1.42945,1.4298,1.00,1.80
2010.05.18 22:58:01.264,1.42945,1.42975,1.00,1.00
2010.05.18 22:58:01.443,1.42935,1.42975,1.00,1.00
2010.05.18 22:58:03.651,1.42935,1.4298,1.00,2.20
2010.05.18 22:58:03.752,1.4294,1.4298,1.00,2.20
2010.05.18 22:58:03.953,1.4294,1.4298,1.00,2.40
2010.05.18 22:58:04.081,1.4294,1.4298,1.00,1.80
2010.05.18 22:58:04.710,1.4295,1.4298,1.00,1.80
2010.05.18 22:58:04.842,1.4295,1.4298,1.00,1.80
2010.05.18 22:58:30.193,1.4294,1.4298,1.00,1.80
2010.05.18 22:58:31.052,1.42945,1.4298,1.00,1.80
2010.05.18 22:58:47.271,1.42945,1.42975,1.00,1.00
2010.05.18 22:58:50.954,1.42935,1.42975,1.00,1.00
2010.05.18 22:58:51.053,1.42935,1.4297,1.00,1.00
2010.05.18 22:58:51.254,1.4294,1.4297,1.00,1.00
2010.05.18 22:58:51.785,1.4294,1.4297,1.00,1.00
2010.05.18 22:58:52.125,1.4294,1.4297,1.00,1.80
2010.05.18 22:58:54.778,1.42935,1.4297,1.00,1.80
2010.05.18 22:59:14.082,1.42935,1.4297,1.00,1.60
2010.05.18 22:59:15.282,1.4294,1.4297,1.00,1.60
2010.05.18 22:59:17.072,1.4294,1.4297,1.00,1.60
2010.05.18 22:59:17.266,1.4294,1.4298,1.00,1.80
2010.05.18 22:59:18.475,1.42945,1.4298,1.00,1.80
2010.05.18 22:59:20.014,1.4295,1.4298,1.00,1.80
2010.05.18 22:59:21.152,1.42955,1.4298,1.00,1.80
2010.05.18 22:59:22.586,1.4295,1.4298,1.00,1.80
2010.05.18 22:59:31.801,1.42945,1.4298,1.00,1.80
2010.05.18 22:59:56.152,1.42945,1.4298,1.00,1.60
2010.05.18 22:59:56.276,1.4296,1.4298,1.00,1.60
2010.05.18 22:59:56.394,1.4296,1.4298,1.00,1.60
2010.05.18 22:59:56.512,1.42955,1.4298,1.00,1.60
2010.05.18 22:59:58.073,1.4296,1.4298,1.00,1.60
2010.05.18 22:59:59.027,1.42965,1.4298,1.00,1.60
