2017.03.22 23:00:00.089,1.24745,1.24755,1.00,1.19
2017.03.22 23:00:00.191,1.24746,1.24758,1.12,2.44
2017.03.22 23:00:01.629,1.24747,1.24758,1.12,2.06
2017.03.22 23:00:02.625,1.24746,1.24758,1.87,1.19
2017.03.22 23:00:03.896,1.24746,1.24758,1.87,1.19
2017.03.22 23:00:04.439,1.24754,1.24762,2.25,1.44
2017.03.22 23:00:04.693,1.2475,1.24758,1.12,1.19
2017.03.22 23:00:04.744,1.24746,1.24758,1.87,1.19
2017.03.22 23:00:05.250,1.24747,1.24758,1.87,1.31
2017.03.22 23:00:07.557,1.24747,1.24758,1.12,1.50
2017.03.22 23:00:08.210,1.24747,1.24758,1.12,1.69
2017.03.22 23:00:14.661,1.24754,1.24762,2.25,1.82
2017.03.22 23:00:14.864,1.24747,1.24757,1.00,1.19
2017.03.22 23:00:15.717,1.24748,1.24757,1.00,1.19
2017.03.22 23:00:19.091,1.24745,1.2475,1.87,1.00
2017.03.22 23:00:19.231,1.24737,1.24749,2.62,2.06
2017.03.22 23:00:19.624,1.24739,1.24748,1.00,1.28
2017.03.22 23:00:24.887,1.24737,1.24748,1.00,1.19
2017.03.22 23:00:26.810,1.24736,1.24747,1.87,1.19
2017.03.22 23:00:26.861,1.24744,1.2475,2.25,1.19
2017.03.22 23:00:27.114,1.24738,1.24748,1.00,1.00
2017.03.22 23:00:27.683,1.24737,1.24748,1.12,1.00
2017.03.22 23:00:38.684,1.24738,1.24748,1.00,1.00
2017.03.22 23:00:39.191,1.24737,1.24748,1.87,1.00
2017.03.22 23:00:40.817,1.24739,1.24748,1.00,1.00
2017.03.22 23:00:46.927,1.24738,1.24748,1.00,1.00
2017.03.22 23:00:47.457,1.24739,1.24749,1.00,1.69
2017.03.22 23:00:48.176,1.24738,1.24749,1.00,1.69
2017.03.22 23:00:49.216,1.24737,1.24749,1.12,1.69
2017.03.22 23:00:53.934,1.24737,1.24749,2.25,1.69
2017.03.22 23:00:54.673,1.24737,1.24749,1.00,1.69
2017.03.22 23:00:59.099,1.24737,1.24748,1.00,1.25
2017.03.22 23:01:00.189,1.24739,1.24748,1.00,1.25
2017.03.22 23:01:00.706,1.2474,1.24748,1.00,1.25
2017.03.22 23:01:00.917,1.24738,1.24748,1.00,1.25
2017.03.22 23:01:01.119,1.24736,1.24747,1.95,1.00
2017.03.22 23:01:01.625,1.24735,1.24746,2.32,1.25
2017.03.22 23:01:02.136,1.24736,1.24746,1.50,1.25
2017.03.22 23:01:05.320,1.24737,1.24748,1.87,2.44
2017.03.22 23:01:05.866,1.24738,1.24748,1.00,1.37
2017.03.22 23:01:09.288,1.24737,1.24748,1.87,1.37
2017.03.22 23:01:15.458,1.24738,1.24748,1.00,1.00
2017.03.22 23:01:17.275,1.24737,1.24748,1.87,1.00
2017.03.22 23:01:19.313,1.24739,1.2475,1.00,1.69
2017.03.22 23:01:19.617,1.24743,1.24751,1.00,1.69
2017.03.22 23:01:20.184,1.24744,1.24751,1.00,1.69
2017.03.22 23:01:20.496,1.24742,1.24751,1.00,1.69
2017.03.22 23:01:21.024,1.24743,1.24751,1.00,1.69
2017.03.22 23:01:21.741,1.24744,1.24751,1.00,1.69
2017.03.22 23:01:23.719,1.24741,1.24751,1.50,1.69
2017.03.22 23:01:25.965,1.24742,1.24751,1.00,1.69
2017.03.22 23:01:26.372,1.24746,1.24754,1.00,1.09
2017.03.22 23:01:26.888,1.24747,1.24754,1.12,1.00
2017.03.22 23:01:32.529,1.24744,1.24752,1.87,1.00
2017.03.22 23:01:32.631,1.24739,1.24748,1.10,1.00
2017.03.22 23:01:33.137,1.2474,1.24749,1.00,1.25
2017.03.22 23:01:33.649,1.24741,1.24749,1.00,1.25
2017.03.22 23:01:37.728,1.2474,1.24749,1.00,1.25
2017.03.22 23:01:37.829,1.24742,1.24749,1.00,1.25
2017.03.22 23:01:40.041,1.24741,1.24749,1.00,1.25
2017.03.22 23:01:41.444,1.2474,1.24749,1.00,1.25
2017.03.22 23:01:51.062,1.2474,1.24749,1.00,1.19
2017.03.22 23:01:52.580,1.24741,1.24749,1.00,1.19
2017.03.22 23:01:54.899,1.2474,1.24749,1.00,1.19
2017.03.22 23:01:55.051,1.24744,1.24753,1.35,1.00
2017.03.22 23:01:55.557,1.24744,1.24753,2.85,1.25
2017.03.22 23:01:55.813,1.24742,1.2475,1.20,1.69
2017.03.22 23:01:55.915,1.24739,1.24748,1.00,1.00
2017.03.22 23:01:56.118,1.24742,1.24749,1.00,1.25
2017.03.22 23:02:00.068,1.2474,1.2475,1.12,1.69
2017.03.22 23:02:00.662,1.24741,1.2475,1.00,2.06
2017.03.22 23:02:01.234,1.24738,1.2475,2.70,1.69
2017.03.22 23:02:01.286,1.24738,1.2475,1.87,1.69
2017.03.22 23:02:01.388,1.2474,1.2475,1.00,1.69
2017.03.22 23:02:01.728,1.24738,1.24748,1.12,1.00
2017.03.22 23:02:03.039,1.24737,1.24748,2.62,1.00
2017.03.22 23:02:03.146,1.24737,1.24743,1.87,1.00
2017.03.22 23:02:03.298,1.2473,1.24741,2.32,1.25
2017.03.22 23:02:03.399,1.24732,1.24739,1.00,1.00
2017.03.22 23:02:03.783,1.24735,1.2474,1.00,1.00
2017.03.22 23:02:04.054,1.24733,1.24741,1.00,1.25
2017.03.22 23:02:05.027,1.24732,1.24741,1.00,1.25
2017.03.22 23:02:05.078,1.24734,1.24741,1.00,1.25
2017.03.22 23:02:05.585,1.24733,1.2474,1.00,1.00
2017.03.22 23:02:05.932,1.24733,1.24739,1.00,1.19
2017.03.22 23:02:06.034,1.24731,1.24739,1.00,1.19
2017.03.22 23:02:10.209,1.24732,1.24739,1.00,1.19
2017.03.22 23:02:10.997,1.2473,1.24739,1.87,1.19
2017.03.22 23:02:11.558,1.24731,1.24739,1.00,1.19
2017.03.22 23:02:16.799,1.24729,1.24739,1.45,1.19
2017.03.22 23:02:17.305,1.24729,1.24739,1.00,1.69
2017.03.22 23:02:19.951,1.2473,1.24739,1.50,1.69
2017.03.22 23:02:20.476,1.24731,1.24739,1.00,1.69
2017.03.22 23:02:20.985,1.2473,1.24739,1.00,1.69
2017.03.22 23:02:23.006,1.24732,1.24739,1.00,1.69
2017.03.22 23:02:24.093,1.2473,1.24739,1.87,1.25
2017.03.22 23:02:24.969,1.24732,1.24739,1.00,1.25
2017.03.22 23:02:30.594,1.24731,1.24739,1.12,1.25
2017.03.22 23:02:31.704,1.2473,1.24739,1.12,1.25
2017.03.22 23:02:33.574,1.2473,1.24738,1.00,1.00
2017.03.22 23:02:34.087,1.24729,1.24738,1.00,1.00
2017.03.22 23:02:34.629,1.24727,1.24738,2.62,1.00
2017.03.22 23:02:41.607,1.2473,1.24738,1.87,1.25
2017.03.22 23:02:47.294,1.24729,1.24738,1.00,1.00
2017.03.22 23:02:49.681,1.2473,1.24738,1.00,1.00
2017.03.22 23:02:50.360,1.2473,1.24739,1.57,1.25
2017.03.22 23:02:52.879,1.24735,1.24739,1.00,1.31
2017.03.22 23:02:52.930,1.24736,1.24743,1.87,1.81
2017.03.22 23:02:53.133,1.24735,1.24737,1.50,1.00
2017.03.22 23:02:53.235,1.2473,1.24736,1.37,1.25
2017.03.22 23:02:53.288,1.24727,1.24736,2.25,1.25
2017.03.22 23:02:54.034,1.24728,1.24736,1.00,1.25
2017.03.22 23:02:54.647,1.24729,1.24739,1.37,1.69
2017.03.22 23:02:54.951,1.24728,1.24739,1.87,2.06
2017.03.22 23:02:55.485,1.24729,1.24739,1.10,2.06
2017.03.22 23:02:58.116,1.2473,1.24739,1.00,1.69
2017.03.22 23:03:03.172,1.24729,1.24739,1.20,1.69
2017.03.22 23:03:03.705,1.2473,1.24739,1.00,1.69
2017.03.22 23:03:10.446,1.24731,1.24739,1.12,1.69
2017.03.22 23:03:11.451,1.2473,1.24739,1.12,1.69
2017.03.22 23:03:14.062,1.2473,1.24739,1.12,1.19
2017.03.22 23:03:18.420,1.24728,1.24738,2.32,1.19
2017.03.22 23:03:18.717,1.24727,1.24737,1.87,1.25
2017.03.22 23:03:20.619,1.24727,1.24737,3.75,1.25
2017.03.22 23:03:21.584,1.24728,1.24737,1.37,1.25
2017.03.22 23:03:23.627,1.24727,1.24737,2.62,1.25
2017.03.22 23:03:25.406,1.24729,1.24737,1.37,1.25
2017.03.22 23:03:28.404,1.24727,1.24737,1.12,1.25
2017.03.22 23:03:29.064,1.24727,1.24737,1.12,1.19
2017.03.22 23:03:30.362,1.24728,1.24736,1.37,1.25
2017.03.22 23:03:30.413,1.24727,1.24736,1.50,1.25
2017.03.22 23:03:38.966,1.24728,1.24738,1.12,2.06
2017.03.22 23:03:39.956,1.24726,1.24738,1.95,1.31
2017.03.22 23:03:40.565,1.24726,1.24738,1.47,1.31
2017.03.22 23:03:41.028,1.24726,1.24734,1.12,1.00
2017.03.22 23:03:41.281,1.24717,1.24727,1.00,1.69
2017.03.22 23:03:41.434,1.24714,1.24727,3.00,2.06
2017.03.22 23:03:42.585,1.24714,1.24727,2.25,2.06
2017.03.22 23:03:43.739,1.24715,1.24727,1.00,2.06
2017.03.22 23:03:44.250,1.24715,1.24727,1.50,1.69
2017.03.22 23:03:47.563,1.24715,1.24727,1.30,1.69
2017.03.22 23:03:53.194,1.24718,1.24727,1.37,1.25
2017.03.22 23:03:53.710,1.24718,1.24727,1.00,1.25
2017.03.22 23:03:54.243,1.24716,1.24727,2.62,1.25
2017.03.22 23:04:00.545,1.24721,1.24729,1.20,1.00
2017.03.22 23:04:00.646,1.24725,1.24735,1.10,2.06
2017.03.22 23:04:00.748,1.24726,1.24737,2.25,1.69
2017.03.22 23:04:02.474,1.24726,1.24737,2.70,1.69
2017.03.22 23:04:03.308,1.24726,1.24737,2.62,1.19
2017.03.22 23:04:09.257,1.24726,1.24737,1.12,1.19
2017.03.22 23:04:09.762,1.24727,1.24737,1.37,1.19
2017.03.22 23:04:10.881,1.24727,1.24737,1.50,1.19
2017.03.22 23:04:17.953,1.24728,1.24737,1.37,1.19
2017.03.22 23:04:18.760,1.24727,1.24737,1.50,1.19
2017.03.22 23:04:19.388,1.24726,1.24738,2.62,1.69
2017.03.22 23:04:25.738,1.24726,1.24738,2.25,1.69
2017.03.22 23:04:27.645,1.2473,1.24738,1.00,2.06
2017.03.22 23:04:28.155,1.2473,1.24738,1.10,1.00
2017.03.22 23:04:28.894,1.24729,1.24738,1.12,1.00
2017.03.22 23:04:29.414,1.24729,1.24738,1.20,1.00
2017.03.22 23:04:29.951,1.24727,1.24738,2.62,1.00
2017.03.22 23:04:47.697,1.24729,1.24738,1.50,1.00
2017.03.22 23:04:48.677,1.24729,1.24738,1.50,1.00
2017.03.22 23:04:49.669,1.24729,1.24738,1.12,1.19
2017.03.22 23:04:49.720,1.24727,1.24737,1.50,1.25
2017.03.22 23:04:50.659,1.24727,1.24737,1.50,1.25
2017.03.22 23:04:52.498,1.24726,1.24737,4.12,1.25
2017.03.22 23:04:53.496,1.24727,1.24737,2.62,1.25
2017.03.22 23:04:59.105,1.24727,1.24737,1.50,1.69
2017.03.22 23:04:59.703,1.24729,1.24737,1.12,1.69
2017.03.22 23:05:02.498,1.24726,1.24736,2.62,1.25
2017.03.22 23:05:02.892,1.2473,1.24736,1.00,1.25
2017.03.22 23:05:02.944,1.2473,1.24738,1.00,1.00
2017.03.22 23:05:03.451,1.24729,1.24738,3.07,1.00
2017.03.22 23:05:04.211,1.24729,1.24738,3.82,1.00
2017.03.22 23:05:05.184,1.24729,1.24738,3.07,1.00
2017.03.22 23:05:08.483,1.24729,1.24738,3.82,1.00
2017.03.22 23:05:10.969,1.24729,1.24738,4.20,1.00
2017.03.22 23:05:11.972,1.24729,1.24738,3.45,1.00
2017.03.22 23:05:14.063,1.24729,1.24737,3.45,1.00
2017.03.22 23:05:17.366,1.2473,1.24737,1.37,1.00
2017.03.22 23:05:18.366,1.24729,1.24737,3.45,1.00
2017.03.22 23:05:21.062,1.2473,1.24738,1.00,1.00
2017.03.22 23:05:22.387,1.24731,1.24738,1.37,1.00
2017.03.22 23:05:22.649,1.24729,1.24738,1.57,1.00
2017.03.22 23:05:22.830,1.24729,1.24738,1.57,1.00
2017.03.22 23:05:23.378,1.24729,1.24738,1.57,1.00
2017.03.22 23:05:24.120,1.24729,1.24738,1.57,1.00
2017.03.22 23:05:24.667,1.2473,1.24738,1.00,1.00
2017.03.22 23:05:32.214,1.24729,1.24738,1.95,1.00
2017.03.22 23:05:32.552,1.2473,1.24738,1.37,1.00
2017.03.22 23:05:35.327,1.24732,1.24738,1.37,1.00
2017.03.22 23:05:35.544,1.24729,1.24738,2.70,1.00
2017.03.22 23:05:36.139,1.24729,1.24738,2.32,1.00
2017.03.22 23:05:38.645,1.24729,1.24738,3.45,1.00
2017.03.22 23:05:40.062,1.24729,1.24737,3.45,1.00
2017.03.22 23:05:44.062,1.24729,1.24738,3.45,1.00
2017.03.22 23:05:48.666,1.24729,1.24738,2.32,1.00
2017.03.22 23:05:55.206,1.24731,1.24738,1.37,1.00
2017.03.22 23:05:57.658,1.24735,1.24738,1.00,1.00
2017.03.22 23:05:57.709,1.24737,1.24743,1.00,1.37
2017.03.22 23:05:57.811,1.24736,1.24746,4.87,1.32
2017.03.22 23:05:57.862,1.24737,1.24746,1.00,1.25
2017.03.22 23:05:57.964,1.24736,1.24743,3.00,1.87
2017.03.22 23:05:58.168,1.24729,1.24738,1.00,1.00
2017.03.22 23:05:58.219,1.24727,1.24738,1.50,1.00
2017.03.22 23:06:03.540,1.24728,1.24738,1.12,1.00
2017.03.22 23:06:04.543,1.24728,1.24738,1.37,1.00
2017.03.22 23:06:07.558,1.24729,1.24738,1.37,1.00
2017.03.22 23:06:08.169,1.24729,1.24738,1.12,1.12
2017.03.22 23:06:09.763,1.24727,1.24738,1.87,1.00
2017.03.22 23:06:16.184,1.24728,1.24738,1.37,1.00
2017.03.22 23:06:33.934,1.24727,1.24736,1.50,1.25
2017.03.22 23:06:34.086,1.24724,1.24736,1.50,1.69
2017.03.22 23:06:34.608,1.24723,1.24736,2.70,3.19
2017.03.22 23:06:35.948,1.24723,1.24736,1.10,2.44
2017.03.22 23:06:36.955,1.24724,1.24736,1.12,2.44
2017.03.22 23:06:40.734,1.24722,1.24736,4.80,3.56
2017.03.22 23:06:48.044,1.24723,1.24734,1.57,1.00
2017.03.22 23:06:48.569,1.24723,1.24734,1.57,1.00
2017.03.22 23:06:52.473,1.24727,1.24734,1.12,1.25
2017.03.22 23:06:52.625,1.24727,1.24736,1.50,1.50
2017.03.22 23:06:53.136,1.24726,1.24736,1.87,1.00
2017.03.22 23:06:55.059,1.24727,1.24735,1.50,1.00
2017.03.22 23:07:14.075,1.24727,1.24736,1.12,1.00
2017.03.22 23:07:21.634,1.24727,1.24736,2.25,1.00
2017.03.22 23:07:21.995,1.24729,1.24736,1.37,1.00
2017.03.22 23:07:24.247,1.24728,1.24736,1.50,1.00
2017.03.22 23:07:28.264,1.24728,1.24736,1.50,1.00
2017.03.22 23:07:29.063,1.24728,1.24735,1.50,1.00
2017.03.22 23:07:29.864,1.24728,1.24735,1.87,1.00
2017.03.22 23:07:30.017,1.24726,1.24734,2.62,1.00
2017.03.22 23:07:30.543,1.24726,1.24735,1.50,1.50
2017.03.22 23:07:34.637,1.24727,1.24735,1.37,1.50
2017.03.22 23:07:37.434,1.24727,1.24735,1.12,1.50
2017.03.22 23:07:37.485,1.24725,1.24735,2.62,1.50
2017.03.22 23:07:38.202,1.24726,1.24735,1.00,1.50
2017.03.22 23:07:40.618,1.24726,1.24736,1.50,1.50
2017.03.22 23:07:41.294,1.24725,1.24736,2.25,1.50
2017.03.22 23:07:43.403,1.24725,1.24736,3.00,1.50
2017.03.22 23:07:46.867,1.24727,1.24736,1.37,1.50
2017.03.22 23:07:47.402,1.24727,1.24735,1.37,1.00
2017.03.22 23:07:47.453,1.24725,1.24735,3.00,1.00
2017.03.22 23:07:48.397,1.24726,1.24735,1.50,1.00
2017.03.22 23:07:48.945,1.24726,1.24736,1.50,1.00
2017.03.22 23:07:52.454,1.2473,1.24736,1.00,1.00
2017.03.22 23:07:52.505,1.2473,1.2474,1.87,1.00
2017.03.22 23:07:52.859,1.24731,1.24741,1.50,1.19
2017.03.22 23:08:04.489,1.2473,1.24739,1.20,1.00
2017.03.22 23:08:04.642,1.24727,1.24737,1.50,1.69
2017.03.22 23:08:05.197,1.24728,1.24737,1.00,1.69
2017.03.22 23:08:05.738,1.24727,1.24737,1.12,1.69
2017.03.22 23:08:08.634,1.24728,1.24737,1.00,1.69
2017.03.22 23:08:14.906,1.24727,1.24737,1.12,1.69
2017.03.22 23:08:15.444,1.24727,1.24737,1.50,1.69
2017.03.22 23:08:15.975,1.24726,1.24737,3.37,1.69
2017.03.22 23:08:17.608,1.24729,1.24737,1.00,1.25
2017.03.22 23:08:18.113,1.24729,1.24737,1.57,1.25
2017.03.22 23:08:22.091,1.2473,1.24738,1.10,1.25
2017.03.22 23:08:25.510,1.24729,1.24737,1.57,1.00
2017.03.22 23:08:25.662,1.24727,1.24737,1.50,1.00
2017.03.22 23:08:26.229,1.24728,1.24737,1.00,1.00
2017.03.22 23:08:31.054,1.2473,1.24738,1.00,1.69
2017.03.22 23:08:31.560,1.2473,1.24739,1.50,1.00
2017.03.22 23:08:32.323,1.2473,1.2474,1.37,1.25
2017.03.22 23:08:37.843,1.2473,1.24738,1.47,1.25
2017.03.22 23:08:37.945,1.24727,1.24737,1.50,1.00
2017.03.22 23:08:38.490,1.24726,1.24737,2.62,1.37
2017.03.22 23:08:40.053,1.24727,1.24737,1.12,1.00
2017.03.22 23:08:49.004,1.24726,1.24736,3.00,1.00
2017.03.22 23:08:49.666,1.24728,1.24736,1.12,1.00
2017.03.22 23:08:50.971,1.24727,1.24736,2.25,1.00
2017.03.22 23:08:53.315,1.24733,1.24739,1.12,1.12
2017.03.22 23:08:53.467,1.24734,1.24742,1.57,1.00
2017.03.22 23:08:55.113,1.24734,1.24742,1.57,1.00
2017.03.22 23:08:56.728,1.24733,1.24742,1.57,1.00
2017.03.22 23:08:58.879,1.24734,1.24742,1.20,1.00
2017.03.22 23:08:59.563,1.24732,1.24738,1.57,1.31
2017.03.22 23:08:59.664,1.2473,1.24736,1.00,1.00
2017.03.22 23:09:04.635,1.24729,1.24736,1.95,1.00
2017.03.22 23:09:05.338,1.24729,1.24736,1.95,1.00
2017.03.22 23:09:05.969,1.24729,1.24736,1.20,1.00
2017.03.22 23:09:06.762,1.2473,1.24736,1.00,1.00
2017.03.22 23:09:07.424,1.24729,1.24736,1.20,1.00
2017.03.22 23:09:07.749,1.24727,1.24736,1.87,1.00
2017.03.22 23:09:08.053,1.24729,1.24736,1.00,1.00
2017.03.22 23:09:08.846,1.2473,1.24736,1.00,1.00
2017.03.22 23:09:09.375,1.24729,1.24736,1.10,1.00
2017.03.22 23:09:09.896,1.2473,1.24736,1.00,1.00
2017.03.22 23:09:10.444,1.24729,1.24736,1.95,1.00
2017.03.22 23:09:13.433,1.24728,1.24736,1.07,1.00
2017.03.22 23:09:19.642,1.24728,1.24736,1.17,1.50
2017.03.22 23:09:31.403,1.24729,1.24737,1.10,1.00
2017.03.22 23:09:32.213,1.2473,1.24737,1.10,1.00
2017.03.22 23:09:33.218,1.24729,1.24737,1.20,1.00
2017.03.22 23:09:33.728,1.2473,1.24737,1.00,1.00
2017.03.22 23:09:34.246,1.24729,1.24737,1.20,1.00
2017.03.22 23:09:36.410,1.24736,1.24742,1.87,1.57
2017.03.22 23:09:36.531,1.24737,1.24744,1.12,1.00
2017.03.22 23:09:36.633,1.24734,1.24739,1.47,1.00
2017.03.22 23:09:36.735,1.24729,1.24736,1.00,1.00
2017.03.22 23:09:36.837,1.24728,1.24739,1.87,1.19
2017.03.22 23:09:37.040,1.24729,1.24739,1.20,1.19
2017.03.22 23:09:48.738,1.24729,1.24737,1.20,1.25
2017.03.22 23:09:48.890,1.24727,1.24737,1.87,1.25
2017.03.22 23:09:49.507,1.24727,1.24737,2.25,1.25
2017.03.22 23:09:50.272,1.24727,1.24737,3.00,1.25
2017.03.22 23:09:50.847,1.24727,1.24737,1.87,1.25
2017.03.22 23:09:52.144,1.24727,1.24737,2.25,1.25
2017.03.22 23:09:59.062,1.24728,1.24737,1.00,1.19
2017.03.22 23:10:10.060,1.24728,1.24737,1.50,1.25
2017.03.22 23:10:10.608,1.24729,1.24737,1.12,1.25
2017.03.22 23:10:17.682,1.2473,1.24737,1.12,1.25
2017.03.22 23:10:18.643,1.24729,1.24737,1.12,1.25
2017.03.22 23:10:21.487,1.24727,1.24736,1.87,1.00
2017.03.22 23:10:25.664,1.24727,1.24736,1.00,1.00
2017.03.22 23:10:26.966,1.24726,1.24736,1.10,1.00
2017.03.22 23:10:29.960,1.24727,1.24736,1.50,1.00
2017.03.22 23:10:30.497,1.24727,1.24735,1.37,1.00
2017.03.22 23:10:30.599,1.24725,1.24734,1.42,1.00
2017.03.22 23:10:31.211,1.24724,1.24734,2.92,1.00
2017.03.22 23:10:32.176,1.24724,1.24734,1.42,1.00
2017.03.22 23:10:45.286,1.24724,1.24735,3.00,1.25
2017.03.22 23:10:52.215,1.24724,1.24735,3.00,1.25
2017.03.22 23:10:55.076,1.24723,1.24735,3.45,1.69
2017.03.22 23:10:58.048,1.24723,1.24735,3.45,1.69
2017.03.22 23:10:59.060,1.24723,1.24735,3.45,1.25
2017.03.22 23:11:00.708,1.24725,1.24735,1.80,1.25
2017.03.22 23:11:10.098,1.24726,1.24735,1.37,1.25
2017.03.22 23:11:10.931,1.24725,1.24735,1.47,1.25
2017.03.22 23:11:13.348,1.24725,1.24733,1.47,1.00
2017.03.22 23:11:16.162,1.24724,1.24733,3.75,1.00
2017.03.22 23:11:16.832,1.24724,1.24733,2.62,1.00
2017.03.22 23:11:25.255,1.24726,1.24733,1.47,1.00
2017.03.22 23:11:30.929,1.24726,1.24735,2.32,1.50
2017.03.22 23:11:44.062,1.24727,1.24736,2.32,1.00
2017.03.22 23:11:46.454,1.24726,1.24736,1.57,1.00
2017.03.22 23:11:46.987,1.24727,1.24736,1.12,1.00
2017.03.22 23:11:47.622,1.24724,1.24735,4.20,1.00
2017.03.22 23:11:52.239,1.24725,1.24734,1.20,1.00
2017.03.22 23:11:52.290,1.24725,1.24732,1.20,1.00
2017.03.22 23:11:52.802,1.24725,1.24734,1.20,1.00
2017.03.22 23:11:53.811,1.24725,1.24735,2.62,1.25
2017.03.22 23:11:57.366,1.24726,1.24735,1.47,1.25
2017.03.22 23:11:58.035,1.24725,1.24735,2.62,1.25
2017.03.22 23:12:00.691,1.24728,1.24737,1.12,1.12
2017.03.22 23:12:02.492,1.24726,1.24737,1.95,1.00
2017.03.22 23:12:07.705,1.24727,1.24737,1.12,1.00
2017.03.22 23:12:13.837,1.24726,1.24737,1.95,1.00
2017.03.22 23:12:16.524,1.24726,1.24737,2.70,1.00
2017.03.22 23:12:17.974,1.24727,1.24737,1.95,1.00
2017.03.22 23:12:18.126,1.24726,1.24737,3.45,1.00
2017.03.22 23:12:21.801,1.24726,1.24738,3.45,1.12
2017.03.22 23:12:23.087,1.24727,1.24738,1.12,1.12
2017.03.22 23:12:24.088,1.24726,1.24738,3.07,1.12
2017.03.22 23:12:30.088,1.24727,1.24738,1.12,1.12
2017.03.22 23:12:31.558,1.24726,1.24738,1.95,1.12
2017.03.22 23:12:33.975,1.2473,1.24738,1.37,1.12
2017.03.22 23:12:34.127,1.24727,1.24738,1.37,1.12
2017.03.22 23:12:35.133,1.24726,1.24738,1.95,1.12
2017.03.22 23:12:37.165,1.24726,1.24738,1.10,1.12
2017.03.22 23:12:38.599,1.24726,1.24738,1.95,1.12
2017.03.22 23:12:39.639,1.24727,1.24738,1.37,1.12
2017.03.22 23:12:40.629,1.24729,1.24738,1.37,1.12
2017.03.22 23:12:41.753,1.24728,1.24738,1.37,1.12
2017.03.22 23:12:51.766,1.24733,1.24738,1.37,1.00
2017.03.22 23:12:51.817,1.24731,1.24739,1.50,1.00
2017.03.22 23:12:51.921,1.2474,1.24745,1.12,4.12
2017.03.22 23:12:51.973,1.2474,1.24748,1.12,1.46
2017.03.22 23:12:52.075,1.2474,1.24749,1.12,1.00
2017.03.22 23:12:52.582,1.2474,1.2475,1.12,1.31
2017.03.22 23:12:56.919,1.24741,1.2475,1.12,2.44
2017.03.22 23:13:01.896,1.2474,1.2475,1.50,2.25
2017.03.22 23:13:02.429,1.2474,1.2475,1.12,1.50
2017.03.22 23:13:10.079,1.2474,1.24749,1.12,1.37
2017.03.22 23:13:10.737,1.24741,1.24749,1.12,1.37
2017.03.22 23:13:11.251,1.2474,1.2475,1.12,1.87
2017.03.22 23:13:12.063,1.2474,1.2475,1.12,1.00
2017.03.22 23:13:12.686,1.2474,1.24749,1.12,1.00
2017.03.22 23:13:13.312,1.24741,1.24749,1.12,1.00
2017.03.22 23:13:14.279,1.2474,1.24749,1.12,1.00
2017.03.22 23:13:27.101,1.24738,1.24749,1.00,1.12
2017.03.22 23:13:29.124,1.24738,1.24749,3.19,1.12
2017.03.22 23:13:31.333,1.24738,1.24749,2.44,1.12
2017.03.22 23:13:32.302,1.24738,1.24749,2.44,1.12
2017.03.22 23:13:36.741,1.24738,1.24749,2.44,1.12
2017.03.22 23:13:37.731,1.24738,1.24749,2.44,1.12
2017.03.22 23:13:40.801,1.24738,1.24749,2.25,1.12
2017.03.22 23:13:42.102,1.24738,1.24749,2.25,1.12
2017.03.22 23:13:43.219,1.24738,1.24749,2.25,1.12
2017.03.22 23:13:44.170,1.24738,1.24749,2.25,1.12
2017.03.22 23:13:44.780,1.24738,1.24749,2.25,1.12
2017.03.22 23:13:48.126,1.24738,1.24749,2.25,1.12
2017.03.22 23:13:54.500,1.24738,1.2475,1.50,1.50
2017.03.22 23:13:55.504,1.24738,1.2475,1.50,1.50
2017.03.22 23:14:00.575,1.24745,1.24752,1.00,2.25
2017.03.22 23:14:00.626,1.24743,1.24752,1.87,1.37
2017.03.22 23:14:00.728,1.24743,1.24754,1.69,2.25
2017.03.22 23:14:00.829,1.24744,1.24756,3.71,2.25
2017.03.22 23:14:01.347,1.24746,1.24756,1.48,1.12
2017.03.22 23:14:02.136,1.24746,1.24757,1.48,1.31
2017.03.22 23:14:04.060,1.24746,1.24757,1.48,1.31
2017.03.22 23:14:07.107,1.24745,1.24757,2.55,1.31
2017.03.22 23:14:08.524,1.24747,1.24757,1.50,1.69
2017.03.22 23:14:08.575,1.24747,1.24757,1.12,2.06
2017.03.22 23:14:09.530,1.24745,1.24756,1.67,1.12
2017.03.22 23:14:10.193,1.24747,1.24757,2.25,1.69
2017.03.22 23:14:10.698,1.24746,1.24757,1.12,2.13
2017.03.22 23:14:11.557,1.24747,1.24757,1.12,2.13
2017.03.22 23:14:12.518,1.24746,1.24757,1.12,2.13
2017.03.22 23:14:15.366,1.24747,1.24757,1.12,2.13
2017.03.22 23:14:15.959,1.24746,1.24757,1.12,2.13
2017.03.22 23:14:17.459,1.24746,1.24757,2.25,2.13
2017.03.22 23:14:25.013,1.24747,1.24757,1.87,1.94
2017.03.22 23:14:37.255,1.24747,1.24757,1.87,1.09
2017.03.22 23:14:42.006,1.24744,1.24752,1.57,2.06
2017.03.22 23:14:42.259,1.24739,1.2475,1.00,2.81
2017.03.22 23:14:43.018,1.2474,1.24749,1.00,1.00
2017.03.22 23:14:43.556,1.2474,1.2475,1.00,1.38
2017.03.22 23:14:50.347,1.24743,1.24752,1.07,2.62
2017.03.22 23:14:50.551,1.24745,1.24754,1.87,1.00
2017.03.22 23:14:50.602,1.24743,1.24752,3.45,2.44
2017.03.22 23:14:50.754,1.24741,1.24752,1.00,2.81
2017.03.22 23:14:51.295,1.24742,1.24753,1.00,4.00
2017.03.22 23:14:52.225,1.24742,1.24752,1.00,1.38
2017.03.22 23:14:52.951,1.24742,1.24753,1.00,1.75
2017.03.22 23:14:53.473,1.24743,1.24753,1.00,1.38
2017.03.22 23:14:57.360,1.24738,1.24747,2.70,2.81
2017.03.22 23:14:57.411,1.24738,1.24745,1.00,2.81
2017.03.22 23:14:57.463,1.24732,1.24741,2.62,1.12
2017.03.22 23:14:57.564,1.24732,1.24741,1.87,1.50
2017.03.22 23:14:58.070,1.24732,1.24741,1.00,1.87
2017.03.22 23:14:58.612,1.24732,1.24741,1.00,1.12
2017.03.22 23:15:02.163,1.24732,1.2474,1.00,1.12
2017.03.22 23:15:03.383,1.24732,1.24742,1.00,1.00
2017.03.22 23:15:03.434,1.24734,1.24743,1.12,1.19
2017.03.22 23:15:03.687,1.24733,1.24745,1.57,2.44
2017.03.22 23:15:03.738,1.24733,1.24745,1.57,2.06
2017.03.22 23:15:04.280,1.24734,1.24745,1.00,2.06
2017.03.22 23:15:11.901,1.24735,1.24744,1.00,1.37
2017.03.22 23:15:12.913,1.24732,1.24744,1.87,1.87
2017.03.22 23:15:13.874,1.24731,1.24741,2.25,1.00
2017.03.22 23:15:15.361,1.24731,1.24741,1.12,1.00
2017.03.22 23:15:16.692,1.2473,1.24741,1.12,1.00
2017.03.22 23:15:17.230,1.24731,1.24741,1.00,1.00
2017.03.22 23:15:31.192,1.24729,1.24741,2.40,1.00
2017.03.22 23:15:40.112,1.24731,1.24741,1.00,1.00
2017.03.22 23:15:40.417,1.24734,1.24743,1.00,1.00
2017.03.22 23:15:40.519,1.24732,1.24743,1.00,1.00
2017.03.22 23:15:41.063,1.24731,1.24743,2.62,1.00
2017.03.22 23:15:41.587,1.24732,1.24743,1.75,1.00
2017.03.22 23:15:43.309,1.24731,1.24743,1.87,1.00
2017.03.22 23:15:43.613,1.2473,1.24742,2.51,1.00
2017.03.22 23:15:50.200,1.2473,1.24741,1.39,1.00
2017.03.22 23:15:52.412,1.2473,1.24739,1.47,1.00
2017.03.22 23:15:52.616,1.24729,1.24741,1.69,1.00
2017.03.22 23:15:53.155,1.24729,1.24741,2.21,1.00
2017.03.22 23:16:10.160,1.24729,1.2474,2.14,1.00
2017.03.22 23:16:22.760,1.24738,1.24745,1.50,1.12
2017.03.22 23:16:23.097,1.24741,1.24748,1.12,1.50
2017.03.22 23:16:23.149,1.24734,1.24747,4.39,1.00
2017.03.22 23:16:23.681,1.24734,1.24746,2.14,1.00
2017.03.22 23:16:24.423,1.24734,1.24746,2.44,1.00
2017.03.22 23:16:26.816,1.24734,1.24745,1.20,2.62
2017.03.22 23:16:26.867,1.24734,1.24742,1.20,1.50
2017.03.22 23:16:26.918,1.24731,1.24741,1.12,1.00
2017.03.22 23:16:27.070,1.24733,1.24741,1.00,1.00
2017.03.22 23:16:27.583,1.24733,1.24741,1.17,1.00
2017.03.22 23:16:31.021,1.24729,1.2474,2.51,1.00
2017.03.22 23:16:33.358,1.2473,1.2474,1.25,1.00
2017.03.22 23:16:37.519,1.24731,1.2474,1.12,1.00
2017.03.22 23:16:38.044,1.2473,1.2474,1.25,1.00
2017.03.22 23:16:43.436,1.2473,1.2474,1.62,1.00
2017.03.22 23:16:43.854,1.24732,1.24743,1.19,1.00
2017.03.22 23:16:43.955,1.24734,1.24745,1.12,1.09
2017.03.22 23:16:44.520,1.24732,1.24745,1.10,2.50
2017.03.22 23:16:44.571,1.24731,1.2474,1.50,1.00
2017.03.22 23:16:45.118,1.24731,1.2474,1.50,1.00
2017.03.22 23:17:03.361,1.24736,1.2474,1.00,1.00
2017.03.22 23:17:03.676,1.2473,1.2474,2.81,1.00
2017.03.22 23:17:06.310,1.24729,1.2474,2.51,1.00
2017.03.22 23:17:07.161,1.24736,1.2474,1.00,1.00
2017.03.22 23:17:07.314,1.24737,1.24743,1.00,1.12
2017.03.22 23:17:07.724,1.24734,1.24741,1.20,1.00
2017.03.22 23:17:07.877,1.24729,1.24741,1.76,1.00
2017.03.22 23:17:17.594,1.24736,1.24741,1.00,1.00
2017.03.22 23:17:17.898,1.24742,1.24747,1.00,1.00
2017.03.22 23:17:19.489,1.24742,1.24748,1.00,1.00
2017.03.22 23:17:20.412,1.24741,1.24748,1.00,1.00
2017.03.22 23:17:21.212,1.24739,1.24748,1.00,1.00
2017.03.22 23:17:22.515,1.24738,1.24748,1.00,1.00
2017.03.22 23:17:23.764,1.24738,1.24746,1.00,1.00
2017.03.22 23:17:24.018,1.24733,1.24742,1.50,1.00
2017.03.22 23:17:24.120,1.24734,1.24744,1.00,1.00
2017.03.22 23:17:24.645,1.24735,1.24745,1.00,1.00
2017.03.22 23:17:24.904,1.24733,1.24745,1.50,1.00
2017.03.22 23:17:25.435,1.24734,1.24745,1.00,1.00
2017.03.22 23:17:25.587,1.24734,1.24743,1.12,1.00
2017.03.22 23:17:27.686,1.24732,1.24742,1.12,1.00
2017.03.22 23:17:27.787,1.2473,1.24738,1.95,1.00
2017.03.22 23:17:27.889,1.24729,1.24738,1.45,1.12
2017.03.22 23:17:27.991,1.24729,1.24736,1.00,1.00
2017.03.22 23:17:28.499,1.24729,1.24737,1.00,1.00
2017.03.22 23:17:28.601,1.24727,1.24737,1.00,1.00
2017.03.22 23:17:29.103,1.24728,1.24737,1.00,1.00
2017.03.22 23:17:29.609,1.24727,1.24737,1.00,1.00
2017.03.22 23:17:31.463,1.24728,1.24737,1.00,1.00
2017.03.22 23:17:32.679,1.24726,1.24737,2.25,1.00
2017.03.22 23:17:33.186,1.24728,1.24737,1.00,1.00
2017.03.22 23:17:33.695,1.24729,1.24737,1.00,1.00
2017.03.22 23:17:34.225,1.24728,1.24737,1.00,1.00
2017.03.22 23:17:34.794,1.24727,1.24737,1.50,1.00
2017.03.22 23:17:40.915,1.24726,1.24737,1.87,1.31
2017.03.22 23:17:42.576,1.24727,1.24737,1.00,1.31
2017.03.22 23:17:46.002,1.24729,1.24736,1.00,1.00
2017.03.22 23:17:46.104,1.2473,1.24738,1.00,1.00
2017.03.22 23:17:46.645,1.24729,1.24738,1.00,1.00
2017.03.22 23:17:48.105,1.2473,1.24738,1.00,1.00
2017.03.22 23:17:53.839,1.24729,1.24738,1.12,1.00
2017.03.22 23:17:54.767,1.24727,1.24738,3.00,1.00
2017.03.22 23:17:55.272,1.24729,1.24738,1.00,1.00
2017.03.22 23:18:00.474,1.24729,1.24738,1.37,1.00
2017.03.22 23:18:01.502,1.24728,1.24738,1.37,1.00
2017.03.22 23:18:02.371,1.24727,1.24738,1.12,1.00
2017.03.22 23:18:03.391,1.24728,1.24738,1.37,1.00
2017.03.22 23:18:04.525,1.24728,1.24738,1.12,1.00
2017.03.22 23:18:08.517,1.24727,1.24738,1.87,1.00
2017.03.22 23:18:10.555,1.24727,1.24738,1.87,1.00
2017.03.22 23:18:14.895,1.24729,1.24738,1.12,1.00
2017.03.22 23:18:18.912,1.2473,1.24738,1.37,1.00
2017.03.22 23:18:19.760,1.24728,1.24738,1.50,1.00
2017.03.22 23:18:21.764,1.24727,1.24738,1.12,1.00
2017.03.22 23:18:23.025,1.24729,1.24738,1.37,1.00
2017.03.22 23:18:24.393,1.24727,1.24738,1.50,1.00
2017.03.22 23:18:25.388,1.24728,1.24738,1.37,1.00
2017.03.22 23:18:26.442,1.24728,1.24738,1.12,1.00
2017.03.22 23:18:31.945,1.24728,1.24737,1.12,1.00
2017.03.22 23:18:34.969,1.24727,1.24737,1.12,1.00
2017.03.22 23:18:36.669,1.24729,1.24737,1.37,1.00
2017.03.22 23:18:37.603,1.24727,1.24737,1.12,1.00
2017.03.22 23:18:38.603,1.24729,1.24737,1.12,1.00
2017.03.22 23:18:41.625,1.24727,1.24737,1.37,1.00
2017.03.22 23:18:42.613,1.24728,1.24737,1.37,1.00
2017.03.22 23:18:46.625,1.24727,1.24737,1.37,1.00
2017.03.22 23:18:48.161,1.24729,1.24737,1.00,1.00
2017.03.22 23:18:48.466,1.24737,1.24745,1.50,6.44
2017.03.22 23:18:48.668,1.24739,1.24748,1.12,1.50
2017.03.22 23:18:54.545,1.2474,1.24748,1.12,1.00
2017.03.22 23:18:55.000,1.24746,1.24753,1.00,2.88
2017.03.22 23:18:55.307,1.24751,1.24757,1.00,4.12
2017.03.22 23:18:55.358,1.24751,1.24761,1.00,2.88
2017.03.22 23:18:58.521,1.24751,1.2476,1.00,1.00
2017.03.22 23:18:59.122,1.24751,1.24761,1.00,3.19
2017.03.22 23:19:01.319,1.24749,1.24759,1.12,1.50
2017.03.22 23:19:02.664,1.24748,1.24758,1.87,1.00
2017.03.22 23:19:03.248,1.24748,1.24759,1.87,3.19
2017.03.22 23:19:03.787,1.24748,1.24758,2.25,1.87
2017.03.22 23:19:04.327,1.24749,1.24759,1.12,3.56
2017.03.22 23:19:04.856,1.24749,1.24758,1.12,1.12
2017.03.22 23:19:05.393,1.24748,1.24758,2.25,1.12
2017.03.22 23:19:05.936,1.24748,1.24757,2.25,1.00
2017.03.22 23:19:06.249,1.2475,1.24758,1.12,1.19
2017.03.22 23:19:06.582,1.24748,1.24755,1.12,1.12
2017.03.22 23:19:07.423,1.24748,1.24756,1.12,1.12
2017.03.22 23:19:08.160,1.2475,1.24756,1.12,1.12
2017.03.22 23:19:08.211,1.2475,1.24758,1.12,1.50
2017.03.22 23:19:08.809,1.2475,1.24759,1.12,2.25
2017.03.22 23:19:09.312,1.24749,1.2476,1.00,4.12
2017.03.22 23:19:10.023,1.2475,1.2476,1.12,4.50
2017.03.22 23:19:11.041,1.24749,1.2476,1.87,1.50
2017.03.22 23:19:12.459,1.24751,1.2476,1.87,1.37
2017.03.22 23:19:13.110,1.2475,1.2476,1.00,1.37
2017.03.22 23:19:13.734,1.24749,1.24759,1.12,1.00
2017.03.22 23:19:14.660,1.24749,1.24759,1.37,1.00
2017.03.22 23:19:14.964,1.24761,1.24768,1.12,1.12
2017.03.22 23:19:15.368,1.24761,1.2477,1.87,1.12
2017.03.22 23:19:15.832,1.24759,1.24769,1.87,1.19
2017.03.22 23:19:16.137,1.24751,1.24761,2.62,1.25
2017.03.22 23:19:16.238,1.24751,1.24761,1.00,1.25
2017.03.22 23:19:16.762,1.24752,1.24762,1.87,1.09
2017.03.22 23:19:17.717,1.24752,1.24763,1.87,1.38
2017.03.22 23:19:18.529,1.24753,1.24764,1.12,2.13
2017.03.22 23:19:19.086,1.24753,1.24762,1.12,1.00
2017.03.22 23:19:20.359,1.24758,1.24764,1.12,1.19
2017.03.22 23:19:20.410,1.24758,1.24765,1.12,1.00
2017.03.22 23:19:20.613,1.24754,1.24764,1.00,1.50
2017.03.22 23:19:20.715,1.24751,1.2476,1.87,1.00
2017.03.22 23:19:21.255,1.24751,1.24761,1.87,1.12
2017.03.22 23:19:25.459,1.24756,1.24763,1.37,1.75
2017.03.22 23:19:25.663,1.2476,1.24769,1.87,2.81
2017.03.22 23:19:25.714,1.24761,1.24769,1.37,1.25
2017.03.22 23:19:27.448,1.24761,1.24771,1.12,2.06
2017.03.22 23:19:30.425,1.24761,1.24766,1.12,2.81
2017.03.22 23:19:30.476,1.24757,1.24766,1.87,2.20
2017.03.22 23:19:30.527,1.24753,1.24763,1.87,1.25
2017.03.22 23:19:30.578,1.24753,1.24763,1.00,2.06
2017.03.22 23:19:30.882,1.24752,1.24763,1.00,1.00
2017.03.22 23:19:32.395,1.24751,1.24763,1.00,1.25
2017.03.22 23:19:32.497,1.24752,1.24762,1.00,1.87
2017.03.22 23:19:35.475,1.24751,1.24762,1.12,1.19
2017.03.22 23:19:35.779,1.24754,1.24765,1.87,2.06
2017.03.22 23:19:36.249,1.24758,1.24765,1.12,1.00
2017.03.22 23:19:36.502,1.24759,1.2477,1.87,1.94
2017.03.22 23:19:36.553,1.24759,1.24769,1.87,1.00
2017.03.22 23:19:37.317,1.24759,1.24768,1.87,1.50
2017.03.22 23:19:40.439,1.24759,1.24767,1.12,1.00
2017.03.22 23:19:41.540,1.24758,1.24767,1.12,1.00
2017.03.22 23:19:42.567,1.24759,1.24767,1.37,1.00
2017.03.22 23:19:43.726,1.24759,1.24767,1.12,1.00
2017.03.22 23:19:44.632,1.24759,1.24767,1.37,1.00
2017.03.22 23:19:45.999,1.24759,1.24768,1.37,1.00
2017.03.22 23:19:46.536,1.24761,1.24769,1.12,1.25
2017.03.22 23:19:47.053,1.24761,1.24769,1.37,1.25
2017.03.22 23:19:48.066,1.24763,1.24769,1.12,1.25
2017.03.22 23:19:51.061,1.24762,1.24769,1.12,1.25
2017.03.22 23:19:51.414,1.2476,1.24767,1.37,1.00
2017.03.22 23:19:51.927,1.2476,1.24767,1.12,1.00
2017.03.22 23:19:53.424,1.24758,1.24767,1.12,1.00
2017.03.22 23:19:54.432,1.24759,1.24767,1.12,1.00
2017.03.22 23:19:57.259,1.24758,1.24768,1.50,1.00
2017.03.22 23:19:57.814,1.2476,1.24768,1.12,1.00
2017.03.22 23:19:58.822,1.24759,1.24768,1.12,1.00
2017.03.22 23:20:01.831,1.24759,1.24768,1.50,1.00
2017.03.22 23:20:07.019,1.24764,1.24772,2.25,1.82
2017.03.22 23:20:07.121,1.24764,1.24771,1.12,1.00
2017.03.22 23:20:07.172,1.24763,1.24769,1.12,1.00
2017.03.22 23:20:07.831,1.2476,1.24769,1.50,1.00
2017.03.22 23:20:07.933,1.2476,1.24766,1.12,1.00
2017.03.22 23:20:08.453,1.2476,1.24767,1.12,1.00
2017.03.22 23:20:08.998,1.24759,1.24767,1.12,1.00
2017.03.22 23:20:09.955,1.24757,1.24767,2.25,1.12
2017.03.22 23:20:11.973,1.24759,1.24767,1.12,1.12
2017.03.22 23:20:12.824,1.24759,1.24767,1.37,1.00
2017.03.22 23:20:16.846,1.24758,1.24767,1.12,1.00
2017.03.22 23:20:17.926,1.24759,1.24767,1.37,1.00
2017.03.22 23:20:20.964,1.24759,1.24767,1.12,1.00
2017.03.22 23:20:21.485,1.24759,1.24769,3.00,1.00
2017.03.22 23:20:22.436,1.2476,1.24769,1.12,1.00
2017.03.22 23:20:26.454,1.24762,1.24769,1.12,1.00
2017.03.22 23:20:26.692,1.24759,1.24767,1.50,1.00
2017.03.22 23:20:27.367,1.24757,1.24767,1.50,1.00
2017.03.22 23:20:28.330,1.24759,1.24767,1.12,1.00
2017.03.22 23:20:30.752,1.24759,1.24767,1.37,1.00
2017.03.22 23:20:33.350,1.2476,1.24767,1.37,1.00
2017.03.22 23:21:01.220,1.24758,1.24767,1.50,1.00
2017.03.22 23:21:01.944,1.24758,1.24766,1.12,1.00
2017.03.22 23:21:11.425,1.24758,1.24765,1.50,1.00
2017.03.22 23:21:11.476,1.24759,1.24767,1.50,1.00
2017.03.22 23:21:11.989,1.24758,1.24767,2.25,1.00
2017.03.22 23:21:12.555,1.2476,1.24767,1.12,1.00
2017.03.22 23:21:20.840,1.24761,1.24767,1.37,1.00
2017.03.22 23:21:20.891,1.2476,1.24767,1.12,1.00
2017.03.22 23:21:22.300,1.2476,1.24769,1.12,1.19
2017.03.22 23:21:22.502,1.2476,1.2477,1.87,1.00
2017.03.22 23:21:22.705,1.2476,1.24768,1.12,1.00
2017.03.22 23:21:23.281,1.2476,1.24767,1.12,1.00
2017.03.22 23:21:23.798,1.24758,1.24767,2.62,1.00
2017.03.22 23:21:25.309,1.24759,1.24767,1.37,1.00
2017.03.22 23:21:26.409,1.24758,1.24767,1.12,1.00
2017.03.22 23:21:27.974,1.24759,1.24767,1.12,1.00
2017.03.22 23:21:28.929,1.24759,1.24767,1.37,1.00
2017.03.22 23:21:33.592,1.2476,1.24766,1.12,1.00
2017.03.22 23:21:38.256,1.2476,1.24768,1.12,1.69
2017.03.22 23:21:39.176,1.24759,1.24768,1.12,1.69
2017.03.22 23:21:41.111,1.24759,1.24769,1.12,1.31
2017.03.22 23:21:41.213,1.24761,1.24769,1.87,1.00
2017.03.22 23:21:41.592,1.24761,1.24771,1.87,1.00
2017.03.22 23:21:42.106,1.24762,1.24771,1.00,1.00
2017.03.22 23:21:48.990,1.24763,1.24771,1.12,1.00
2017.03.22 23:21:53.021,1.24764,1.24771,1.12,1.00
2017.03.22 23:21:59.347,1.24763,1.24771,1.12,1.00
2017.03.22 23:22:00.645,1.24763,1.2477,1.12,1.00
2017.03.22 23:22:06.374,1.24763,1.2477,1.37,1.00
2017.03.22 23:22:06.850,1.24762,1.2477,1.00,1.00
2017.03.22 23:22:10.373,1.24763,1.2477,1.12,1.00
2017.03.22 23:22:36.303,1.2476,1.2477,3.00,1.00
2017.03.22 23:22:36.854,1.2476,1.2477,2.62,1.00
2017.03.22 23:22:37.462,1.24762,1.2477,1.12,1.00
2017.03.22 23:23:01.944,1.24761,1.24771,1.87,1.00
2017.03.22 23:23:13.450,1.24761,1.24771,1.00,1.00
2017.03.22 23:23:14.035,1.24762,1.24771,1.00,1.00
2017.03.22 23:23:16.536,1.24762,1.24771,1.69,1.00
2017.03.22 23:23:17.220,1.24762,1.24771,1.62,1.00
2017.03.22 23:23:17.796,1.24762,1.24771,1.62,1.00
2017.03.22 23:23:20.774,1.24762,1.24771,1.62,1.00
2017.03.22 23:23:21.296,1.24762,1.24771,1.62,1.00
2017.03.22 23:23:23.853,1.24762,1.24771,1.62,1.00
2017.03.22 23:23:26.769,1.24761,1.24771,1.31,1.00
2017.03.22 23:23:36.859,1.24761,1.24769,1.31,1.00
2017.03.22 23:23:36.910,1.24761,1.24771,1.31,1.00
2017.03.22 23:23:45.060,1.2476,1.24771,2.44,1.00
2017.03.22 23:23:45.662,1.24761,1.24771,1.31,1.00
2017.03.22 23:23:55.059,1.2476,1.24771,2.44,1.00
2017.03.22 23:23:55.572,1.24762,1.24769,1.50,1.00
2017.03.22 23:23:55.725,1.24759,1.24769,2.44,1.00
2017.03.22 23:23:56.295,1.24759,1.2477,3.19,1.00
2017.03.22 23:23:56.397,1.24762,1.2477,1.00,1.00
2017.03.22 23:23:56.860,1.2476,1.2477,1.87,1.00
2017.03.22 23:23:57.755,1.24761,1.2477,1.00,1.00
2017.03.22 23:23:58.284,1.2476,1.2477,1.12,1.00
2017.03.22 23:23:58.790,1.24761,1.2477,1.00,1.00
2017.03.22 23:24:02.361,1.24762,1.2477,1.37,1.00
2017.03.22 23:24:09.360,1.2476,1.2477,2.25,1.00
2017.03.22 23:24:14.291,1.24761,1.2477,1.12,1.00
2017.03.22 23:24:15.066,1.24761,1.24769,1.12,1.00
2017.03.22 23:24:16.090,1.2476,1.24769,1.12,1.00
2017.03.22 23:24:18.130,1.2476,1.24769,2.25,1.00
2017.03.22 23:24:19.158,1.2476,1.24769,1.50,1.00
2017.03.22 23:24:22.674,1.2476,1.24768,1.50,1.00
2017.03.22 23:24:23.159,1.24757,1.24767,3.94,1.00
2017.03.22 23:24:26.378,1.24759,1.24767,1.00,1.00
2017.03.22 23:24:27.336,1.24758,1.24767,2.06,1.00
2017.03.22 23:24:28.338,1.24759,1.24767,1.00,1.00
2017.03.22 23:24:32.359,1.24759,1.24768,1.50,1.00
2017.03.22 23:24:32.410,1.24761,1.24768,1.37,1.00
2017.03.22 23:24:32.573,1.24759,1.24768,1.50,1.00
2017.03.22 23:25:01.038,1.24758,1.24766,1.50,1.00
2017.03.22 23:25:01.420,1.24756,1.24766,3.19,1.00
2017.03.22 23:25:03.557,1.24757,1.24766,1.69,1.00
2017.03.22 23:25:09.351,1.24758,1.24766,1.50,1.00
2017.03.22 23:25:09.885,1.24758,1.24766,1.50,1.00
2017.03.22 23:25:10.391,1.24758,1.24766,1.50,1.00
2017.03.22 23:25:12.020,1.24758,1.24766,1.00,1.00
2017.03.22 23:25:13.175,1.24759,1.24766,1.12,1.00
2017.03.22 23:25:15.083,1.24758,1.24766,1.50,1.00
2017.03.22 23:25:18.040,1.2476,1.24766,1.12,1.00
2017.03.22 23:25:21.051,1.24758,1.24766,1.37,1.00
2017.03.22 23:25:25.100,1.24759,1.24766,1.37,1.00
2017.03.22 23:25:27.067,1.24761,1.24766,1.12,1.00
2017.03.22 23:25:29.063,1.2476,1.24767,1.12,1.00
2017.03.22 23:25:32.345,1.24758,1.24767,1.50,1.00
2017.03.22 23:25:35.332,1.2476,1.24767,1.12,1.00
2017.03.22 23:25:36.324,1.24759,1.24767,1.12,1.00
2017.03.22 23:25:37.365,1.2476,1.24767,1.12,1.00
2017.03.22 23:25:38.598,1.24759,1.24767,1.12,1.00
2017.03.22 23:25:41.604,1.2476,1.24767,1.12,1.00
2017.03.22 23:25:42.214,1.24759,1.24767,1.12,1.00
2017.03.22 23:25:44.006,1.2476,1.24767,1.12,1.00
2017.03.22 23:25:48.198,1.2476,1.24767,1.37,1.00
2017.03.22 23:25:48.300,1.24759,1.24767,1.12,1.00
2017.03.22 23:25:52.028,1.24758,1.24767,1.69,1.00
2017.03.22 23:25:53.114,1.24759,1.24767,1.12,1.00
2017.03.22 23:25:58.035,1.24761,1.24767,1.37,1.00
2017.03.22 23:25:58.086,1.24759,1.24767,1.50,1.09
2017.03.22 23:25:58.814,1.24758,1.24767,1.12,1.50
2017.03.22 23:25:59.462,1.24758,1.24767,1.37,1.50
2017.03.22 23:26:00.321,1.24758,1.24767,1.37,1.57
2017.03.22 23:26:00.989,1.24758,1.24767,1.12,1.57
2017.03.22 23:26:08.771,1.24757,1.24766,1.12,1.09
2017.03.22 23:26:10.763,1.24758,1.24766,1.12,1.50
2017.03.22 23:26:11.774,1.24758,1.24766,1.37,1.50
2017.03.22 23:26:12.063,1.24757,1.24766,1.12,1.50
2017.03.22 23:26:12.114,1.24759,1.24766,1.12,1.50
2017.03.22 23:26:13.204,1.24759,1.24767,1.12,1.00
2017.03.22 23:26:14.185,1.24758,1.24767,1.87,1.00
2017.03.22 23:26:16.099,1.24759,1.24767,1.37,1.00
2017.03.22 23:26:20.076,1.24761,1.24767,1.12,1.00
2017.03.22 23:26:21.678,1.24758,1.24767,1.50,1.00
2017.03.22 23:26:23.826,1.24758,1.24767,1.87,1.00
2017.03.22 23:26:27.069,1.24759,1.24767,1.00,1.00
2017.03.22 23:26:27.605,1.24759,1.24768,1.00,1.00
2017.03.22 23:26:30.095,1.24759,1.24766,1.87,1.00
2017.03.22 23:26:30.715,1.24759,1.24766,1.37,1.00
2017.03.22 23:26:31.051,1.24758,1.24766,1.12,1.00
2017.03.22 23:26:32.078,1.24759,1.24766,1.37,1.00
2017.03.22 23:26:36.326,1.24758,1.24766,1.37,1.00
2017.03.22 23:26:39.474,1.2476,1.24766,1.12,1.00
2017.03.22 23:26:41.382,1.24759,1.24766,1.12,1.00
2017.03.22 23:26:49.377,1.2476,1.24766,1.12,1.00
2017.03.22 23:26:51.517,1.2476,1.24766,1.37,1.00
2017.03.22 23:26:52.465,1.24759,1.24766,1.12,1.00
2017.03.22 23:26:53.522,1.2476,1.24766,1.12,1.00
2017.03.22 23:26:58.513,1.24759,1.24766,1.12,1.00
2017.03.22 23:26:59.448,1.2476,1.24766,1.37,1.00
2017.03.22 23:27:00.452,1.24759,1.24766,1.50,1.00
2017.03.22 23:27:01.458,1.24759,1.24766,1.37,1.00
2017.03.22 23:27:02.510,1.24759,1.24766,1.12,1.00
2017.03.22 23:27:04.499,1.2476,1.24766,1.12,1.00
2017.03.22 23:27:10.065,1.24759,1.24767,1.37,1.25
2017.03.22 23:27:20.474,1.2476,1.24767,1.37,1.00
2017.03.22 23:27:22.484,1.24759,1.24767,1.12,1.00
2017.03.22 23:27:27.495,1.2476,1.24767,1.37,1.00
2017.03.22 23:27:28.319,1.24759,1.24767,1.50,1.00
2017.03.22 23:27:29.373,1.24759,1.24767,1.37,1.00
2017.03.22 23:27:35.215,1.24758,1.24767,1.87,1.00
2017.03.22 23:27:49.165,1.2476,1.24767,1.12,1.25
2017.03.22 23:27:56.317,1.24758,1.24767,2.62,1.25
2017.03.22 23:27:57.408,1.2476,1.24767,1.12,1.25
2017.03.22 23:27:59.415,1.24759,1.24767,2.25,1.00
2017.03.22 23:28:00.444,1.24759,1.24767,2.25,1.00
2017.03.22 23:28:17.983,1.24761,1.24767,1.12,1.25
2017.03.22 23:28:21.485,1.2476,1.24767,1.12,1.25
2017.03.22 23:28:24.459,1.24759,1.24767,1.50,1.25
2017.03.22 23:28:24.827,1.2476,1.24767,1.37,1.25
2017.03.22 23:28:25.848,1.24761,1.24767,1.37,1.25
2017.03.22 23:28:28.814,1.2476,1.24767,1.50,1.25
2017.03.22 23:28:34.021,1.24759,1.24767,1.12,1.25
2017.03.22 23:28:38.595,1.24761,1.24767,1.37,1.25
2017.03.22 23:28:38.645,1.2476,1.24767,1.12,1.25
2017.03.22 23:28:44.615,1.2476,1.24767,1.37,1.25
2017.03.22 23:28:45.619,1.24759,1.24767,1.12,1.25
2017.03.22 23:28:50.097,1.24758,1.24766,1.12,1.00
2017.03.22 23:28:50.901,1.24759,1.24766,1.12,1.00
2017.03.22 23:28:53.123,1.2476,1.24766,1.12,1.00
2017.03.22 23:28:57.722,1.24759,1.24766,1.00,1.00
2017.03.22 23:28:58.276,1.24759,1.24766,1.37,1.00
2017.03.22 23:28:59.763,1.24759,1.24766,1.12,1.00
2017.03.22 23:29:01.763,1.2476,1.24766,1.12,1.00
2017.03.22 23:29:03.763,1.24759,1.24766,1.12,1.00
2017.03.22 23:29:05.362,1.24757,1.24766,1.00,1.00
2017.03.22 23:29:27.958,1.24757,1.24768,1.00,1.25
2017.03.22 23:29:29.065,1.24757,1.24768,1.50,1.69
2017.03.22 23:29:52.633,1.24758,1.24768,1.12,1.69
2017.03.22 23:29:55.683,1.24757,1.24768,1.50,1.69
2017.03.22 23:29:59.081,1.24757,1.24768,2.62,1.25
2017.03.22 23:30:02.714,1.24758,1.24768,1.37,1.25
2017.03.22 23:30:05.184,1.24757,1.24768,1.87,2.06
2017.03.22 23:30:05.717,1.24758,1.24768,1.12,1.25
2017.03.22 23:30:18.656,1.24759,1.24768,1.37,1.25
2017.03.22 23:30:19.711,1.24757,1.24768,1.50,1.25
2017.03.22 23:30:23.974,1.24758,1.24768,1.50,1.25
2017.03.22 23:30:25.750,1.24757,1.24768,1.37,1.69
2017.03.22 23:30:26.330,1.24756,1.24768,3.75,1.69
2017.03.22 23:30:26.917,1.24757,1.24768,1.37,1.25
2017.03.22 23:30:27.752,1.24758,1.24768,1.37,1.31
2017.03.22 23:30:39.160,1.24756,1.24768,2.62,1.25
2017.03.22 23:30:39.211,1.24758,1.24768,1.00,1.25
2017.03.22 23:30:51.670,1.24759,1.24769,1.00,1.69
2017.03.22 23:30:52.187,1.24758,1.24769,1.00,2.06
2017.03.22 23:31:10.066,1.24758,1.24768,1.00,1.19
2017.03.22 23:31:14.058,1.24758,1.24769,1.00,1.69
2017.03.22 23:31:25.061,1.24758,1.24768,1.50,1.19
2017.03.22 23:31:29.060,1.24758,1.24769,1.00,1.69
2017.03.22 23:31:31.762,1.24759,1.24768,1.12,1.25
2017.03.22 23:31:32.974,1.24757,1.24768,2.25,1.25
2017.03.22 23:31:36.792,1.24758,1.24768,1.12,1.25
2017.03.22 23:31:40.059,1.24758,1.24768,1.12,1.69
2017.03.22 23:31:40.789,1.24759,1.24768,1.37,1.69
2017.03.22 23:31:42.815,1.24758,1.24768,1.12,2.44
2017.03.22 23:31:46.904,1.24757,1.24768,1.87,1.69
2017.03.22 23:31:53.196,1.24758,1.24768,2.62,1.19
2017.03.22 23:31:53.903,1.24759,1.24768,1.12,1.19
2017.03.22 23:31:54.341,1.24757,1.24767,1.50,1.25
2017.03.22 23:32:02.009,1.24758,1.24767,1.00,1.00
2017.03.22 23:32:02.582,1.24758,1.24768,1.87,1.25
2017.03.22 23:32:03.069,1.24759,1.24768,1.37,1.25
2017.03.22 23:32:21.966,1.24756,1.24767,1.50,1.00
2017.03.22 23:32:22.605,1.24756,1.24767,1.87,1.00
2017.03.22 23:32:23.950,1.24756,1.24767,2.25,1.00
2017.03.22 23:32:25.983,1.24756,1.24767,3.00,1.00
2017.03.22 23:32:27.371,1.24756,1.24759,1.87,1.00
2017.03.22 23:32:27.525,1.24746,1.24759,6.75,1.12
2017.03.22 23:32:27.576,1.24748,1.24758,1.50,1.00
2017.03.22 23:32:28.109,1.24749,1.24758,1.50,1.00
2017.03.22 23:32:28.210,1.24749,1.2476,1.50,2.44
2017.03.22 23:32:32.213,1.24749,1.2476,1.50,2.06
2017.03.22 23:32:39.655,1.24748,1.24758,2.25,1.19
2017.03.22 23:32:42.540,1.24749,1.24758,1.00,1.19
2017.03.22 23:32:43.057,1.24748,1.24758,2.62,1.19
2017.03.22 23:32:44.628,1.24749,1.24758,1.37,1.19
2017.03.22 23:32:46.471,1.24748,1.24758,3.00,1.19
2017.03.22 23:32:48.505,1.24748,1.24758,3.00,1.25
2017.03.22 23:32:49.407,1.24749,1.24757,1.37,1.00
2017.03.22 23:32:50.421,1.24748,1.24757,2.25,1.00
2017.03.22 23:32:50.945,1.24748,1.24759,1.50,1.19
2017.03.22 23:32:53.897,1.24747,1.24759,4.12,1.19
2017.03.22 23:33:00.443,1.24748,1.24759,2.62,1.19
2017.03.22 23:33:06.060,1.24748,1.24759,2.62,1.25
2017.03.22 23:33:13.480,1.24747,1.24759,2.25,1.25
2017.03.22 23:33:14.060,1.24747,1.24759,2.25,1.19
2017.03.22 23:33:16.813,1.24747,1.24759,3.37,1.69
2017.03.22 23:33:17.512,1.24748,1.24759,1.00,1.19
2017.03.22 23:33:25.083,1.24748,1.24759,2.62,1.25
2017.03.22 23:33:30.004,1.24749,1.24759,1.37,2.06
2017.03.22 23:33:34.664,1.24749,1.24757,1.37,1.00
2017.03.22 23:33:34.715,1.24747,1.24756,2.62,1.00
2017.03.22 23:33:35.670,1.24747,1.24757,1.87,1.00
2017.03.22 23:33:36.272,1.24748,1.24758,1.00,1.12
2017.03.22 23:33:37.232,1.24748,1.2476,1.12,2.81
2017.03.22 23:33:38.722,1.24747,1.2476,4.12,1.69
2017.03.22 23:33:39.557,1.24748,1.2476,1.00,1.28
2017.03.22 23:33:41.608,1.24747,1.2476,1.50,2.44
2017.03.22 23:33:42.346,1.24748,1.2476,1.00,1.19
2017.03.22 23:33:44.096,1.24748,1.2476,1.00,1.69
2017.03.22 23:33:48.518,1.24749,1.24759,1.00,1.31
2017.03.22 23:33:52.784,1.24748,1.24759,1.87,1.19
2017.03.22 23:33:53.873,1.24749,1.2476,1.00,1.69
2017.03.22 23:33:55.071,1.24749,1.2476,1.00,1.19
2017.03.22 23:33:55.619,1.24748,1.2476,1.00,1.31
2017.03.22 23:34:00.032,1.24748,1.2476,1.87,1.69
2017.03.22 23:34:03.049,1.24748,1.24759,1.50,1.31
2017.03.22 23:34:04.250,1.24749,1.24759,1.00,1.31
2017.03.22 23:34:06.725,1.24747,1.24758,1.00,1.50
2017.03.22 23:34:07.261,1.24748,1.2476,1.00,2.06
2017.03.22 23:34:14.060,1.24748,1.24759,1.00,1.19
2017.03.22 23:34:21.565,1.24748,1.24759,1.87,1.19
2017.03.22 23:34:22.105,1.24748,1.24759,1.00,1.19
2017.03.22 23:34:25.060,1.24748,1.24759,1.00,1.69
2017.03.22 23:34:30.108,1.24748,1.24759,1.87,1.25
2017.03.22 23:34:30.210,1.24748,1.24757,2.62,1.00
2017.03.22 23:34:30.591,1.24748,1.24759,1.00,1.00
2017.03.22 23:34:36.070,1.24748,1.24758,1.00,1.00
2017.03.22 23:34:39.572,1.24747,1.24759,1.12,2.06
2017.03.22 23:34:44.058,1.24747,1.24759,1.87,2.06
2017.03.22 23:34:44.813,1.24748,1.24759,1.37,1.19
2017.03.22 23:34:49.867,1.24747,1.24758,1.12,3.19
2017.03.22 23:34:52.842,1.24747,1.24757,1.87,1.00
2017.03.22 23:34:55.000,1.24746,1.24757,1.12,1.87
2017.03.22 23:34:55.051,1.24746,1.24758,2.25,2.44
2017.03.22 23:34:56.853,1.24746,1.24758,3.75,3.19
2017.03.22 23:35:01.914,1.24748,1.24758,1.12,1.25
2017.03.22 23:35:01.965,1.24746,1.24758,3.00,2.06
2017.03.22 23:35:02.513,1.24746,1.24757,3.75,1.00
2017.03.22 23:35:07.348,1.24749,1.24757,1.37,1.00
2017.03.22 23:35:09.534,1.24749,1.24759,1.37,2.44
2017.03.22 23:35:12.339,1.24748,1.24758,1.37,1.00
2017.03.22 23:35:20.392,1.24749,1.24759,1.37,2.44
2017.03.22 23:35:20.915,1.24749,1.24758,1.37,1.00
2017.03.22 23:35:31.410,1.24748,1.24758,1.37,1.00
2017.03.22 23:35:36.720,1.24748,1.24757,1.37,1.00
2017.03.22 23:35:36.771,1.24747,1.24757,1.12,3.00
2017.03.22 23:35:37.764,1.24746,1.24757,2.62,1.12
2017.03.22 23:35:38.285,1.24747,1.24757,1.00,1.12
2017.03.22 23:35:38.837,1.24746,1.24757,2.62,1.12
2017.03.22 23:35:40.423,1.24747,1.24757,1.00,1.12
2017.03.22 23:35:41.175,1.24746,1.24757,2.62,1.12
2017.03.22 23:35:42.763,1.24747,1.24757,1.00,1.12
2017.03.22 23:35:43.310,1.24746,1.24757,2.62,1.12
2017.03.22 23:35:45.087,1.24747,1.24757,1.00,1.12
2017.03.22 23:35:45.643,1.24746,1.24757,2.62,1.12
2017.03.22 23:35:46.577,1.24747,1.24757,1.00,1.12
2017.03.22 23:35:47.758,1.24746,1.24757,2.62,1.12
2017.03.22 23:35:48.864,1.24747,1.24757,1.00,1.12
2017.03.22 23:35:49.758,1.24746,1.24757,2.62,1.12
2017.03.22 23:35:50.418,1.24747,1.24757,1.00,1.12
2017.03.22 23:35:50.925,1.24746,1.24757,2.62,1.12
2017.03.22 23:35:52.933,1.24747,1.24757,1.00,1.12
2017.03.22 23:35:53.474,1.24746,1.24757,2.62,1.12
2017.03.22 23:35:54.066,1.24747,1.24757,1.00,1.12
2017.03.22 23:35:54.763,1.24746,1.24757,2.62,1.12
2017.03.22 23:35:55.066,1.24748,1.24756,1.37,1.00
2017.03.22 23:35:55.506,1.24748,1.24758,1.12,1.00
2017.03.22 23:36:05.085,1.24747,1.24759,1.87,1.31
2017.03.22 23:36:05.187,1.24747,1.24756,2.62,1.00
2017.03.22 23:36:30.869,1.24747,1.24758,2.25,2.25
2017.03.22 23:36:31.944,1.24748,1.24757,1.12,1.00
2017.03.22 23:36:33.485,1.24748,1.24757,2.25,1.00
2017.03.22 23:36:33.986,1.24748,1.24757,1.12,1.00
2017.03.22 23:36:39.124,1.24748,1.24757,2.25,1.50
2017.03.22 23:36:47.029,1.24748,1.24757,1.00,1.00
2017.03.22 23:36:50.318,1.24748,1.24757,1.87,1.50
2017.03.22 23:36:51.097,1.24748,1.24757,1.00,1.50
2017.03.22 23:37:19.049,1.24747,1.24757,1.50,1.00
2017.03.22 23:37:22.440,1.24748,1.24757,1.37,1.00
2017.03.22 23:37:29.113,1.24747,1.24756,1.00,1.00
2017.03.22 23:37:29.214,1.24747,1.24758,1.00,1.00
2017.03.22 23:37:30.257,1.24747,1.24757,1.00,1.00
2017.03.22 23:37:31.335,1.24747,1.24758,1.50,1.00
2017.03.22 23:37:32.162,1.24747,1.24757,1.00,1.00
2017.03.22 23:37:34.188,1.24747,1.24758,1.00,1.00
2017.03.22 23:37:34.712,1.24747,1.24757,1.00,1.00
2017.03.22 23:37:36.586,1.24747,1.24756,1.00,1.00
2017.03.22 23:37:36.687,1.24747,1.24754,1.50,1.00
2017.03.22 23:37:37.632,1.24746,1.24754,1.87,1.00
2017.03.22 23:37:37.834,1.24746,1.24757,1.87,1.31
2017.03.22 23:37:38.352,1.24747,1.24757,1.00,1.45
2017.03.22 23:37:38.883,1.24746,1.24757,1.87,1.38
2017.03.22 23:37:39.347,1.24746,1.24754,1.87,1.00
2017.03.22 23:37:39.715,1.24747,1.24756,1.00,1.25
2017.03.22 23:37:46.567,1.24747,1.24757,1.00,1.50
2017.03.22 23:37:51.493,1.24748,1.24757,1.37,1.50
2017.03.22 23:37:51.847,1.24748,1.24754,1.37,1.00
2017.03.22 23:37:52.072,1.24748,1.24755,1.37,1.00
2017.03.22 23:37:52.173,1.24748,1.24757,1.37,1.00
2017.03.22 23:37:52.275,1.24748,1.24755,1.37,1.00
2017.03.22 23:37:52.376,1.24748,1.24757,1.37,1.09
2017.03.22 23:37:52.477,1.24748,1.24755,1.37,1.00
2017.03.22 23:37:52.629,1.24748,1.24757,1.37,1.00
2017.03.22 23:37:52.680,1.24748,1.24755,1.12,1.00
2017.03.22 23:37:52.781,1.24748,1.24757,1.12,1.09
2017.03.22 23:37:52.933,1.24747,1.24755,1.12,1.00
2017.03.22 23:37:53.035,1.24747,1.24757,1.12,1.09
2017.03.22 23:37:53.137,1.24747,1.24755,1.87,1.00
2017.03.22 23:37:53.238,1.24747,1.24757,1.00,1.09
2017.03.22 23:37:55.152,1.24747,1.24755,1.87,1.00
2017.03.22 23:37:55.354,1.24747,1.24757,1.87,1.00
2017.03.22 23:37:55.941,1.24747,1.24756,1.00,1.00
2017.03.22 23:38:12.829,1.24747,1.24757,1.00,1.50
2017.03.22 23:38:20.623,1.24748,1.24757,1.00,1.12
2017.03.22 23:38:34.082,1.2475,1.24757,1.00,1.12
2017.03.22 23:38:35.914,1.2475,1.24758,1.00,1.00
2017.03.22 23:38:40.095,1.2475,1.24756,1.00,1.12
2017.03.22 23:38:45.160,1.2475,1.24758,1.00,1.87
2017.03.22 23:39:06.432,1.2475,1.24757,1.00,1.37
2017.03.22 23:39:07.470,1.2475,1.24758,1.00,1.87
2017.03.22 23:39:08.466,1.2475,1.24758,1.00,1.87
2017.03.22 23:39:09.481,1.2475,1.24758,1.00,1.87
2017.03.22 23:39:12.480,1.2475,1.24758,1.00,1.00
2017.03.22 23:40:00.986,1.2475,1.24758,1.00,1.87
2017.03.22 23:40:02.986,1.2475,1.24758,1.00,1.12
2017.03.22 23:40:13.610,1.2475,1.24759,1.00,1.12
2017.03.22 23:40:14.503,1.2475,1.24759,1.00,1.37
2017.03.22 23:40:17.516,1.2475,1.24759,1.00,1.12
2017.03.22 23:40:19.522,1.2475,1.24759,1.00,1.37
2017.03.22 23:40:31.946,1.24751,1.24759,1.00,1.37
2017.03.22 23:40:46.607,1.24748,1.24759,1.00,2.25
2017.03.22 23:41:01.614,1.24749,1.24759,1.12,1.87
2017.03.22 23:41:02.587,1.24748,1.24759,2.25,1.00
2017.03.22 23:41:10.803,1.24749,1.24759,1.00,1.00
2017.03.22 23:41:11.568,1.2475,1.24759,1.00,1.00
2017.03.22 23:41:20.766,1.24749,1.24759,1.00,1.12
2017.03.22 23:41:20.817,1.24749,1.24757,1.00,1.00
2017.03.22 23:41:21.765,1.24749,1.24758,1.50,1.00
2017.03.22 23:41:25.014,1.24748,1.24758,1.00,1.00
2017.03.22 23:41:25.532,1.24747,1.24757,1.50,1.12
2017.03.22 23:41:28.827,1.24745,1.2475,1.87,1.00
2017.03.22 23:41:28.979,1.24739,1.24749,4.12,1.12
2017.03.22 23:41:29.030,1.24738,1.24749,1.62,1.12
2017.03.22 23:41:29.081,1.24738,1.24749,1.25,1.12
2017.03.22 23:41:33.953,1.24737,1.24749,3.19,1.87
2017.03.22 23:41:35.064,1.24737,1.24741,1.12,1.00
2017.03.22 23:41:35.216,1.24737,1.24747,3.00,1.94
2017.03.22 23:41:35.344,1.24735,1.24744,1.00,1.00
2017.03.22 23:41:35.446,1.24734,1.24742,1.10,1.00
2017.03.22 23:41:35.639,1.24731,1.24742,1.00,2.06
2017.03.22 23:41:36.146,1.2473,1.24741,2.70,1.00
2017.03.22 23:41:37.994,1.24731,1.24741,1.00,1.00
2017.03.22 23:41:39.314,1.24739,1.24743,1.00,1.00
2017.03.22 23:41:39.467,1.24743,1.24751,1.00,3.82
2017.03.22 23:41:39.518,1.24745,1.24752,1.00,1.12
2017.03.22 23:41:40.066,1.24744,1.24753,1.00,1.37
2017.03.22 23:41:41.493,1.24744,1.24748,1.00,1.87
2017.03.22 23:41:41.544,1.24736,1.24745,1.20,1.87
2017.03.22 23:41:41.646,1.24735,1.24744,1.45,3.00
2017.03.22 23:41:41.697,1.24734,1.24742,1.00,1.50
2017.03.22 23:41:41.950,1.24734,1.24744,1.00,1.25
2017.03.22 23:41:42.456,1.24734,1.24744,1.00,2.06
2017.03.22 23:41:48.386,1.24734,1.24743,1.00,1.87
2017.03.22 23:41:49.339,1.24734,1.24743,1.00,1.87
2017.03.22 23:41:50.066,1.24732,1.24742,1.00,1.87
2017.03.22 23:41:51.098,1.24731,1.24741,1.00,1.12
2017.03.22 23:41:52.064,1.24731,1.24742,1.50,1.94
2017.03.22 23:41:55.840,1.24731,1.24741,1.00,1.00
2017.03.22 23:41:56.366,1.24731,1.24742,1.00,1.00
2017.03.22 23:41:59.217,1.24731,1.24741,1.00,1.19
2017.03.22 23:42:00.029,1.24732,1.24741,1.00,2.44
2017.03.22 23:42:00.080,1.24727,1.24738,1.95,1.69
2017.03.22 23:42:00.131,1.24726,1.24731,2.70,1.00
2017.03.22 23:42:00.182,1.24724,1.24731,2.32,1.09
2017.03.22 23:42:00.334,1.24722,1.24731,1.00,1.09
2017.03.22 23:42:00.927,1.24723,1.24732,1.00,1.19
2017.03.22 23:42:01.477,1.24722,1.24732,1.00,1.19
2017.03.22 23:42:10.487,1.24721,1.24731,1.12,2.06
2017.03.22 23:42:27.035,1.2472,1.24726,1.20,1.00
2017.03.22 23:42:27.562,1.24716,1.24726,4.87,1.00
2017.03.22 23:42:28.077,1.24719,1.24727,1.17,1.00
2017.03.22 23:42:28.229,1.24718,1.24727,1.12,1.00
2017.03.22 23:42:28.844,1.24718,1.24728,1.95,1.25
2017.03.22 23:42:29.043,1.24718,1.24726,1.00,1.00
2017.03.22 23:42:37.723,1.24718,1.24727,1.50,1.12
2017.03.22 23:42:38.251,1.24718,1.24727,1.12,1.12
2017.03.22 23:42:38.558,1.24718,1.24728,1.87,3.00
2017.03.22 23:42:39.380,1.24718,1.24728,2.25,3.00
2017.03.22 23:42:39.944,1.24718,1.24728,3.00,2.62
2017.03.22 23:42:40.535,1.24719,1.24727,1.50,1.00
2017.03.22 23:42:41.085,1.24718,1.24728,3.75,1.12
2017.03.22 23:42:41.616,1.24718,1.24728,3.00,1.12
2017.03.22 23:42:43.285,1.24717,1.24724,1.50,1.00
2017.03.22 23:42:43.336,1.24716,1.24725,1.37,1.00
2017.03.22 23:42:43.438,1.24718,1.24728,1.12,2.69
2017.03.22 23:42:43.489,1.24716,1.24726,2.62,1.00
2017.03.22 23:42:44.029,1.24717,1.24726,1.12,1.00
2017.03.22 23:42:46.422,1.24718,1.24726,1.00,1.00
2017.03.22 23:42:46.979,1.24717,1.24726,1.50,1.00
2017.03.22 23:42:48.845,1.24716,1.24726,5.32,1.00
2017.03.22 23:42:49.729,1.24718,1.24728,1.00,3.37
2017.03.22 23:42:50.033,1.2472,1.24728,1.37,1.00
2017.03.22 23:42:50.747,1.24718,1.24728,1.00,1.50
2017.03.22 23:42:51.612,1.24717,1.24728,2.25,1.50
2017.03.22 23:42:52.118,1.24718,1.24728,2.25,1.50
2017.03.22 23:42:52.169,1.24718,1.24728,2.40,1.50
2017.03.22 23:42:52.321,1.24717,1.24728,1.87,1.50
2017.03.22 23:42:52.594,1.24719,1.24728,1.20,1.00
2017.03.22 23:42:53.671,1.24718,1.24728,1.55,1.00
2017.03.22 23:42:54.524,1.24718,1.24728,1.55,1.00
2017.03.22 23:42:55.526,1.24718,1.24728,2.02,1.00
2017.03.22 23:42:56.429,1.24718,1.24728,2.02,1.00
2017.03.22 23:42:56.884,1.24717,1.24727,3.37,1.00
2017.03.22 23:42:57.543,1.24718,1.24727,1.12,1.00
2017.03.22 23:42:58.543,1.24717,1.24727,2.62,1.00
2017.03.22 23:43:04.723,1.24718,1.24727,1.12,1.25
2017.03.22 23:43:05.368,1.24717,1.24727,1.50,1.25
2017.03.22 23:43:05.898,1.24718,1.24727,1.12,1.25
2017.03.22 23:43:06.724,1.24717,1.24727,1.50,1.25
2017.03.22 23:43:08.530,1.24718,1.24727,1.12,1.69
2017.03.22 23:43:13.581,1.24717,1.24727,1.50,1.12
2017.03.22 23:43:14.087,1.24718,1.24728,1.12,1.37
2017.03.22 23:43:14.138,1.24718,1.24729,1.00,1.00
2017.03.22 23:43:14.340,1.2472,1.2473,1.00,1.00
2017.03.22 23:43:16.010,1.24718,1.24726,1.00,1.00
2017.03.22 23:43:16.115,1.24715,1.24725,1.07,1.00
2017.03.22 23:43:16.166,1.24714,1.24723,1.20,2.25
2017.03.22 23:43:16.421,1.24709,1.24719,1.12,1.12
2017.03.22 23:43:17.047,1.24709,1.2472,1.00,1.50
2017.03.22 23:43:25.477,1.24709,1.2472,1.87,3.00
2017.03.22 23:43:28.657,1.24709,1.24719,1.12,1.37
2017.03.22 23:43:31.644,1.24709,1.2472,1.00,2.62
2017.03.22 23:43:35.703,1.24709,1.24719,1.87,1.37
2017.03.22 23:43:38.562,1.24708,1.24719,1.00,1.87
2017.03.22 23:43:39.552,1.24708,1.24718,1.12,1.37
2017.03.22 23:43:42.501,1.24708,1.24719,1.87,1.12
2017.03.22 23:43:42.551,1.24708,1.24717,1.12,1.12
2017.03.22 23:43:43.204,1.24712,1.24717,1.00,1.12
2017.03.22 23:43:43.305,1.24712,1.24721,1.00,1.87
2017.03.22 23:43:43.609,1.24715,1.24725,1.00,2.32
2017.03.22 23:43:43.711,1.24716,1.24727,1.00,1.07
2017.03.22 23:43:44.065,1.24718,1.24727,1.00,1.00
2017.03.22 23:43:44.230,1.24718,1.24729,1.50,1.69
2017.03.22 23:43:44.432,1.24719,1.24727,1.00,1.50
2017.03.22 23:43:45.163,1.24718,1.24727,1.50,1.00
2017.03.22 23:43:47.189,1.24718,1.24729,1.50,1.25
2017.03.22 23:43:47.703,1.24719,1.24729,1.00,1.25
2017.03.22 23:43:50.034,1.24719,1.24728,1.00,1.12
2017.03.22 23:43:52.855,1.24719,1.24725,1.00,1.00
2017.03.22 23:43:53.874,1.24718,1.24725,1.00,1.00
2017.03.22 23:43:54.076,1.24718,1.24727,1.00,1.00
2017.03.22 23:43:54.269,1.2472,1.24728,1.00,1.00
2017.03.22 23:43:59.100,1.24718,1.24728,1.87,1.00
2017.03.22 23:44:09.642,1.2472,1.24728,1.00,1.00
2017.03.22 23:44:14.201,1.2472,1.24727,1.00,1.00
2017.03.22 23:44:14.759,1.2472,1.24728,1.00,1.00
2017.03.22 23:44:17.167,1.24727,1.24732,1.00,1.94
2017.03.22 23:44:17.320,1.24727,1.24737,3.00,1.50
2017.03.22 23:44:17.826,1.24728,1.24738,1.50,1.50
2017.03.22 23:44:33.403,1.24728,1.24738,1.50,1.00
2017.03.22 23:44:38.367,1.2473,1.24738,1.37,1.00
2017.03.22 23:44:39.348,1.24729,1.24738,1.12,1.00
2017.03.22 23:44:42.999,1.24729,1.2474,1.12,1.50
2017.03.22 23:44:43.881,1.24728,1.2474,1.12,1.50
2017.03.22 23:44:45.149,1.2473,1.2474,1.00,1.87
2017.03.22 23:44:45.656,1.2473,1.24739,1.00,2.25
2017.03.22 23:44:46.326,1.24729,1.24738,1.00,1.50
2017.03.22 23:44:46.855,1.24731,1.2474,1.00,1.12
2017.03.22 23:44:54.113,1.24732,1.24741,1.00,1.37
2017.03.22 23:44:55.034,1.24731,1.2474,1.00,1.12
2017.03.22 23:44:57.734,1.24732,1.2474,1.00,1.00
2017.03.22 23:44:58.740,1.24732,1.2474,1.00,1.50
2017.03.22 23:45:01.112,1.24731,1.24739,1.00,1.12
2017.03.22 23:45:01.657,1.24731,1.24741,1.00,1.37
2017.03.22 23:45:03.655,1.24734,1.24742,1.00,2.25
2017.03.22 23:45:03.807,1.24736,1.24745,1.00,1.87
2017.03.22 23:45:03.858,1.24738,1.24746,1.00,2.62
2017.03.22 23:45:04.010,1.24742,1.24749,1.00,1.12
2017.03.22 23:45:04.215,1.24739,1.24746,1.00,1.00
2017.03.22 23:45:04.721,1.24738,1.24745,1.50,1.00
2017.03.22 23:45:05.241,1.24736,1.24745,1.00,1.00
2017.03.22 23:45:05.766,1.24736,1.24744,1.00,1.00
2017.03.22 23:45:08.463,1.24737,1.24744,1.00,1.00
2017.03.22 23:45:08.615,1.24737,1.24746,1.00,1.00
2017.03.22 23:45:09.128,1.24738,1.24747,1.00,1.00
2017.03.22 23:45:10.550,1.24738,1.24746,1.00,1.00
2017.03.22 23:45:12.207,1.24737,1.24743,1.10,1.00
2017.03.22 23:45:12.309,1.24732,1.24741,2.25,1.00
2017.03.22 23:45:12.866,1.24735,1.24745,1.00,1.09
2017.03.22 23:45:12.968,1.24736,1.24746,1.87,1.57
2017.03.22 23:45:17.313,1.24737,1.24746,1.37,1.00
2017.03.22 23:45:17.365,1.24734,1.24743,1.95,1.00
2017.03.22 23:45:17.872,1.24732,1.24743,1.87,1.00
2017.03.22 23:45:18.414,1.24734,1.24744,1.12,1.00
2017.03.22 23:45:18.465,1.24735,1.24743,1.20,1.00
2017.03.22 23:45:18.567,1.24734,1.24743,1.00,1.00
2017.03.22 23:45:19.621,1.24732,1.24743,1.50,1.00
2017.03.22 23:45:20.625,1.24732,1.24743,1.50,1.00
2017.03.22 23:45:24.630,1.24732,1.24743,1.50,1.00
2017.03.22 23:45:25.811,1.24732,1.24741,1.50,1.00
2017.03.22 23:45:26.393,1.24733,1.24742,1.50,1.00
2017.03.22 23:45:26.969,1.24734,1.24742,1.12,1.00
2017.03.22 23:45:27.552,1.24732,1.24742,2.25,1.00
2017.03.22 23:45:31.152,1.24732,1.24742,3.37,1.00
2017.03.22 23:45:38.116,1.24733,1.24744,1.00,1.50
2017.03.22 23:45:40.157,1.24733,1.24743,1.12,1.00
2017.03.22 23:45:40.680,1.24733,1.24744,1.00,1.87
2017.03.22 23:45:46.409,1.24733,1.24744,1.87,1.12
2017.03.22 23:45:46.926,1.24733,1.24744,1.00,1.12
2017.03.22 23:45:47.337,1.24736,1.24746,1.00,1.87
2017.03.22 23:45:47.388,1.24736,1.24746,1.00,1.00
2017.03.22 23:45:47.439,1.24734,1.24745,1.00,1.87
2017.03.22 23:45:57.872,1.24734,1.24746,1.12,1.12
2017.03.22 23:46:02.310,1.24735,1.24746,1.00,1.00
2017.03.22 23:46:02.564,1.24734,1.24744,1.00,1.00
2017.03.22 23:46:05.525,1.24734,1.24745,1.12,1.00
2017.03.22 23:46:07.062,1.24735,1.24746,1.00,1.12
2017.03.22 23:46:07.624,1.24734,1.24745,1.12,1.00
2017.03.22 23:46:07.788,1.24732,1.24744,1.00,1.00
2017.03.22 23:46:08.928,1.24731,1.24744,3.00,3.37
2017.03.22 23:46:09.724,1.24731,1.24744,1.87,3.37
2017.03.22 23:46:12.205,1.24731,1.24744,1.87,3.37
2017.03.22 23:46:12.525,1.24733,1.24743,1.12,1.37
2017.03.22 23:46:18.014,1.24731,1.24741,2.25,1.12
2017.03.22 23:46:18.983,1.2473,1.24741,2.25,1.00
2017.03.22 23:46:19.661,1.24731,1.24741,1.12,1.00
2017.03.22 23:46:23.891,1.24731,1.24742,1.12,1.87
2017.03.22 23:46:24.435,1.2473,1.24741,3.00,1.00
2017.03.22 23:46:24.971,1.2473,1.24741,1.12,1.50
2017.03.22 23:46:25.073,1.24732,1.24741,1.00,1.00
2017.03.22 23:46:25.585,1.24733,1.24742,1.12,1.12
2017.03.22 23:46:26.539,1.24732,1.24743,3.00,2.62
2017.03.22 23:46:29.060,1.24732,1.24743,1.87,3.37
2017.03.22 23:46:32.399,1.24733,1.24743,1.12,4.50
2017.03.22 23:46:41.254,1.24732,1.24743,3.75,3.00
2017.03.22 23:46:41.845,1.24732,1.24741,3.00,1.00
2017.03.22 23:46:42.366,1.24731,1.24741,2.62,1.50
2017.03.22 23:46:43.112,1.2473,1.24741,1.12,1.50
2017.03.22 23:46:45.787,1.2473,1.24741,1.12,1.37
2017.03.22 23:46:46.328,1.2473,1.24741,1.12,1.50
2017.03.22 23:46:46.529,1.24732,1.24741,1.12,1.50
2017.03.22 23:46:47.826,1.2473,1.2474,1.12,1.12
2017.03.22 23:46:48.443,1.24731,1.24741,1.00,1.00
2017.03.22 23:47:00.522,1.24731,1.24742,1.00,1.50
2017.03.22 23:47:00.623,1.24733,1.24745,1.00,3.37
2017.03.22 23:47:00.928,1.24736,1.24746,1.87,1.50
2017.03.22 23:47:01.384,1.2474,1.24749,1.12,2.25
2017.03.22 23:47:01.739,1.24738,1.24747,1.12,1.12
2017.03.22 23:47:02.485,1.24738,1.24749,1.12,1.12
2017.03.22 23:47:05.436,1.24739,1.24749,1.37,1.00
2017.03.22 23:47:06.414,1.24738,1.24749,1.12,1.50
2017.03.22 23:47:07.412,1.24739,1.24749,1.12,1.00
2017.03.22 23:47:09.447,1.24739,1.24749,1.37,1.00
2017.03.22 23:47:11.901,1.24739,1.24749,1.12,1.00
2017.03.22 23:47:12.826,1.2474,1.24749,1.12,1.00
2017.03.22 23:47:13.356,1.2474,1.24751,1.12,2.25
2017.03.22 23:47:13.879,1.24739,1.24751,2.62,1.87
2017.03.22 23:47:16.911,1.24741,1.24751,1.12,1.87
2017.03.22 23:47:17.442,1.24741,1.24751,1.12,1.00
2017.03.22 23:47:21.898,1.24742,1.24751,1.12,2.25
2017.03.22 23:47:27.950,1.24741,1.24751,1.50,1.87
2017.03.22 23:47:30.365,1.2474,1.2475,1.37,1.00
2017.03.22 23:47:30.792,1.2474,1.24751,1.12,1.63
2017.03.22 23:47:31.331,1.2474,1.24751,1.12,1.63
2017.03.22 23:47:31.855,1.2474,1.24751,1.37,2.38
2017.03.22 23:47:32.517,1.2474,1.24751,1.12,1.63
2017.03.22 23:47:32.720,1.2474,1.24751,1.12,1.50
2017.03.22 23:47:34.516,1.2474,1.24751,1.37,2.25
2017.03.22 23:47:38.083,1.24741,1.24751,1.12,2.62
2017.03.22 23:47:39.658,1.24741,1.24751,1.12,2.25
2017.03.22 23:47:44.953,1.2474,1.24751,1.50,2.25
2017.03.22 23:47:47.346,1.2474,1.24751,1.12,2.25
2017.03.22 23:47:47.990,1.2474,1.24751,1.37,1.50
2017.03.22 23:47:50.918,1.24738,1.24751,2.25,1.50
2017.03.22 23:47:51.445,1.2474,1.24751,1.12,2.25
2017.03.22 23:47:55.968,1.2474,1.24751,1.37,1.50
2017.03.22 23:47:56.968,1.24741,1.24751,1.37,2.25
2017.03.22 23:47:57.990,1.2474,1.24751,1.12,2.25
2017.03.22 23:48:02.986,1.24741,1.24751,1.12,2.25
2017.03.22 23:48:13.749,1.2474,1.24751,1.12,1.87
2017.03.22 23:48:14.751,1.24741,1.24751,1.12,1.50
2017.03.22 23:48:18.765,1.24742,1.24751,1.12,1.87
2017.03.22 23:48:19.245,1.24738,1.24749,2.25,1.00
2017.03.22 23:48:19.448,1.2474,1.24751,1.50,2.25
2017.03.22 23:48:20.399,1.24739,1.24749,1.12,1.00
2017.03.22 23:48:20.913,1.24739,1.2475,1.12,1.12
2017.03.22 23:48:21.415,1.2474,1.2475,1.12,1.12
2017.03.22 23:48:25.407,1.24738,1.2475,2.62,1.12
2017.03.22 23:48:25.940,1.24739,1.24749,1.37,1.00
2017.03.22 23:48:26.469,1.24739,1.24751,1.37,2.25
2017.03.22 23:48:27.166,1.2474,1.24751,1.37,2.25
2017.03.22 23:48:28.058,1.2474,1.24749,1.37,1.00
2017.03.22 23:48:28.834,1.2474,1.24749,1.12,1.00
2017.03.22 23:48:29.404,1.24738,1.24749,1.87,1.00
2017.03.22 23:48:30.041,1.24738,1.2475,1.87,1.12
2017.03.22 23:48:30.628,1.24739,1.2475,1.12,1.19
2017.03.22 23:48:31.584,1.24739,1.2475,1.12,1.09
2017.03.22 23:48:32.215,1.24739,1.24748,1.12,1.00
2017.03.22 23:48:32.367,1.24739,1.2475,1.12,1.50
2017.03.22 23:48:38.503,1.2474,1.2475,1.12,1.12
2017.03.22 23:48:39.508,1.24739,1.2475,1.12,1.12
2017.03.22 23:48:42.210,1.24738,1.24749,1.50,1.00
2017.03.22 23:48:45.390,1.24739,1.2475,1.12,1.87
2017.03.22 23:48:45.903,1.24738,1.24749,1.12,1.00
2017.03.22 23:48:46.415,1.24738,1.2475,1.12,1.87
2017.03.22 23:48:46.945,1.24738,1.2475,1.37,1.87
2017.03.22 23:48:50.527,1.2474,1.2475,1.12,1.87
2017.03.22 23:48:52.555,1.24739,1.2475,1.12,1.87
2017.03.22 23:48:53.861,1.2474,1.2475,1.12,1.12
2017.03.22 23:48:54.829,1.24738,1.2475,1.50,1.12
2017.03.22 23:48:57.182,1.2474,1.2475,1.12,1.12
2017.03.22 23:48:59.550,1.24739,1.2475,1.12,1.87
2017.03.22 23:49:01.603,1.24739,1.2475,1.37,1.87
2017.03.22 23:49:05.456,1.2474,1.24751,1.12,2.25
2017.03.22 23:49:05.576,1.24741,1.24751,1.37,2.62
2017.03.22 23:49:07.413,1.24741,1.2475,1.37,1.00
2017.03.22 23:49:10.635,1.24741,1.2475,1.12,1.00
2017.03.22 23:49:11.413,1.24741,1.24751,1.12,3.37
2017.03.22 23:49:12.211,1.24741,1.24751,1.12,2.62
2017.03.22 23:49:17.437,1.2474,1.24749,1.37,1.00
2017.03.22 23:49:26.711,1.2474,1.24749,1.12,1.00
2017.03.22 23:49:29.961,1.2474,1.24749,1.37,1.00
2017.03.22 23:49:32.742,1.24742,1.24751,1.50,1.12
2017.03.22 23:49:33.771,1.24741,1.24752,1.87,1.69
2017.03.22 23:49:36.182,1.24741,1.24752,1.12,2.44
2017.03.22 23:49:36.772,1.24742,1.2475,1.12,1.12
2017.03.22 23:49:45.203,1.24741,1.2475,1.12,1.00
2017.03.22 23:49:48.438,1.24739,1.2475,2.25,1.50
2017.03.22 23:49:54.828,1.2474,1.2475,1.12,1.12
2017.03.22 23:50:00.867,1.24741,1.24751,1.12,3.19
2017.03.22 23:50:01.854,1.2474,1.2475,1.12,1.00
2017.03.22 23:50:05.974,1.24739,1.2475,2.25,1.00
2017.03.22 23:50:06.968,1.2474,1.24751,1.12,2.44
2017.03.22 23:50:20.377,1.2474,1.24751,1.87,1.62
2017.03.22 23:50:23.056,1.2474,1.2475,2.25,1.12
2017.03.22 23:50:32.137,1.2474,1.24751,2.25,2.06
2017.03.22 23:50:39.142,1.24741,1.24751,1.37,2.44
2017.03.22 23:50:40.477,1.24741,1.24751,1.12,1.87
2017.03.22 23:50:41.518,1.24742,1.24751,1.12,2.25
2017.03.22 23:50:42.123,1.24739,1.24751,2.25,1.87
2017.03.22 23:50:42.685,1.24739,1.24752,2.62,2.44
2017.03.22 23:50:45.483,1.24741,1.24751,1.12,1.00
2017.03.22 23:50:52.449,1.24741,1.24752,1.12,3.19
2017.03.22 23:50:52.551,1.24742,1.24752,1.37,4.31
2017.03.22 23:50:53.192,1.24742,1.24752,1.37,1.69
2017.03.22 23:50:53.516,1.24749,1.24757,1.12,1.09
2017.03.22 23:50:53.820,1.24746,1.24755,1.00,1.00
2017.03.22 23:50:54.329,1.24746,1.24756,1.00,1.00
2017.03.22 23:50:54.492,1.24747,1.24758,1.00,1.75
2017.03.22 23:50:55.042,1.24748,1.24758,1.87,2.13
2017.03.22 23:50:55.559,1.24749,1.24756,1.12,1.00
2017.03.22 23:50:56.100,1.24749,1.24757,1.12,1.12
2017.03.22 23:50:56.647,1.24749,1.24758,1.12,1.75
2017.03.22 23:50:56.749,1.24749,1.24756,1.12,1.00
2017.03.22 23:50:56.991,1.24749,1.24758,1.12,1.38
2017.03.22 23:50:57.559,1.2475,1.24759,1.12,1.45
2017.03.22 23:50:58.837,1.24749,1.2476,1.12,3.70
2017.03.22 23:50:59.844,1.2475,1.24759,1.12,1.38
2017.03.22 23:51:02.855,1.2475,1.2476,1.37,2.95
2017.03.22 23:51:04.839,1.24752,1.24759,1.12,1.31
2017.03.22 23:51:04.974,1.24749,1.24759,1.37,1.31
2017.03.22 23:51:05.970,1.24751,1.24759,1.12,1.56
2017.03.22 23:51:06.979,1.2475,1.24759,1.12,1.69
2017.03.22 23:51:13.101,1.2475,1.24759,1.12,1.31
2017.03.22 23:51:14.079,1.2475,1.24759,1.12,1.62
2017.03.22 23:51:20.449,1.24749,1.24757,1.12,1.12
2017.03.22 23:51:20.956,1.24749,1.24758,1.12,1.00
2017.03.22 23:51:21.533,1.2475,1.24758,1.37,1.00
2017.03.22 23:51:23.683,1.2475,1.24759,2.25,1.00
2017.03.22 23:51:24.467,1.24751,1.24759,1.37,1.00
2017.03.22 23:51:30.557,1.24751,1.24759,1.12,1.00
2017.03.22 23:51:54.211,1.2475,1.24759,1.50,1.50
2017.03.22 23:51:55.163,1.2475,1.24759,1.37,2.25
2017.03.22 23:51:56.163,1.2475,1.24759,1.12,1.12
2017.03.22 23:52:01.008,1.2475,1.24759,1.37,1.12
2017.03.22 23:52:01.963,1.2475,1.24759,1.12,1.12
2017.03.22 23:52:04.003,1.2475,1.24759,1.37,1.12
2017.03.22 23:52:07.910,1.2475,1.24758,1.37,1.00
2017.03.22 23:52:08.421,1.2475,1.24758,1.12,1.00
2017.03.22 23:52:25.087,1.24751,1.24758,1.12,1.00
2017.03.22 23:52:29.111,1.2475,1.24758,1.12,1.00
2017.03.22 23:52:30.543,1.24749,1.24758,1.12,1.00
2017.03.22 23:52:31.314,1.2475,1.24758,1.12,1.00
2017.03.22 23:52:32.302,1.2475,1.24758,1.37,1.00
2017.03.22 23:52:35.399,1.24749,1.24758,1.50,1.00
2017.03.22 23:52:35.901,1.24749,1.24758,1.37,1.00
2017.03.22 23:52:38.776,1.2475,1.24757,1.12,1.00
2017.03.22 23:52:39.565,1.24749,1.24757,1.12,1.00
2017.03.22 23:52:39.915,1.2475,1.24759,1.00,1.00
2017.03.22 23:52:39.966,1.24753,1.24761,1.12,1.12
2017.03.22 23:52:40.017,1.2475,1.24761,2.25,1.00
2017.03.22 23:52:40.069,1.24752,1.24759,1.12,1.00
2017.03.22 23:52:40.329,1.2475,1.24759,1.12,1.12
2017.03.22 23:52:40.482,1.2475,1.24757,1.12,1.00
2017.03.22 23:52:41.514,1.24749,1.24757,1.12,1.00
2017.03.22 23:52:42.498,1.2475,1.24757,1.12,1.00
2017.03.22 23:52:44.837,1.24749,1.24757,1.12,1.00
2017.03.22 23:52:45.755,1.24748,1.24757,1.12,1.00
2017.03.22 23:52:46.804,1.24748,1.24757,1.37,1.00
2017.03.22 23:52:51.146,1.24749,1.24758,1.12,1.00
2017.03.22 23:52:51.653,1.2475,1.24759,1.12,1.00
2017.03.22 23:52:52.175,1.24751,1.24761,1.00,1.25
2017.03.22 23:52:52.790,1.2475,1.24761,1.87,1.00
2017.03.22 23:52:53.794,1.24752,1.24761,1.12,1.00
2017.03.22 23:52:55.129,1.24751,1.24761,1.12,1.00
2017.03.22 23:52:56.114,1.24753,1.24761,1.12,1.00
2017.03.22 23:52:58.111,1.24753,1.24761,1.37,1.00
2017.03.22 23:52:58.938,1.24752,1.24761,1.37,1.00
2017.03.22 23:52:59.598,1.24752,1.24761,1.50,1.00
2017.03.22 23:53:23.355,1.24752,1.24761,2.62,1.00
2017.03.22 23:53:23.647,1.24751,1.24761,1.50,1.00
2017.03.22 23:53:24.640,1.24752,1.24761,1.12,1.00
2017.03.22 23:53:25.628,1.24751,1.24761,1.12,1.00
2017.03.22 23:53:31.941,1.24752,1.24761,1.12,1.00
2017.03.22 23:53:33.849,1.24752,1.24761,2.62,1.00
2017.03.22 23:53:34.845,1.24752,1.24761,1.12,1.00
2017.03.22 23:53:36.706,1.24751,1.24761,1.50,1.00
2017.03.22 23:53:41.572,1.2475,1.24761,1.50,1.00
2017.03.22 23:53:42.456,1.24751,1.24761,1.37,1.00
2017.03.22 23:53:46.466,1.2475,1.24761,1.50,1.00
2017.03.22 23:53:49.595,1.2475,1.2476,1.50,1.12
2017.03.22 23:53:49.905,1.24749,1.24757,1.50,1.00
2017.03.22 23:53:50.663,1.24749,1.24758,1.37,1.00
2017.03.22 23:53:55.394,1.24749,1.24758,1.12,1.00
2017.03.22 23:54:01.915,1.24748,1.24758,1.87,1.00
2017.03.22 23:54:05.898,1.2475,1.24758,1.12,1.00
2017.03.22 23:54:08.966,1.24749,1.24758,1.50,1.00
2017.03.22 23:54:11.006,1.24749,1.24756,1.12,1.00
2017.03.22 23:54:11.059,1.24745,1.24757,3.75,1.07
2017.03.22 23:54:11.158,1.24745,1.24755,1.12,1.13
2017.03.22 23:54:11.210,1.24743,1.24755,2.25,1.26
2017.03.22 23:54:11.798,1.24743,1.24755,2.25,1.16
2017.03.22 23:54:12.304,1.24743,1.24755,1.87,1.13
2017.03.22 23:54:12.852,1.24743,1.24755,1.87,1.13
2017.03.22 23:54:13.249,1.24743,1.24755,2.25,1.00
2017.03.22 23:54:15.216,1.24744,1.24755,1.50,1.00
2017.03.22 23:54:16.195,1.24746,1.24755,1.12,1.00
2017.03.22 23:54:17.183,1.24745,1.24755,1.12,1.00
2017.03.22 23:54:18.309,1.24743,1.24755,2.25,1.50
2017.03.22 23:54:25.189,1.24745,1.24755,1.37,1.50
2017.03.22 23:54:26.162,1.24743,1.24755,1.87,1.00
2017.03.22 23:54:27.195,1.24743,1.24755,1.87,1.00
2017.03.22 23:54:28.162,1.24743,1.24755,1.87,1.00
2017.03.22 23:54:30.191,1.24744,1.24755,1.37,1.00
2017.03.22 23:54:31.182,1.24743,1.24755,1.87,1.00
2017.03.22 23:54:33.188,1.24743,1.24752,1.12,1.00
2017.03.22 23:54:33.492,1.24742,1.2475,1.37,1.16
2017.03.22 23:54:33.717,1.24741,1.24749,1.50,1.09
2017.03.22 23:54:34.223,1.24741,1.24749,1.12,1.07
2017.03.22 23:54:34.737,1.24739,1.24749,1.12,1.07
2017.03.22 23:54:35.271,1.24739,1.24749,1.12,1.09
2017.03.22 23:54:35.774,1.2474,1.24749,1.12,1.09
2017.03.22 23:54:37.233,1.24739,1.24749,1.12,1.09
2017.03.22 23:54:42.335,1.2474,1.24749,1.12,1.09
2017.03.22 23:55:01.824,1.24739,1.24749,1.12,1.00
2017.03.22 23:55:02.336,1.24739,1.24749,1.12,1.37
2017.03.22 23:55:02.838,1.2474,1.24749,1.12,1.37
2017.03.22 23:55:03.849,1.24738,1.24749,1.37,1.37
2017.03.22 23:55:05.599,1.2474,1.24749,1.12,1.37
2017.03.22 23:55:06.602,1.24739,1.24749,1.12,1.37
2017.03.22 23:55:07.153,1.24739,1.24749,1.12,1.00
2017.03.22 23:55:10.731,1.24739,1.24747,1.12,1.00
2017.03.22 23:55:11.257,1.24738,1.24747,1.12,1.00
2017.03.22 23:55:11.561,1.24736,1.24744,1.37,1.00
2017.03.22 23:55:11.612,1.24735,1.24743,1.50,1.50
2017.03.22 23:55:12.157,1.24735,1.24743,1.12,1.00
2017.03.22 23:55:12.647,1.24733,1.24743,1.12,1.00
2017.03.22 23:55:15.633,1.24733,1.24743,1.37,1.00
2017.03.22 23:55:16.384,1.24733,1.24744,1.87,1.00
2017.03.22 23:55:17.033,1.24734,1.24744,1.50,1.00
2017.03.22 23:55:17.311,1.24737,1.24746,1.37,1.00
2017.03.22 23:55:17.565,1.24735,1.24746,2.25,1.00
2017.03.22 23:55:18.073,1.24735,1.24745,1.12,1.00
2017.03.22 23:55:18.622,1.24734,1.24745,3.00,1.00
2017.03.22 23:55:20.713,1.24738,1.24746,1.00,1.00
2017.03.22 23:55:21.067,1.24738,1.24746,1.00,1.13
2017.03.22 23:55:24.349,1.24738,1.24746,1.00,1.00
2017.03.22 23:55:26.397,1.24739,1.24747,1.00,1.00
2017.03.22 23:55:26.449,1.2474,1.24749,1.00,1.87
2017.03.22 23:55:26.702,1.24739,1.24747,1.00,1.00
2017.03.22 23:55:27.209,1.24739,1.24748,1.00,1.00
2017.03.22 23:55:27.801,1.24739,1.24747,1.00,1.00
2017.03.22 23:55:29.983,1.24739,1.24746,1.00,1.00
2017.03.22 23:55:30.677,1.24739,1.24748,1.00,1.37
2017.03.22 23:55:34.030,1.24739,1.24746,1.00,1.87
2017.03.22 23:55:34.184,1.24736,1.24745,1.12,1.00
2017.03.22 23:55:34.336,1.24735,1.24741,1.00,1.00
2017.03.22 23:55:34.438,1.24738,1.24748,1.00,1.50
2017.03.22 23:55:34.489,1.2474,1.24748,1.00,1.12
2017.03.22 23:55:34.793,1.24739,1.24747,1.12,1.13
2017.03.22 23:55:34.895,1.24737,1.24745,1.12,1.13
2017.03.22 23:55:35.401,1.24736,1.24747,1.00,1.13
2017.03.22 23:55:41.080,1.24736,1.24746,1.00,1.00
2017.03.22 23:55:47.212,1.24736,1.24745,1.00,1.00
2017.03.22 23:55:47.415,1.24738,1.24748,1.00,1.37
2017.03.22 23:55:47.716,1.24737,1.24745,1.00,1.00
2017.03.22 23:55:47.969,1.24737,1.24747,1.00,1.12
2017.03.22 23:55:57.093,1.24737,1.24747,1.00,1.26
2017.03.22 23:56:00.118,1.24737,1.24745,1.00,1.16
2017.03.22 23:56:02.366,1.24737,1.24748,1.87,1.07
2017.03.22 23:56:02.417,1.24738,1.24748,1.12,1.12
2017.03.22 23:56:02.849,1.2474,1.2475,1.87,2.25
2017.03.22 23:56:02.951,1.24741,1.24751,1.00,1.87
2017.03.22 23:56:03.465,1.24741,1.24751,1.00,2.01
2017.03.22 23:56:03.567,1.24741,1.24751,1.00,1.87
2017.03.22 23:56:05.191,1.24742,1.24752,1.00,1.37
2017.03.22 23:56:07.152,1.24741,1.24749,1.87,1.00
2017.03.22 23:56:07.676,1.24741,1.2475,1.87,1.12
2017.03.22 23:56:18.847,1.2474,1.24746,1.12,1.00
2017.03.22 23:56:19.970,1.24739,1.24746,1.12,1.00
2017.03.22 23:56:22.979,1.2474,1.24746,1.12,1.00
2017.03.22 23:56:23.984,1.24739,1.24746,1.12,1.00
2017.03.22 23:56:25.765,1.24738,1.24746,1.12,1.00
2017.03.22 23:56:26.481,1.24739,1.24741,1.12,1.00
2017.03.22 23:56:26.532,1.24735,1.24739,1.12,1.00
2017.03.22 23:56:26.634,1.2473,1.24737,3.00,1.00
2017.03.22 23:56:26.759,1.2473,1.24738,2.25,1.00
2017.03.22 23:56:36.574,1.24731,1.24738,1.12,1.00
2017.03.22 23:56:40.625,1.24729,1.24738,1.12,1.00
2017.03.22 23:56:43.174,1.24728,1.24738,2.81,1.00
2017.03.22 23:56:43.986,1.24728,1.24738,3.19,1.00
2017.03.22 23:56:44.037,1.24731,1.24738,1.12,1.00
2017.03.22 23:56:59.077,1.24731,1.24736,1.12,1.00
2017.03.22 23:56:59.128,1.24729,1.24736,1.12,1.00
2017.03.22 23:56:59.978,1.24728,1.24736,1.12,1.00
2017.03.22 23:57:01.018,1.24729,1.24736,1.12,1.00
2017.03.22 23:57:01.984,1.24728,1.24736,1.12,1.00
2017.03.22 23:57:02.989,1.24728,1.24736,1.87,1.00
2017.03.22 23:57:03.997,1.24728,1.24736,1.87,1.00
2017.03.22 23:57:04.562,1.24728,1.24736,1.87,1.00
2017.03.22 23:57:06.003,1.24728,1.24736,1.87,1.00
2017.03.22 23:57:25.735,1.24728,1.24739,1.31,1.00
2017.03.22 23:57:26.262,1.24729,1.2474,1.12,1.37
2017.03.22 23:57:27.239,1.24729,1.2474,1.12,1.12
2017.03.22 23:57:28.234,1.24729,1.2474,1.12,1.37
2017.03.22 23:57:29.127,1.24728,1.2474,2.06,1.37
2017.03.22 23:57:29.818,1.24728,1.2474,2.06,1.12
2017.03.22 23:57:32.362,1.2473,1.2474,1.00,1.12
2017.03.22 23:57:32.697,1.24731,1.2474,1.37,1.00
2017.03.22 23:57:34.404,1.24731,1.2474,1.12,1.00
2017.03.22 23:57:43.375,1.2473,1.2474,1.12,1.31
2017.03.22 23:57:43.919,1.24729,1.2474,2.25,1.31
2017.03.22 23:57:44.917,1.24729,1.2474,1.87,1.62
2017.03.22 23:57:45.439,1.2473,1.24738,1.87,1.00
2017.03.22 23:57:45.932,1.2473,1.2474,1.00,1.25
2017.03.22 23:57:47.385,1.24731,1.24741,1.37,5.06
2017.03.22 23:57:52.368,1.2473,1.2474,1.87,1.31
2017.03.22 23:57:56.094,1.2473,1.2474,1.12,1.62
2017.03.22 23:57:56.645,1.24729,1.2474,1.00,1.31
2017.03.22 23:57:58.312,1.24729,1.2474,1.87,1.62
2017.03.22 23:58:00.245,1.24729,1.2474,1.87,1.31
2017.03.22 23:58:01.351,1.24729,1.2474,1.87,1.31
2017.03.22 23:58:04.362,1.24729,1.2474,1.00,1.62
2017.03.22 23:58:04.970,1.24728,1.2474,1.87,2.06
2017.03.22 23:58:06.520,1.24729,1.2474,1.12,2.06
2017.03.22 23:58:10.093,1.24729,1.2474,1.87,1.69
2017.03.22 23:58:10.615,1.24729,1.2474,1.87,1.69
2017.03.22 23:58:11.243,1.24729,1.2474,1.00,2.06
2017.03.22 23:58:13.862,1.2473,1.2474,1.00,1.87
2017.03.22 23:58:14.368,1.2473,1.24742,1.50,3.00
2017.03.22 23:58:15.657,1.2473,1.24742,1.50,3.00
2017.03.22 23:58:15.758,1.24732,1.24743,1.00,1.75
2017.03.22 23:58:16.294,1.24733,1.24744,1.00,2.01
2017.03.22 23:58:17.003,1.24733,1.24744,1.00,2.69
2017.03.22 23:58:17.529,1.24733,1.24744,1.00,1.94
2017.03.22 23:58:18.158,1.24733,1.24744,1.00,1.94
2017.03.22 23:58:18.462,1.24736,1.24745,1.00,1.26
2017.03.22 23:58:18.968,1.24736,1.24747,1.00,2.38
2017.03.22 23:58:19.813,1.24736,1.24747,1.00,1.12
2017.03.22 23:58:22.009,1.24736,1.24747,1.50,1.37
2017.03.22 23:58:22.060,1.24738,1.24747,1.87,1.50
2017.03.22 23:58:22.111,1.24738,1.24748,1.87,1.00
2017.03.22 23:58:25.074,1.24738,1.24749,1.00,1.09
2017.03.22 23:58:26.964,1.24737,1.24749,2.14,4.94
2017.03.22 23:58:27.486,1.24738,1.24749,1.00,1.57
2017.03.22 23:58:28.021,1.24738,1.2475,1.12,3.82
2017.03.22 23:58:30.217,1.24738,1.2475,1.50,3.82
2017.03.22 23:58:30.973,1.24739,1.24749,1.12,1.00
2017.03.22 23:58:32.940,1.24738,1.24749,3.00,1.37
2017.03.22 23:58:42.157,1.2474,1.2475,1.12,3.82
2017.03.22 23:58:42.632,1.24738,1.24748,1.00,1.00
2017.03.22 23:58:43.152,1.24737,1.24749,2.62,3.00
2017.03.22 23:58:43.824,1.24737,1.24749,1.50,2.25
2017.03.22 23:58:44.378,1.24735,1.24748,3.00,1.12
2017.03.22 23:58:45.067,1.24736,1.24748,1.37,2.25
2017.03.22 23:58:45.691,1.24736,1.24748,1.37,2.25
2017.03.22 23:58:47.318,1.24739,1.24748,1.12,1.00
2017.03.22 23:58:48.291,1.24738,1.24748,1.12,1.00
2017.03.22 23:58:51.726,1.24738,1.24748,1.12,1.37
2017.03.22 23:58:52.348,1.24738,1.24748,1.87,1.00
2017.03.22 23:58:53.560,1.24739,1.24748,1.12,1.00
2017.03.22 23:58:54.583,1.2474,1.24748,1.12,1.00
2017.03.22 23:58:57.110,1.2474,1.24748,1.50,1.00
2017.03.22 23:58:57.822,1.24739,1.24748,1.50,1.00
2017.03.22 23:58:58.329,1.24739,1.24749,1.12,1.57
2017.03.22 23:59:00.381,1.24738,1.24748,1.50,1.00
2017.03.22 23:59:00.894,1.24738,1.24748,1.12,1.94
2017.03.22 23:59:01.436,1.24738,1.24748,1.50,1.94
2017.03.22 23:59:01.946,1.24738,1.24748,1.50,1.94
2017.03.22 23:59:03.012,1.24739,1.24748,1.12,1.19
2017.03.22 23:59:06.273,1.24738,1.24748,1.50,1.09
2017.03.22 23:59:07.274,1.24739,1.24748,1.12,1.12
2017.03.22 23:59:08.276,1.2474,1.24748,1.12,1.00
2017.03.22 23:59:09.638,1.24738,1.24748,1.50,1.00
2017.03.22 23:59:10.216,1.24738,1.24748,1.50,1.37
2017.03.22 23:59:10.723,1.24739,1.24748,1.37,1.12
2017.03.22 23:59:11.808,1.24739,1.24748,1.37,1.37
2017.03.22 23:59:12.630,1.24738,1.24748,1.50,1.37
2017.03.22 23:59:13.225,1.24738,1.24748,1.12,1.12
2017.03.22 23:59:13.758,1.24738,1.24748,1.37,1.00
2017.03.22 23:59:14.716,1.24737,1.24743,1.12,1.50
2017.03.22 23:59:14.818,1.24729,1.24739,2.62,1.57
2017.03.22 23:59:15.342,1.24729,1.24738,1.12,1.07
2017.03.22 23:59:17.580,1.24727,1.24738,1.37,1.07
2017.03.22 23:59:18.581,1.24727,1.24738,1.12,1.07
2017.03.22 23:59:19.361,1.24726,1.24738,1.50,1.07
2017.03.22 23:59:19.565,1.24726,1.24735,1.00,1.00
2017.03.22 23:59:19.758,1.24723,1.24733,1.12,1.09
2017.03.22 23:59:23.525,1.24723,1.24735,1.12,1.87
2017.03.22 23:59:23.576,1.24723,1.24735,1.12,2.76
2017.03.22 23:59:24.118,1.24721,1.24733,2.00,2.38
2017.03.22 23:59:25.090,1.24722,1.24733,1.57,1.63
2017.03.22 23:59:25.599,1.24721,1.24733,2.44,1.63
2017.03.22 23:59:27.588,1.24721,1.24733,2.44,1.50
2017.03.22 23:59:29.675,1.24722,1.24733,1.00,1.50
2017.03.22 23:59:32.525,1.24723,1.24733,2.62,1.00
2017.03.22 23:59:33.347,1.24724,1.24735,1.37,1.26
2017.03.22 23:59:33.876,1.24724,1.24736,1.87,2.76
2017.03.22 23:59:34.645,1.24724,1.24735,2.62,1.13
2017.03.22 23:59:37.741,1.24724,1.24735,1.87,1.50
2017.03.22 23:59:38.646,1.24724,1.24735,2.62,1.12
2017.03.22 23:59:39.647,1.24724,1.24735,1.87,1.00
2017.03.22 23:59:42.347,1.24723,1.24734,1.87,1.00
2017.03.22 23:59:43.622,1.24724,1.24735,1.12,1.12
2017.03.22 23:59:44.262,1.24725,1.24735,1.12,2.25
2017.03.22 23:59:44.788,1.24724,1.24735,1.87,1.00
2017.03.22 23:59:45.666,1.24725,1.24735,1.12,1.87
2017.03.22 23:59:48.003,1.24725,1.24734,1.12,1.00
2017.03.22 23:59:48.307,1.24723,1.24731,1.37,1.00
2017.03.22 23:59:48.534,1.24717,1.24728,1.00,1.12
2017.03.22 23:59:49.040,1.24717,1.24728,1.50,1.37
2017.03.22 23:59:49.891,1.24719,1.24729,1.00,1.75
2017.03.22 23:59:49.993,1.2472,1.24731,1.12,1.19
2017.03.22 23:59:50.044,1.2472,1.24731,1.12,1.16
2017.03.22 23:59:50.515,1.2472,1.24732,1.87,1.87
2017.03.22 23:59:54.723,1.24718,1.2473,1.10,1.25
2017.03.22 23:59:55.230,1.24716,1.24727,2.32,1.00
2017.03.22 23:59:55.281,1.24716,1.24726,1.00,1.00
2017.03.22 23:59:55.384,1.24714,1.24724,1.00,1.00
2017.03.22 23:59:55.894,1.24713,1.24723,1.69,1.00
2017.03.22 23:59:57.627,1.24712,1.24722,1.19,1.00
2017.03.22 23:59:57.730,1.24711,1.24722,1.76,1.00
2017.03.22 23:59:58.059,1.24711,1.24722,2.00,1.00
2017.03.22 23:59:59.566,1.2471,1.2472,1.47,1.00
2017.03.22 23:59:59.722,1.24708,1.24719,1.50,1.00
