2017.08.16 23:00:00.025,1.28918,1.28931,2.06,1.00
2017.08.16 23:00:00.556,1.28919,1.28935,1.25,2.62
2017.08.16 23:00:01.008,1.28921,1.28931,1.00,1.00
2017.08.16 23:00:02.668,1.28922,1.28931,1.50,1.00
2017.08.16 23:00:03.187,1.28921,1.28931,1.00,1.00
2017.08.16 23:00:03.728,1.28922,1.28931,1.50,1.00
2017.08.16 23:00:06.142,1.28926,1.28935,1.00,2.62
2017.08.16 23:00:06.193,1.28927,1.28936,1.00,2.06
2017.08.16 23:00:06.245,1.28928,1.28932,1.00,1.00
2017.08.16 23:00:06.296,1.28922,1.28932,1.50,1.00
2017.08.16 23:00:06.865,1.28921,1.28932,2.06,1.00
2017.08.16 23:00:07.125,1.28923,1.28932,1.50,1.00
2017.08.16 23:00:10.565,1.28927,1.28937,1.00,1.69
2017.08.16 23:00:10.769,1.28922,1.28932,1.50,1.00
2017.08.16 23:00:17.400,1.28923,1.28932,1.00,1.00
2017.08.16 23:00:21.230,1.28922,1.28932,2.25,1.00
2017.08.16 23:00:41.276,1.28923,1.28932,1.00,1.00
2017.08.16 23:00:45.559,1.28922,1.28932,1.50,1.00
2017.08.16 23:00:50.241,1.2892,1.28932,2.25,1.00
2017.08.16 23:00:50.393,1.28922,1.28932,1.50,1.00
2017.08.16 23:00:51.428,1.2892,1.28932,1.12,1.25
2017.08.16 23:00:51.531,1.28921,1.28932,1.50,1.19
2017.08.16 23:00:51.718,1.28921,1.28932,1.50,1.25
2017.08.16 23:01:00.082,1.28921,1.28932,1.50,1.62
2017.08.16 23:01:05.684,1.28921,1.28931,1.50,1.31
2017.08.16 23:01:06.688,1.28921,1.28932,1.50,2.70
2017.08.16 23:01:07.486,1.28921,1.28931,1.50,1.31
2017.08.16 23:01:08.128,1.28921,1.28932,1.50,2.70
2017.08.16 23:01:08.802,1.28921,1.28932,1.50,2.51
2017.08.16 23:01:10.417,1.28921,1.28931,1.50,1.25
2017.08.16 23:01:11.599,1.28921,1.28932,1.50,1.76
2017.08.16 23:01:14.700,1.2892,1.28932,1.50,1.76
2017.08.16 23:01:15.230,1.2892,1.28932,1.50,1.29
2017.08.16 23:01:15.731,1.28921,1.28932,1.50,1.29
2017.08.16 23:01:17.713,1.28921,1.28932,1.50,1.29
2017.08.16 23:01:18.349,1.2892,1.2893,1.50,1.25
2017.08.16 23:01:18.858,1.28921,1.28932,1.50,1.01
2017.08.16 23:01:19.977,1.28919,1.28932,1.31,1.76
2017.08.16 23:01:20.502,1.2892,1.28932,1.50,1.76
2017.08.16 23:01:29.797,1.2892,1.28932,1.69,1.76
2017.08.16 23:01:31.654,1.2892,1.28932,2.06,1.57
2017.08.16 23:02:00.950,1.2892,1.28932,1.87,1.29
2017.08.16 23:02:01.925,1.2892,1.28932,1.87,1.10
2017.08.16 23:02:08.856,1.28919,1.28933,3.19,2.25
2017.08.16 23:02:11.307,1.28919,1.28933,2.81,2.25
2017.08.16 23:02:11.825,1.28921,1.28932,1.87,1.62
2017.08.16 23:02:12.906,1.28921,1.28933,2.25,2.25
2017.08.16 23:02:13.245,1.28926,1.28936,1.12,1.19
2017.08.16 23:02:14.878,1.28927,1.28936,3.00,1.00
2017.08.16 23:02:14.981,1.2893,1.28941,1.00,2.06
2017.08.16 23:02:15.083,1.2893,1.28942,3.00,1.56
2017.08.16 23:02:15.588,1.2893,1.28942,3.00,1.56
2017.08.16 23:02:16.971,1.28932,1.28942,1.50,1.56
2017.08.16 23:02:17.875,1.2893,1.28942,3.00,1.56
2017.08.16 23:02:17.927,1.28932,1.28942,1.00,1.31
2017.08.16 23:02:18.789,1.28933,1.28942,1.00,1.56
2017.08.16 23:02:20.057,1.28932,1.28942,2.62,1.00
2017.08.16 23:02:20.735,1.28933,1.28942,1.00,1.00
2017.08.16 23:02:23.096,1.28932,1.28942,2.25,1.00
2017.08.16 23:02:24.239,1.28932,1.28939,1.00,1.00
2017.08.16 23:02:24.549,1.28937,1.28942,1.00,1.00
2017.08.16 23:02:35.420,1.28938,1.28942,1.00,1.00
2017.08.16 23:02:35.725,1.28937,1.28938,1.00,1.00
2017.08.16 23:02:36.553,1.28937,1.28941,1.00,1.00
2017.08.16 23:02:48.865,1.28938,1.28941,1.00,1.00
2017.08.16 23:02:49.431,1.28937,1.28941,1.00,1.00
2017.08.16 23:02:52.122,1.28938,1.28941,1.00,1.00
2017.08.16 23:02:52.640,1.28937,1.28941,1.00,1.00
2017.08.16 23:03:03.457,1.28938,1.28941,1.00,1.00
2017.08.16 23:03:08.854,1.28937,1.28941,1.00,1.00
2017.08.16 23:03:19.281,1.28938,1.28941,1.00,1.00
2017.08.16 23:03:19.925,1.28937,1.28941,1.00,1.00
2017.08.16 23:03:24.201,1.28938,1.28941,1.00,1.00
2017.08.16 23:03:24.303,1.28935,1.28941,2.25,1.00
2017.08.16 23:03:24.354,1.28935,1.28944,1.00,1.00
2017.08.16 23:03:30.455,1.28935,1.28943,2.44,1.00
2017.08.16 23:03:33.793,1.28936,1.28943,1.00,1.00
2017.08.16 23:04:16.243,1.28935,1.28943,2.25,1.00
2017.08.16 23:04:17.033,1.28936,1.28943,1.50,1.00
2017.08.16 23:04:17.595,1.28935,1.28943,2.62,1.00
2017.08.16 23:04:30.560,1.28935,1.28946,2.81,1.25
2017.08.16 23:04:33.102,1.28935,1.28947,2.44,2.62
2017.08.16 23:04:34.029,1.28935,1.28947,2.44,2.62
2017.08.16 23:04:44.572,1.28935,1.28946,2.62,3.19
2017.08.16 23:04:45.098,1.28935,1.28946,3.00,2.06
2017.08.16 23:04:46.459,1.28936,1.28947,1.87,3.37
2017.08.16 23:04:51.759,1.28936,1.28947,1.50,1.87
2017.08.16 23:04:53.331,1.28935,1.28947,1.00,1.87
2017.08.16 23:04:54.450,1.28935,1.28947,2.25,1.87
2017.08.16 23:05:00.671,1.28935,1.28946,2.81,1.69
2017.08.16 23:05:00.873,1.28936,1.28947,1.50,2.25
2017.08.16 23:05:01.709,1.28935,1.28947,1.31,2.25
2017.08.16 23:05:07.550,1.28935,1.28946,2.44,1.44
2017.08.16 23:05:08.257,1.28935,1.28947,2.44,3.00
2017.08.16 23:05:10.199,1.28935,1.28947,2.81,1.87
2017.08.16 23:05:11.617,1.28935,1.28947,2.81,1.87
2017.08.16 23:05:13.542,1.28935,1.28946,2.81,1.00
2017.08.16 23:05:14.156,1.28935,1.28946,2.44,1.00
2017.08.16 23:05:16.240,1.28935,1.28947,2.44,1.87
2017.08.16 23:05:16.872,1.28935,1.28946,1.31,1.50
2017.08.16 23:05:17.671,1.28935,1.28946,1.69,1.50
2017.08.16 23:05:19.669,1.28935,1.28947,3.19,1.87
2017.08.16 23:05:23.008,1.28935,1.28947,3.19,2.06
2017.08.16 23:05:23.626,1.28935,1.28947,3.19,1.25
2017.08.16 23:05:24.179,1.28935,1.28947,3.19,3.00
2017.08.16 23:05:27.024,1.28935,1.28946,3.00,1.12
2017.08.16 23:05:30.085,1.28936,1.28947,1.00,2.25
2017.08.16 23:05:30.630,1.28936,1.28946,1.00,1.00
2017.08.16 23:05:31.876,1.28936,1.28946,1.00,2.25
2017.08.16 23:05:32.605,1.28936,1.28946,1.00,2.25
2017.08.16 23:05:48.462,1.28937,1.28945,1.00,1.31
2017.08.16 23:05:48.967,1.28937,1.28945,1.00,1.62
2017.08.16 23:05:51.310,1.28937,1.28947,1.00,2.62
2017.08.16 23:05:52.893,1.28937,1.28947,1.00,1.00
2017.08.16 23:05:53.400,1.28937,1.28947,1.12,1.50
2017.08.16 23:05:54.274,1.28937,1.28947,1.12,1.50
2017.08.16 23:05:56.070,1.28937,1.28947,1.00,2.62
2017.08.16 23:06:04.613,1.28937,1.28947,1.12,1.69
2017.08.16 23:06:06.395,1.28936,1.28947,1.00,1.37
2017.08.16 23:06:07.350,1.28936,1.28947,1.37,1.37
2017.08.16 23:06:08.354,1.28936,1.28947,1.12,1.37
2017.08.16 23:06:08.899,1.28936,1.28947,1.12,1.37
2017.08.16 23:06:09.374,1.28936,1.28944,1.12,1.00
2017.08.16 23:06:11.967,1.28936,1.28944,1.31,1.00
2017.08.16 23:06:32.676,1.28937,1.28943,1.00,1.00
2017.08.16 23:06:45.675,1.28938,1.28943,1.00,1.00
2017.08.16 23:06:52.652,1.28938,1.28944,1.00,1.00
2017.08.16 23:07:05.661,1.28937,1.28944,1.50,1.00
2017.08.16 23:07:08.626,1.28937,1.28943,1.50,1.00
2017.08.16 23:07:18.324,1.28938,1.28943,1.31,1.00
2017.08.16 23:07:18.375,1.28939,1.28947,1.00,1.12
2017.08.16 23:07:18.427,1.28939,1.28945,1.12,1.00
2017.08.16 23:07:18.732,1.28939,1.28943,1.12,1.00
2017.08.16 23:07:22.962,1.28938,1.28943,1.00,1.00
2017.08.16 23:07:28.665,1.28938,1.28944,1.00,1.00
2017.08.16 23:08:19.341,1.28938,1.28944,1.37,1.00
2017.08.16 23:08:23.755,1.28938,1.28944,1.12,1.00
2017.08.16 23:08:25.144,1.28937,1.28944,1.12,1.00
2017.08.16 23:08:25.677,1.28938,1.28944,1.00,1.00
2017.08.16 23:08:26.395,1.28937,1.28944,1.00,1.00
2017.08.16 23:08:28.873,1.28937,1.28947,1.00,1.69
2017.08.16 23:08:31.199,1.28937,1.28946,1.00,2.06
2017.08.16 23:08:36.390,1.28938,1.28945,1.00,2.25
2017.08.16 23:08:36.441,1.28932,1.28942,2.06,1.76
2017.08.16 23:08:36.494,1.28934,1.28942,1.00,3.07
2017.08.16 23:08:37.016,1.28935,1.28942,1.00,1.12
2017.08.16 23:08:39.120,1.28936,1.28942,1.37,1.12
2017.08.16 23:08:39.171,1.28938,1.28945,1.00,1.00
2017.08.16 23:08:39.696,1.28939,1.28945,1.00,1.00
2017.08.16 23:09:07.790,1.28937,1.28945,1.25,1.87
2017.08.16 23:09:08.368,1.28937,1.28945,1.00,1.87
2017.08.16 23:09:08.927,1.28937,1.28944,1.00,1.00
2017.08.16 23:09:09.585,1.28937,1.28945,1.00,1.50
2017.08.16 23:09:17.377,1.28938,1.28945,1.00,1.50
2017.08.16 23:09:36.547,1.28938,1.28942,1.00,1.00
2017.08.16 23:09:44.525,1.28937,1.28942,1.12,1.00
2017.08.16 23:09:56.553,1.28937,1.28945,1.00,1.37
2017.08.16 23:10:08.849,1.28937,1.28945,1.00,1.12
2017.08.16 23:10:09.563,1.28937,1.28945,1.00,1.37
2017.08.16 23:10:12.128,1.28938,1.28945,1.00,1.37
2017.08.16 23:10:12.866,1.28938,1.28945,1.00,1.00
2017.08.16 23:10:17.994,1.28938,1.28945,1.37,1.00
2017.08.16 23:10:18.544,1.28938,1.28945,1.00,1.00
2017.08.16 23:10:35.146,1.28938,1.28943,1.00,1.00
2017.08.16 23:10:35.703,1.28936,1.28944,1.37,1.50
2017.08.16 23:10:37.406,1.28936,1.28943,1.87,1.00
2017.08.16 23:10:37.917,1.28936,1.28944,1.37,1.00
2017.08.16 23:10:42.081,1.28936,1.28943,1.87,1.00
2017.08.16 23:10:42.636,1.28936,1.28944,1.37,1.50
2017.08.16 23:10:50.426,1.28936,1.28943,2.06,1.00
2017.08.16 23:10:51.432,1.28936,1.28944,1.62,1.50
2017.08.16 23:10:52.136,1.28934,1.28941,1.37,1.00
2017.08.16 23:10:52.289,1.28929,1.28937,1.12,1.87
2017.08.16 23:10:52.545,1.28929,1.28938,1.37,1.00
2017.08.16 23:10:55.432,1.28929,1.28938,1.37,1.00
2017.08.16 23:10:58.869,1.28929,1.28937,1.37,1.00
2017.08.16 23:10:59.548,1.28929,1.28938,1.00,3.00
2017.08.16 23:11:00.093,1.28935,1.28937,3.75,1.00
2017.08.16 23:11:00.144,1.28937,1.28944,1.00,1.87
2017.08.16 23:11:00.196,1.28938,1.28943,1.37,1.00
2017.08.16 23:11:01.004,1.28939,1.28944,1.00,1.50
2017.08.16 23:11:03.288,1.28939,1.28943,1.00,1.00
2017.08.16 23:11:06.241,1.28939,1.28944,1.00,1.50
2017.08.16 23:11:07.357,1.28937,1.28944,1.00,1.50
2017.08.16 23:11:07.409,1.28935,1.28944,1.87,1.50
2017.08.16 23:11:08.172,1.28935,1.28943,1.87,1.00
2017.08.16 23:11:08.800,1.28936,1.28943,1.00,1.00
2017.08.16 23:11:09.266,1.28939,1.28944,1.00,1.50
2017.08.16 23:11:09.370,1.28937,1.28944,1.50,1.50
2017.08.16 23:11:10.427,1.28937,1.28943,1.12,1.00
2017.08.16 23:11:10.933,1.28936,1.28944,2.06,1.50
2017.08.16 23:11:10.985,1.28938,1.28943,1.00,1.00
2017.08.16 23:11:11.525,1.28938,1.28944,1.00,1.50
2017.08.16 23:11:18.742,1.28938,1.28943,1.00,1.00
2017.08.16 23:11:19.424,1.28938,1.28944,1.00,2.25
2017.08.16 23:11:22.420,1.28933,1.28942,1.50,3.26
2017.08.16 23:11:22.472,1.28931,1.28934,1.37,1.00
2017.08.16 23:11:22.524,1.28929,1.28933,2.62,1.00
2017.08.16 23:11:22.578,1.28929,1.28938,1.00,4.12
2017.08.16 23:11:23.384,1.28929,1.28937,1.50,1.87
2017.08.16 23:11:24.478,1.28929,1.28935,1.00,2.44
2017.08.16 23:11:24.588,1.28929,1.28935,1.00,1.00
2017.08.16 23:11:24.639,1.28929,1.28937,1.50,1.50
2017.08.16 23:11:25.558,1.28928,1.28932,1.00,1.62
2017.08.16 23:11:25.660,1.28929,1.28932,1.00,3.75
2017.08.16 23:11:25.712,1.28929,1.28934,1.00,1.50
2017.08.16 23:11:25.814,1.28929,1.28936,1.00,1.00
2017.08.16 23:12:02.814,1.28929,1.28937,1.00,1.12
2017.08.16 23:12:02.866,1.28929,1.28933,1.00,1.00
2017.08.16 23:12:03.376,1.28929,1.28934,1.00,1.00
2017.08.16 23:12:06.124,1.28929,1.28933,1.00,1.00
2017.08.16 23:12:06.696,1.28929,1.28934,1.00,1.00
2017.08.16 23:12:10.961,1.28929,1.28933,1.00,1.00
2017.08.16 23:12:14.442,1.28929,1.28934,1.00,1.00
2017.08.16 23:12:25.802,1.28927,1.28934,1.87,1.00
2017.08.16 23:12:29.299,1.28927,1.28933,1.87,1.00
2017.08.16 23:12:30.047,1.28927,1.28933,1.12,1.00
2017.08.16 23:12:31.577,1.28927,1.28934,1.12,1.00
2017.08.16 23:12:35.067,1.28927,1.28933,1.87,1.00
2017.08.16 23:12:36.076,1.28927,1.28934,1.50,1.00
2017.08.16 23:13:31.674,1.28927,1.28933,1.00,1.00
2017.08.16 23:13:33.657,1.28927,1.28934,1.00,1.00
2017.08.16 23:13:45.664,1.28927,1.28934,1.50,1.00
2017.08.16 23:13:49.252,1.28927,1.28934,1.12,1.00
2017.08.16 23:14:06.104,1.28927,1.28933,1.50,1.00
2017.08.16 23:14:06.744,1.28927,1.28934,1.12,1.00
2017.08.16 23:14:07.355,1.28927,1.28933,1.12,1.00
2017.08.16 23:14:08.012,1.28927,1.28934,1.12,1.00
2017.08.16 23:14:14.041,1.28927,1.28933,1.12,1.00
2017.08.16 23:14:25.254,1.28927,1.28934,1.12,1.00
2017.08.16 23:14:27.830,1.28932,1.28934,1.00,1.00
2017.08.16 23:14:27.882,1.28929,1.28934,1.00,1.00
2017.08.16 23:14:28.952,1.28929,1.28933,1.00,1.00
2017.08.16 23:14:29.504,1.28929,1.28934,1.00,1.00
2017.08.16 23:14:30.029,1.28929,1.28933,1.00,1.00
2017.08.16 23:14:30.913,1.28929,1.28934,1.00,1.00
2017.08.16 23:14:38.324,1.28929,1.28933,1.00,1.00
2017.08.16 23:14:39.797,1.28929,1.28934,1.00,1.00
2017.08.16 23:14:42.075,1.28928,1.28933,1.00,1.00
2017.08.16 23:14:43.297,1.28928,1.28934,1.00,1.50
2017.08.16 23:14:44.295,1.28928,1.28933,1.00,1.00
2017.08.16 23:14:44.919,1.28928,1.28934,1.00,1.00
2017.08.16 23:14:48.014,1.28928,1.28933,1.00,1.00
2017.08.16 23:14:49.530,1.28926,1.28934,1.50,1.00
2017.08.16 23:14:50.057,1.28927,1.28934,1.00,1.50
2017.08.16 23:14:50.840,1.28927,1.28933,1.00,1.00
2017.08.16 23:14:53.224,1.28927,1.28934,1.00,1.00
2017.08.16 23:14:53.746,1.28926,1.28934,1.50,1.00
2017.08.16 23:14:54.268,1.28927,1.28933,1.00,1.00
2017.08.16 23:14:54.811,1.28926,1.28933,1.50,1.50
2017.08.16 23:14:55.337,1.28927,1.28933,1.00,1.00
2017.08.16 23:14:55.852,1.28926,1.28933,1.00,1.69
2017.08.16 23:14:56.410,1.28927,1.28933,1.00,1.50
2017.08.16 23:14:58.391,1.28927,1.28932,1.00,1.00
2017.08.16 23:14:59.002,1.28927,1.28933,1.00,1.00
2017.08.16 23:15:00.064,1.28927,1.28932,1.00,1.00
2017.08.16 23:15:00.574,1.28927,1.28933,1.00,1.00
2017.08.16 23:15:08.013,1.28927,1.28932,1.00,1.00
2017.08.16 23:15:08.625,1.28927,1.28933,1.00,1.00
2017.08.16 23:15:09.933,1.28927,1.28932,1.00,1.00
2017.08.16 23:15:12.260,1.28927,1.28933,1.00,1.00
2017.08.16 23:15:12.888,1.28927,1.28932,1.00,1.00
2017.08.16 23:15:13.511,1.28927,1.28933,1.00,1.00
2017.08.16 23:15:14.500,1.28927,1.28932,1.00,1.00
2017.08.16 23:15:15.117,1.28927,1.28933,1.00,1.00
2017.08.16 23:15:15.783,1.28927,1.28932,1.00,1.00
2017.08.16 23:15:16.350,1.28927,1.28933,1.00,1.50
2017.08.16 23:15:16.937,1.28927,1.28932,1.00,1.00
2017.08.16 23:15:17.443,1.28927,1.28933,1.00,1.50
2017.08.16 23:15:18.208,1.28927,1.28932,1.00,1.00
2017.08.16 23:15:18.792,1.28927,1.28933,1.00,1.50
2017.08.16 23:15:19.742,1.28927,1.28932,1.00,1.00
2017.08.16 23:15:20.297,1.28927,1.28933,1.00,1.50
2017.08.16 23:15:20.838,1.28927,1.28932,1.00,1.00
2017.08.16 23:15:22.861,1.28927,1.28933,1.00,1.50
2017.08.16 23:15:23.482,1.28927,1.28932,1.00,1.00
2017.08.16 23:15:24.147,1.28927,1.28933,1.00,1.50
2017.08.16 23:15:24.697,1.28927,1.28932,1.00,1.00
2017.08.16 23:15:25.253,1.28927,1.28933,1.00,1.50
2017.08.16 23:15:26.182,1.28927,1.28932,1.00,1.00
2017.08.16 23:15:26.696,1.28927,1.28933,1.00,1.50
2017.08.16 23:15:27.832,1.28927,1.28932,1.00,1.00
2017.08.16 23:15:28.735,1.28927,1.28931,1.50,1.87
2017.08.16 23:15:28.888,1.28926,1.28928,1.00,1.00
2017.08.16 23:15:33.538,1.28924,1.28928,1.12,1.00
2017.08.16 23:15:33.592,1.28928,1.2893,1.12,1.00
2017.08.16 23:15:33.787,1.28931,1.28934,1.00,1.00
2017.08.16 23:15:34.962,1.28931,1.28933,1.00,1.00
2017.08.16 23:15:35.014,1.28925,1.2893,1.00,1.50
2017.08.16 23:15:35.065,1.28926,1.28928,1.00,1.00
2017.08.16 23:15:35.584,1.28925,1.28927,1.00,1.00
2017.08.16 23:15:43.828,1.2892,1.28927,1.00,1.00
2017.08.16 23:15:43.879,1.28924,1.28927,1.00,1.00
2017.08.16 23:15:44.395,1.28924,1.28926,1.00,1.00
2017.08.16 23:15:46.885,1.28925,1.28927,1.00,1.00
2017.08.16 23:15:49.351,1.28926,1.28928,1.00,1.50
2017.08.16 23:15:52.149,1.28925,1.28927,1.00,1.00
2017.08.16 23:15:52.703,1.28925,1.28928,1.00,1.00
2017.08.16 23:15:57.494,1.28925,1.28927,1.00,1.00
2017.08.16 23:16:13.609,1.28923,1.28927,1.00,1.00
2017.08.16 23:16:13.711,1.28925,1.28927,1.00,1.00
2017.08.16 23:16:32.547,1.28926,1.28929,1.00,1.00
2017.08.16 23:16:35.262,1.28921,1.28929,1.75,1.00
2017.08.16 23:16:37.033,1.28925,1.28929,1.00,1.00
2017.08.16 23:16:37.571,1.28924,1.28929,1.00,1.00
2017.08.16 23:16:38.526,1.28922,1.28929,1.12,1.00
2017.08.16 23:16:51.311,1.28922,1.28928,1.00,1.00
2017.08.16 23:16:51.567,1.28919,1.28927,1.50,1.50
2017.08.16 23:16:51.670,1.28917,1.28926,1.50,1.00
2017.08.16 23:16:51.722,1.28916,1.28923,2.00,1.00
2017.08.16 23:16:51.773,1.28915,1.28924,1.50,3.75
2017.08.16 23:16:51.825,1.28913,1.28919,1.37,1.50
2017.08.16 23:16:51.877,1.28909,1.28917,1.37,1.00
2017.08.16 23:16:52.031,1.28908,1.28916,1.25,1.00
2017.08.16 23:16:52.082,1.2891,1.28916,1.00,1.12
2017.08.16 23:16:52.184,1.2891,1.28918,1.00,2.25
2017.08.16 23:16:53.491,1.2891,1.28917,1.00,1.00
2017.08.16 23:16:55.538,1.2891,1.28916,1.00,1.37
2017.08.16 23:16:55.640,1.28901,1.28908,1.31,1.00
2017.08.16 23:16:55.743,1.289,1.28903,1.00,1.00
2017.08.16 23:16:55.898,1.289,1.28905,1.00,1.00
2017.08.16 23:16:55.949,1.28897,1.289,1.50,1.00
2017.08.16 23:16:56.051,1.28897,1.28903,2.25,1.00
2017.08.16 23:16:56.103,1.28897,1.28905,2.25,3.00
2017.08.16 23:16:56.615,1.28897,1.28905,2.25,1.00
2017.08.16 23:16:56.820,1.28896,1.28902,1.00,1.00
2017.08.16 23:16:57.303,1.28895,1.28904,1.87,1.50
2017.08.16 23:16:57.899,1.28895,1.28904,1.87,1.50
2017.08.16 23:16:58.082,1.28895,1.28903,1.87,1.00
2017.08.16 23:16:58.705,1.28895,1.28904,1.87,1.50
2017.08.16 23:16:59.364,1.28895,1.28903,1.87,1.00
2017.08.16 23:16:59.556,1.28898,1.28903,1.00,1.00
2017.08.16 23:17:00.547,1.28898,1.28904,1.00,1.00
2017.08.16 23:17:02.242,1.28898,1.28903,1.00,1.00
2017.08.16 23:17:02.783,1.28898,1.28904,1.00,1.00
2017.08.16 23:17:03.777,1.28898,1.28903,1.00,1.00
2017.08.16 23:17:09.597,1.28898,1.28904,1.00,1.00
2017.08.16 23:17:10.178,1.28898,1.28903,1.00,1.00
2017.08.16 23:17:13.853,1.28898,1.28904,1.00,1.00
2017.08.16 23:17:14.468,1.28898,1.28903,1.00,1.00
2017.08.16 23:17:15.006,1.28898,1.28904,1.00,1.12
2017.08.16 23:17:16.926,1.28898,1.28903,1.00,1.00
2017.08.16 23:17:17.592,1.28898,1.28904,1.00,1.12
2017.08.16 23:17:28.529,1.28898,1.28903,1.00,1.00
2017.08.16 23:17:29.129,1.28898,1.28904,1.00,1.00
2017.08.16 23:17:29.898,1.28898,1.28903,1.00,1.50
2017.08.16 23:17:31.071,1.28896,1.28903,1.00,1.00
2017.08.16 23:17:33.224,1.28896,1.28902,1.00,1.00
2017.08.16 23:17:36.434,1.28896,1.28903,1.00,1.50
2017.08.16 23:17:37.408,1.28896,1.28902,1.00,1.00
2017.08.16 23:17:40.135,1.28896,1.28903,1.00,1.50
2017.08.16 23:17:45.746,1.28896,1.28902,1.00,1.00
2017.08.16 23:17:46.734,1.28896,1.28903,1.00,1.87
2017.08.16 23:17:47.251,1.28895,1.28903,1.50,1.12
2017.08.16 23:17:57.879,1.28895,1.28903,1.50,3.19
2017.08.16 23:17:58.585,1.28895,1.28903,1.50,1.87
2017.08.16 23:18:02.704,1.28895,1.28902,1.50,1.00
2017.08.16 23:18:05.938,1.28895,1.28899,1.50,1.00
2017.08.16 23:18:06.481,1.28895,1.28898,1.00,1.50
2017.08.16 23:18:10.866,1.28893,1.28895,1.00,1.00
2017.08.16 23:18:10.918,1.28891,1.28894,1.00,1.00
2017.08.16 23:18:11.585,1.28891,1.28893,1.00,1.00
2017.08.16 23:18:12.160,1.28891,1.28894,1.00,1.00
2017.08.16 23:18:19.151,1.2889,1.28894,1.12,1.00
2017.08.16 23:18:21.555,1.28891,1.28894,1.00,1.00
2017.08.16 23:18:22.164,1.28891,1.28893,1.00,1.00
2017.08.16 23:18:27.309,1.28891,1.28894,1.00,1.00
2017.08.16 23:18:29.363,1.28891,1.28893,1.00,1.00
2017.08.16 23:18:34.727,1.28891,1.28894,1.00,1.00
2017.08.16 23:18:45.512,1.28891,1.28893,1.00,1.00
2017.08.16 23:18:45.563,1.28893,1.28897,1.00,1.00
2017.08.16 23:18:46.217,1.28894,1.28898,1.00,1.50
2017.08.16 23:18:46.269,1.28896,1.28898,1.00,1.50
2017.08.16 23:18:46.320,1.28894,1.28898,1.00,1.50
2017.08.16 23:18:47.868,1.28895,1.28898,1.00,1.50
2017.08.16 23:18:48.724,1.28895,1.28897,1.00,1.00
2017.08.16 23:18:49.250,1.28894,1.28897,1.00,1.50
2017.08.16 23:18:49.699,1.28896,1.28898,1.00,1.00
2017.08.16 23:18:50.431,1.28896,1.28898,1.00,1.00
2017.08.16 23:18:50.932,1.28896,1.28898,1.00,1.00
2017.08.16 23:18:51.554,1.28897,1.28899,1.00,1.00
2017.08.16 23:18:51.861,1.28899,1.28905,1.00,4.20
2017.08.16 23:18:52.553,1.28896,1.289,1.50,1.00
2017.08.16 23:18:56.615,1.28897,1.28899,1.00,1.00
2017.08.16 23:19:10.027,1.28896,1.28899,1.50,1.00
2017.08.16 23:19:10.596,1.28897,1.28899,1.00,1.00
2017.08.16 23:19:13.165,1.28896,1.28899,1.50,1.00
2017.08.16 23:19:14.458,1.28897,1.28899,1.00,1.00
2017.08.16 23:19:15.239,1.28897,1.28899,1.00,1.00
2017.08.16 23:19:17.464,1.28897,1.28899,1.00,1.00
2017.08.16 23:19:17.982,1.28897,1.28899,1.00,1.00
2017.08.16 23:19:25.451,1.28897,1.28899,1.00,1.00
2017.08.16 23:19:26.336,1.28897,1.28899,1.00,1.00
2017.08.16 23:19:34.435,1.28897,1.28898,1.00,1.00
2017.08.16 23:19:35.044,1.28897,1.28899,1.00,1.00
2017.08.16 23:19:35.806,1.28896,1.28899,2.25,1.00
2017.08.16 23:19:41.121,1.28896,1.28898,1.50,1.00
2017.08.16 23:19:41.632,1.28896,1.28899,1.50,1.00
2017.08.16 23:19:43.108,1.28896,1.28899,1.50,1.00
2017.08.16 23:19:43.630,1.28896,1.28899,1.50,1.00
2017.08.16 23:19:47.760,1.28896,1.28899,1.50,1.00
2017.08.16 23:19:48.509,1.28896,1.28899,1.50,1.00
2017.08.16 23:19:50.527,1.28896,1.28899,1.50,1.00
2017.08.16 23:19:56.078,1.28896,1.28899,1.50,1.00
2017.08.16 23:19:57.429,1.28896,1.28898,1.50,1.00
2017.08.16 23:19:58.279,1.28896,1.28899,1.50,1.00
2017.08.16 23:19:58.943,1.28896,1.28898,1.50,1.00
2017.08.16 23:19:59.512,1.28896,1.28899,1.50,1.00
2017.08.16 23:20:00.033,1.28896,1.28898,1.00,1.00
2017.08.16 23:20:01.189,1.28896,1.28899,1.00,1.00
2017.08.16 23:20:01.815,1.28896,1.28898,1.00,1.00
2017.08.16 23:20:02.324,1.28896,1.28899,1.00,1.00
2017.08.16 23:20:05.400,1.28896,1.28898,1.00,1.00
2017.08.16 23:20:05.503,1.28894,1.28899,1.00,1.00
2017.08.16 23:20:06.006,1.28895,1.28898,1.00,1.00
2017.08.16 23:20:06.532,1.28895,1.28899,1.00,1.00
2017.08.16 23:20:08.233,1.28895,1.28898,1.00,1.00
2017.08.16 23:20:08.884,1.28895,1.28899,1.00,1.00
2017.08.16 23:20:19.336,1.28895,1.28898,1.00,1.00
2017.08.16 23:20:19.951,1.28895,1.28899,1.00,1.00
2017.08.16 23:20:20.452,1.28895,1.28898,1.00,1.00
2017.08.16 23:20:21.060,1.28895,1.28899,1.00,1.00
2017.08.16 23:20:21.591,1.28895,1.28898,1.00,1.00
2017.08.16 23:20:22.105,1.28895,1.28899,1.00,1.00
2017.08.16 23:20:23.381,1.28895,1.28898,1.00,1.00
2017.08.16 23:20:23.912,1.28895,1.28899,1.00,1.00
2017.08.16 23:20:24.815,1.28895,1.28898,1.00,1.00
2017.08.16 23:20:25.370,1.28895,1.28899,1.00,1.00
2017.08.16 23:20:25.912,1.28896,1.28899,1.00,1.00
2017.08.16 23:20:26.423,1.28896,1.28898,1.00,1.00
2017.08.16 23:20:27.077,1.28896,1.28899,1.00,1.00
2017.08.16 23:20:30.973,1.28898,1.28901,1.00,1.00
2017.08.16 23:20:31.308,1.28898,1.28899,1.00,1.00
2017.08.16 23:20:31.720,1.28898,1.28901,1.00,1.00
2017.08.16 23:20:31.822,1.28898,1.28899,1.00,1.00
2017.08.16 23:20:32.246,1.28898,1.28901,1.00,1.00
2017.08.16 23:20:32.356,1.28898,1.28899,1.00,1.00
2017.08.16 23:20:32.618,1.28898,1.28901,1.00,1.00
2017.08.16 23:20:32.685,1.28898,1.28899,1.00,1.00
2017.08.16 23:20:33.612,1.28898,1.28901,1.00,1.00
2017.08.16 23:20:33.840,1.28898,1.28899,1.00,1.00
2017.08.16 23:20:34.168,1.28895,1.28898,1.00,1.00
2017.08.16 23:20:34.301,1.28898,1.28899,1.00,1.00
2017.08.16 23:20:34.404,1.28896,1.28899,1.00,1.00
2017.08.16 23:20:34.506,1.28898,1.28899,1.00,1.00
2017.08.16 23:20:34.830,1.28896,1.28899,1.00,1.00
2017.08.16 23:20:34.911,1.28898,1.28899,1.00,1.00
2017.08.16 23:20:34.963,1.28896,1.28899,1.00,1.00
2017.08.16 23:20:35.020,1.28898,1.28899,1.00,1.00
2017.08.16 23:20:35.690,1.28896,1.28899,1.00,1.00
2017.08.16 23:20:35.816,1.28898,1.28899,1.00,1.00
2017.08.16 23:20:35.905,1.28896,1.28899,1.00,1.00
2017.08.16 23:20:36.148,1.28898,1.28899,1.00,1.00
2017.08.16 23:20:36.250,1.28896,1.28899,1.00,1.00
2017.08.16 23:20:36.353,1.28898,1.28899,1.00,1.00
2017.08.16 23:20:36.680,1.28896,1.28899,1.00,1.00
2017.08.16 23:20:36.833,1.28898,1.28899,1.00,1.00
2017.08.16 23:20:37.338,1.28897,1.28899,1.00,1.00
2017.08.16 23:20:38.010,1.28898,1.289,1.00,1.00
2017.08.16 23:20:38.777,1.28896,1.28899,1.00,1.00
2017.08.16 23:20:38.880,1.28899,1.28902,1.00,1.00
2017.08.16 23:20:44.693,1.28898,1.28902,1.00,1.00
2017.08.16 23:20:52.657,1.289,1.28902,1.00,1.00
2017.08.16 23:21:04.602,1.28899,1.28902,1.00,1.00
2017.08.16 23:21:24.729,1.28898,1.28902,1.00,1.00
2017.08.16 23:21:34.400,1.28898,1.28907,1.00,1.00
2017.08.16 23:21:40.136,1.28898,1.28903,1.50,1.00
2017.08.16 23:21:40.238,1.28901,1.28907,1.00,1.00
2017.08.16 23:21:48.831,1.28901,1.28906,1.00,1.00
2017.08.16 23:22:06.524,1.28901,1.28908,1.00,2.25
2017.08.16 23:22:07.849,1.289,1.28908,1.00,1.87
2017.08.16 23:22:09.731,1.289,1.28907,1.00,1.00
2017.08.16 23:22:09.783,1.28899,1.28904,1.00,1.00
2017.08.16 23:22:10.295,1.28895,1.28903,1.00,1.00
2017.08.16 23:22:13.742,1.28895,1.28902,1.00,1.00
2017.08.16 23:22:14.463,1.28895,1.28903,1.00,1.00
2017.08.16 23:22:15.291,1.28895,1.28902,1.00,1.00
2017.08.16 23:22:16.052,1.28894,1.28902,1.00,1.00
2017.08.16 23:22:16.559,1.28893,1.28903,1.50,1.00
2017.08.16 23:22:17.950,1.28893,1.28903,1.69,1.00
2017.08.16 23:22:18.490,1.28893,1.28903,1.69,1.00
2017.08.16 23:22:18.945,1.28893,1.28903,1.69,1.00
2017.08.16 23:22:19.200,1.28893,1.28903,1.50,1.00
2017.08.16 23:22:20.385,1.28893,1.28903,1.69,1.00
2017.08.16 23:22:20.937,1.28893,1.28903,1.50,1.00
2017.08.16 23:22:21.510,1.28893,1.28903,1.69,1.00
2017.08.16 23:22:22.089,1.28893,1.28903,1.50,1.00
2017.08.16 23:22:22.832,1.28893,1.28903,1.69,1.00
2017.08.16 23:22:23.371,1.28893,1.28903,1.50,1.00
2017.08.16 23:22:26.136,1.28893,1.28903,1.69,1.00
2017.08.16 23:22:26.683,1.28893,1.28903,1.69,1.00
2017.08.16 23:22:26.954,1.28891,1.28899,2.25,1.12
2017.08.16 23:22:27.056,1.2889,1.28899,1.00,1.00
2017.08.16 23:22:27.961,1.28889,1.28899,3.94,1.00
2017.08.16 23:22:30.543,1.2889,1.28899,1.69,1.00
2017.08.16 23:22:31.089,1.2889,1.28899,2.06,1.50
2017.08.16 23:22:31.665,1.2889,1.28899,1.69,1.00
2017.08.16 23:22:32.466,1.2889,1.28899,1.31,1.00
2017.08.16 23:22:35.092,1.28889,1.28899,1.69,1.00
2017.08.16 23:22:40.500,1.28889,1.28899,1.69,1.00
2017.08.16 23:22:42.273,1.28889,1.28899,2.06,1.12
2017.08.16 23:22:42.781,1.28889,1.28899,1.50,1.87
2017.08.16 23:22:45.174,1.28889,1.28897,1.50,1.00
2017.08.16 23:22:45.731,1.28889,1.28897,1.50,1.00
2017.08.16 23:22:49.341,1.28889,1.28899,1.00,1.00
2017.08.16 23:22:49.872,1.28889,1.28899,1.56,1.50
2017.08.16 23:22:50.392,1.28889,1.28899,1.31,1.50
2017.08.16 23:22:51.495,1.28889,1.28899,2.06,1.50
2017.08.16 23:22:53.157,1.28889,1.28899,1.69,1.50
2017.08.16 23:22:55.135,1.28888,1.28899,2.81,1.50
2017.08.16 23:23:01.214,1.28889,1.28899,1.69,1.00
2017.08.16 23:23:01.992,1.2889,1.28899,1.25,1.50
2017.08.16 23:23:02.632,1.2889,1.28899,1.31,1.00
2017.08.16 23:23:02.800,1.28889,1.28899,1.25,1.00
2017.08.16 23:23:07.512,1.28889,1.28899,2.44,1.00
2017.08.16 23:23:10.278,1.28889,1.28899,2.44,1.00
2017.08.16 23:23:11.745,1.28889,1.28899,2.81,1.00
2017.08.16 23:23:12.810,1.28889,1.28899,3.56,1.50
2017.08.16 23:23:15.763,1.28891,1.28899,1.50,1.00
2017.08.16 23:23:16.274,1.28892,1.28899,2.25,1.00
2017.08.16 23:23:16.593,1.28894,1.28899,1.00,1.00
2017.08.16 23:23:16.645,1.28897,1.28903,1.00,1.00
2017.08.16 23:23:16.697,1.28897,1.28906,1.00,2.14
2017.08.16 23:23:16.802,1.289,1.2891,1.00,2.81
2017.08.16 23:23:17.314,1.289,1.28911,1.00,2.25
2017.08.16 23:23:17.962,1.28899,1.2891,1.87,1.12
2017.08.16 23:23:18.676,1.28899,1.2891,3.19,1.12
2017.08.16 23:23:18.983,1.28903,1.28912,1.00,1.12
2017.08.16 23:23:19.775,1.28903,1.28912,1.00,1.50
2017.08.16 23:23:20.324,1.28902,1.28911,2.62,1.87
2017.08.16 23:23:21.082,1.28902,1.28907,2.62,1.00
2017.08.16 23:23:21.185,1.28906,1.28913,1.00,1.00
2017.08.16 23:23:21.236,1.28906,1.28917,2.25,2.25
2017.08.16 23:23:21.288,1.28907,1.28918,1.00,1.00
2017.08.16 23:23:21.799,1.28905,1.28917,3.00,1.00
2017.08.16 23:23:23.015,1.28906,1.28918,1.19,1.69
2017.08.16 23:23:25.281,1.28906,1.28917,1.69,1.00
2017.08.16 23:23:25.899,1.28906,1.28913,1.50,1.00
2017.08.16 23:23:46.594,1.28906,1.28913,2.44,1.00
2017.08.16 23:23:50.971,1.28906,1.28913,1.12,1.00
2017.08.16 23:23:51.481,1.28904,1.28913,3.94,1.00
2017.08.16 23:23:55.894,1.28904,1.28915,3.19,1.00
2017.08.16 23:24:05.091,1.28904,1.28915,2.81,1.00
2017.08.16 23:24:05.650,1.28904,1.28915,2.81,1.00
2017.08.16 23:24:06.982,1.28904,1.28917,3.56,1.12
2017.08.16 23:24:13.401,1.28904,1.28917,3.56,1.31
2017.08.16 23:24:24.014,1.28904,1.28917,3.37,1.50
2017.08.16 23:24:26.141,1.28904,1.28917,3.37,1.12
2017.08.16 23:24:28.131,1.28904,1.28916,3.37,1.00
2017.08.16 23:24:28.660,1.28905,1.28916,1.69,1.50
2017.08.16 23:24:55.356,1.28905,1.28915,3.00,1.12
2017.08.16 23:24:55.873,1.28905,1.28916,3.00,1.50
2017.08.16 23:24:56.741,1.28905,1.28918,3.56,2.62
2017.08.16 23:24:57.261,1.28905,1.28918,3.56,1.00
2017.08.16 23:24:57.778,1.28905,1.28917,1.00,1.00
2017.08.16 23:25:03.236,1.28904,1.28917,2.81,1.12
2017.08.16 23:25:16.996,1.28904,1.28917,2.81,2.06
2017.08.16 23:25:26.912,1.28905,1.28916,1.87,1.00
2017.08.16 23:25:37.670,1.28905,1.28917,1.50,1.87
2017.08.16 23:25:43.440,1.28904,1.28917,1.00,1.69
2017.08.16 23:25:49.408,1.28904,1.28916,1.31,1.00
2017.08.16 23:25:51.755,1.28904,1.28916,1.31,1.44
2017.08.16 23:25:54.720,1.28904,1.28913,1.25,1.00
2017.08.16 23:25:55.058,1.28899,1.28908,3.75,1.00
2017.08.16 23:25:55.944,1.28899,1.28907,2.81,1.00
2017.08.16 23:26:00.331,1.28897,1.28908,1.69,1.00
2017.08.16 23:26:00.485,1.28897,1.28906,1.69,1.00
2017.08.16 23:26:01.021,1.28897,1.28908,1.50,3.00
2017.08.16 23:26:01.338,1.28897,1.28906,1.50,1.00
2017.08.16 23:26:01.654,1.28897,1.28908,1.50,1.50
2017.08.16 23:26:02.081,1.28897,1.28906,1.50,1.00
2017.08.16 23:26:02.293,1.28897,1.28908,1.50,2.25
2017.08.16 23:26:02.764,1.289,1.28908,1.00,1.12
2017.08.16 23:26:03.071,1.28902,1.28908,2.44,1.00
2017.08.16 23:26:03.600,1.28902,1.28908,1.69,1.00
2017.08.16 23:26:03.906,1.28902,1.28908,3.56,1.00
2017.08.16 23:26:04.488,1.28902,1.28908,2.44,1.00
2017.08.16 23:26:09.672,1.28903,1.28908,1.69,1.00
2017.08.16 23:26:10.193,1.28903,1.28908,1.69,1.00
2017.08.16 23:26:14.120,1.28904,1.28908,1.50,1.00
2017.08.16 23:26:20.311,1.28904,1.28913,1.50,1.00
2017.08.16 23:26:34.521,1.28904,1.28912,1.69,1.00
2017.08.16 23:26:38.139,1.28904,1.28912,1.69,1.00
2017.08.16 23:26:38.665,1.28904,1.28912,1.50,1.00
2017.08.16 23:26:39.276,1.28903,1.28912,1.12,1.00
2017.08.16 23:26:43.456,1.28902,1.28912,1.00,1.00
2017.08.16 23:26:43.965,1.28901,1.28913,1.25,1.50
2017.08.16 23:26:44.737,1.289,1.28913,2.25,2.25
2017.08.16 23:26:47.552,1.28901,1.28913,1.50,1.50
2017.08.16 23:26:48.252,1.289,1.28913,2.25,1.50
2017.08.16 23:26:48.845,1.289,1.28912,3.00,1.00
2017.08.16 23:26:54.517,1.28902,1.28913,1.00,1.00
2017.08.16 23:26:55.199,1.28902,1.28914,1.25,1.12
2017.08.16 23:27:01.652,1.28901,1.28914,1.69,1.69
2017.08.16 23:27:15.327,1.28902,1.28914,2.81,1.00
2017.08.16 23:27:15.851,1.28902,1.28913,3.19,1.00
2017.08.16 23:27:16.364,1.28901,1.28911,2.06,1.00
2017.08.16 23:27:16.882,1.28901,1.28912,1.12,1.00
2017.08.16 23:27:23.367,1.289,1.28912,2.81,1.00
2017.08.16 23:27:26.996,1.289,1.28913,3.37,1.25
2017.08.16 23:27:31.362,1.28903,1.28914,3.00,1.00
2017.08.16 23:27:31.515,1.28905,1.28918,3.94,1.31
2017.08.16 23:27:31.669,1.28906,1.28918,1.69,1.12
2017.08.16 23:27:32.236,1.28908,1.28918,1.00,1.00
2017.08.16 23:27:32.748,1.28907,1.28919,1.12,1.12
2017.08.16 23:27:33.271,1.28908,1.2892,2.62,1.50
2017.08.16 23:27:33.795,1.28908,1.2892,1.00,1.00
2017.08.16 23:27:34.321,1.28908,1.2892,1.00,1.44
2017.08.16 23:27:35.844,1.28908,1.28919,1.00,1.19
2017.08.16 23:27:36.419,1.28908,1.2892,1.00,1.44
2017.08.16 23:27:36.951,1.28908,1.28921,1.87,3.75
2017.08.16 23:27:37.844,1.28908,1.28919,1.00,1.00
2017.08.16 23:27:38.834,1.28908,1.2892,1.00,2.25
2017.08.16 23:27:39.403,1.28908,1.28919,1.00,1.00
2017.08.16 23:27:39.910,1.28908,1.28919,1.00,1.19
2017.08.16 23:27:40.228,1.28908,1.28919,1.82,1.00
2017.08.16 23:27:40.916,1.28908,1.2892,1.20,1.87
2017.08.16 23:27:42.742,1.28912,1.28921,1.00,2.06
2017.08.16 23:27:43.099,1.2891,1.28922,1.31,1.75
2017.08.16 23:27:43.796,1.2891,1.28922,1.50,1.12
2017.08.16 23:27:44.368,1.2891,1.28923,1.69,3.56
2017.08.16 23:27:45.032,1.2891,1.28923,1.87,3.00
2017.08.16 23:27:45.583,1.2891,1.28923,1.69,2.44
2017.08.16 23:27:46.088,1.2891,1.28923,2.25,2.81
2017.08.16 23:27:46.668,1.2891,1.28923,1.69,2.25
2017.08.16 23:27:47.232,1.2891,1.28923,2.25,2.81
2017.08.16 23:27:47.368,1.2891,1.28921,2.25,1.00
2017.08.16 23:27:47.891,1.2891,1.28921,2.25,1.00
2017.08.16 23:27:57.961,1.2891,1.28923,2.24,3.56
2017.08.16 23:27:58.629,1.2891,1.28922,1.69,1.00
2017.08.16 23:28:07.302,1.28909,1.28923,2.99,2.81
2017.08.16 23:28:13.367,1.28911,1.28923,1.00,2.25
2017.08.16 23:28:30.533,1.28911,1.2892,1.00,1.00
2017.08.16 23:28:31.140,1.28911,1.28921,1.00,1.00
2017.08.16 23:28:35.394,1.28911,1.28921,1.37,1.00
2017.08.16 23:28:35.976,1.28911,1.2892,1.37,1.00
2017.08.16 23:28:39.184,1.28911,1.28921,1.37,1.00
2017.08.16 23:28:41.748,1.28911,1.28921,2.25,1.25
2017.08.16 23:28:47.184,1.28912,1.28921,1.50,1.00
2017.08.16 23:28:47.717,1.28911,1.28921,1.00,1.00
2017.08.16 23:28:48.844,1.28911,1.2892,1.00,1.00
2017.08.16 23:28:50.522,1.28911,1.28923,2.25,1.12
2017.08.16 23:28:52.153,1.28911,1.28922,2.62,1.00
2017.08.16 23:28:59.865,1.28911,1.28921,2.62,1.00
2017.08.16 23:29:17.890,1.28911,1.28921,1.19,1.00
2017.08.16 23:29:18.144,1.28914,1.28921,1.00,1.00
2017.08.16 23:29:18.381,1.28911,1.28923,2.25,1.00
2017.08.16 23:29:18.790,1.28911,1.28923,1.87,1.00
2017.08.16 23:29:22.675,1.28911,1.28923,3.37,1.00
2017.08.16 23:29:34.317,1.28912,1.28923,1.00,1.31
2017.08.16 23:29:34.837,1.28911,1.28923,3.56,1.31
2017.08.16 23:29:36.699,1.28911,1.28923,1.69,1.25
2017.08.16 23:29:45.036,1.28912,1.28923,1.37,1.00
2017.08.16 23:29:55.713,1.28912,1.28922,1.37,1.00
2017.08.16 23:29:58.495,1.28912,1.28922,2.06,1.00
2017.08.16 23:30:02.648,1.28913,1.28923,1.87,1.00
2017.08.16 23:30:03.159,1.28914,1.28923,1.50,1.00
2017.08.16 23:30:03.579,1.28914,1.28925,1.87,1.00
2017.08.16 23:30:03.631,1.28914,1.28923,2.25,1.00
2017.08.16 23:30:03.938,1.28914,1.28923,2.25,1.00
2017.08.16 23:30:04.130,1.28914,1.28926,2.25,1.50
2017.08.16 23:30:04.643,1.28915,1.28925,1.00,1.00
2017.08.16 23:30:09.684,1.28914,1.28923,3.75,1.00
2017.08.16 23:30:13.186,1.28916,1.28923,1.00,1.00
2017.08.16 23:30:14.483,1.28915,1.28923,1.87,1.00
2017.08.16 23:30:14.585,1.28915,1.28926,4.50,1.12
2017.08.16 23:30:14.637,1.28917,1.28926,1.00,1.00
2017.08.16 23:30:15.190,1.28917,1.28925,1.00,1.00
2017.08.16 23:30:18.446,1.28916,1.28925,1.12,1.00
2017.08.16 23:30:19.155,1.28917,1.28925,1.00,1.00
2017.08.16 23:30:22.623,1.28917,1.28926,1.00,1.00
2017.08.16 23:30:22.993,1.28919,1.28926,1.00,1.00
2017.08.16 23:30:23.543,1.28919,1.28927,1.00,1.50
2017.08.16 23:30:25.928,1.28919,1.28926,1.00,1.00
2017.08.16 23:30:29.201,1.28919,1.28927,1.00,1.50
2017.08.16 23:30:29.509,1.28926,1.28934,1.00,1.87
2017.08.16 23:30:30.022,1.28926,1.28934,1.00,1.87
2017.08.16 23:30:30.999,1.28926,1.28934,1.00,1.87
2017.08.16 23:30:31.501,1.28925,1.28934,1.50,1.87
2017.08.16 23:30:32.128,1.28925,1.28934,1.50,1.87
2017.08.16 23:30:39.366,1.28925,1.28934,3.00,1.87
2017.08.16 23:30:40.409,1.28925,1.28929,1.00,1.00
2017.08.16 23:30:40.767,1.28923,1.2893,1.00,1.12
2017.08.16 23:30:40.925,1.28923,1.28927,1.00,1.00
2017.08.16 23:30:43.540,1.2892,1.28927,1.50,1.00
2017.08.16 23:30:44.056,1.28921,1.28927,1.00,1.00
2017.08.16 23:30:44.414,1.28924,1.28927,1.00,1.00
2017.08.16 23:30:44.568,1.28922,1.28927,1.00,1.00
2017.08.16 23:30:45.114,1.28922,1.2893,1.00,1.12
2017.08.16 23:30:45.618,1.28922,1.28929,1.00,1.00
2017.08.16 23:30:50.965,1.28922,1.28932,1.00,1.12
2017.08.16 23:30:59.599,1.28922,1.2893,1.00,1.12
2017.08.16 23:31:00.146,1.28922,1.2893,1.00,1.87
2017.08.16 23:31:00.299,1.28922,1.28932,1.50,1.31
2017.08.16 23:31:05.980,1.28924,1.28932,1.50,1.00
2017.08.16 23:31:06.032,1.28926,1.28936,1.12,1.87
2017.08.16 23:31:06.134,1.28929,1.28939,1.00,1.50
2017.08.16 23:31:06.645,1.28929,1.28939,1.50,1.50
2017.08.16 23:31:07.280,1.28929,1.28939,1.50,1.69
2017.08.16 23:31:09.672,1.28929,1.28939,1.12,1.69
2017.08.16 23:31:10.783,1.28929,1.28936,1.12,1.00
2017.08.16 23:31:12.051,1.28931,1.28936,1.00,1.00
2017.08.16 23:31:16.628,1.28931,1.28937,1.00,1.00
2017.08.16 23:31:17.438,1.28931,1.28939,1.00,1.87
2017.08.16 23:31:17.540,1.28931,1.28942,3.37,1.57
2017.08.16 23:31:17.742,1.28933,1.28943,1.00,1.12
2017.08.16 23:31:31.430,1.28933,1.2894,1.12,1.00
2017.08.16 23:31:31.634,1.28933,1.28942,1.00,1.00
2017.08.16 23:31:39.813,1.28934,1.28942,1.00,1.00
2017.08.16 23:31:59.069,1.28931,1.28938,2.62,1.00
2017.08.16 23:31:59.273,1.28931,1.2894,2.32,1.12
2017.08.16 23:31:59.809,1.28931,1.28939,1.50,1.00
2017.08.16 23:32:00.324,1.28931,1.2894,1.87,1.31
2017.08.16 23:32:00.870,1.28931,1.2894,1.87,1.69
2017.08.16 23:32:01.483,1.28931,1.2894,1.87,1.69
2017.08.16 23:32:01.993,1.28931,1.28939,1.87,1.25
2017.08.16 23:32:02.587,1.28931,1.28936,1.50,1.00
2017.08.16 23:32:03.097,1.28927,1.28937,2.95,1.00
2017.08.16 23:32:03.250,1.28928,1.28933,1.00,1.00
2017.08.16 23:32:03.352,1.28924,1.28933,1.12,1.00
2017.08.16 23:32:03.862,1.28924,1.28932,1.00,1.00
2017.08.16 23:32:08.847,1.28924,1.28933,1.00,1.00
2017.08.16 23:32:10.048,1.28921,1.28931,1.31,1.69
2017.08.16 23:32:10.253,1.28921,1.28933,1.00,3.75
2017.08.16 23:32:10.773,1.28921,1.28933,1.12,2.06
2017.08.16 23:32:11.377,1.28921,1.28934,1.69,1.69
2017.08.16 23:32:11.959,1.28921,1.28933,2.25,1.25
2017.08.16 23:32:12.564,1.28921,1.28934,2.06,1.25
2017.08.16 23:32:13.258,1.28921,1.28932,2.81,1.00
2017.08.16 23:32:17.172,1.28923,1.28931,1.00,1.00
2017.08.16 23:32:17.712,1.28923,1.28932,1.00,1.00
2017.08.16 23:32:18.308,1.28923,1.28931,1.00,1.00
2017.08.16 23:32:32.719,1.2892,1.28929,1.50,1.84
2017.08.16 23:32:32.926,1.28918,1.28925,1.00,1.25
2017.08.16 23:32:33.434,1.28917,1.28926,2.25,2.25
2017.08.16 23:32:33.966,1.28917,1.28926,1.00,1.00
2017.08.16 23:32:46.275,1.28917,1.28927,1.12,1.25
2017.08.16 23:32:47.609,1.28917,1.28927,1.12,2.06
2017.08.16 23:32:48.320,1.28917,1.28927,1.12,1.25
2017.08.16 23:32:54.234,1.28916,1.28924,1.00,1.00
2017.08.16 23:32:54.859,1.28916,1.28925,1.00,1.25
2017.08.16 23:33:02.749,1.28916,1.28925,1.00,2.06
2017.08.16 23:33:03.309,1.28916,1.28926,1.00,3.00
2017.08.16 23:33:07.326,1.28916,1.28925,1.00,1.87
2017.08.16 23:33:07.428,1.28914,1.28924,3.37,1.12
2017.08.16 23:33:08.467,1.28914,1.28923,3.37,1.25
2017.08.16 23:33:09.154,1.28914,1.28924,1.87,1.25
2017.08.16 23:33:09.205,1.28914,1.28924,1.12,1.19
2017.08.16 23:33:11.709,1.28914,1.28923,1.12,1.12
2017.08.16 23:33:19.779,1.28914,1.28924,1.12,1.25
2017.08.16 23:33:20.280,1.28914,1.28924,1.12,1.19
2017.08.16 23:33:25.725,1.28913,1.28922,2.25,1.19
2017.08.16 23:33:27.326,1.28913,1.28921,1.50,1.19
2017.08.16 23:33:27.633,1.28915,1.28921,1.00,1.25
2017.08.16 23:33:28.724,1.28915,1.28923,1.00,1.44
2017.08.16 23:33:30.685,1.28915,1.28923,1.00,1.44
2017.08.16 23:33:32.607,1.28915,1.2892,1.00,1.00
2017.08.16 23:33:34.540,1.28915,1.28921,1.00,1.25
2017.08.16 23:33:35.069,1.28915,1.28922,1.00,1.69
2017.08.16 23:33:35.615,1.28915,1.28922,1.00,1.19
2017.08.16 23:33:36.159,1.28915,1.28921,1.00,1.19
2017.08.16 23:33:36.677,1.28915,1.28922,1.00,1.19
2017.08.16 23:33:44.027,1.28915,1.28922,1.00,1.69
2017.08.16 23:33:45.352,1.28915,1.28922,1.00,1.87
2017.08.16 23:33:45.910,1.28915,1.28921,1.00,1.19
2017.08.16 23:33:46.412,1.28915,1.28922,1.00,1.87
2017.08.16 23:33:48.042,1.28915,1.28922,1.00,1.12
2017.08.16 23:33:49.638,1.28915,1.28922,1.00,2.06
2017.08.16 23:33:51.108,1.28915,1.2892,1.00,1.00
2017.08.16 23:33:51.742,1.28915,1.28921,1.00,1.25
2017.08.16 23:33:52.416,1.28915,1.28919,1.00,1.25
2017.08.16 23:33:52.927,1.28915,1.2892,1.00,1.00
2017.08.16 23:33:53.048,1.28915,1.28923,1.00,1.44
2017.08.16 23:33:53.721,1.28915,1.28923,1.00,1.25
2017.08.16 23:33:54.454,1.28915,1.28922,1.00,1.00
2017.08.16 23:33:55.006,1.28915,1.28923,1.00,1.69
2017.08.16 23:33:55.526,1.28915,1.28922,1.00,1.00
2017.08.16 23:33:56.111,1.28915,1.28923,1.00,1.69
2017.08.16 23:33:56.633,1.28914,1.28922,1.00,1.00
2017.08.16 23:33:56.989,1.28912,1.28921,1.87,1.00
2017.08.16 23:33:57.586,1.28912,1.28922,1.12,1.12
2017.08.16 23:33:58.453,1.28912,1.28921,1.12,1.25
2017.08.16 23:33:59.008,1.28912,1.28923,2.62,1.37
2017.08.16 23:33:59.668,1.28912,1.28922,2.62,1.44
2017.08.16 23:34:01.315,1.28912,1.28923,1.87,1.44
2017.08.16 23:34:02.747,1.28912,1.28922,1.87,1.44
2017.08.16 23:34:03.248,1.28912,1.28923,1.87,1.37
2017.08.16 23:34:04.889,1.28912,1.28922,1.50,2.81
2017.08.16 23:34:05.681,1.28912,1.28919,1.00,1.44
2017.08.16 23:34:06.795,1.28912,1.2892,1.00,2.06
2017.08.16 23:34:07.727,1.28912,1.2892,1.00,1.87
2017.08.16 23:34:07.932,1.28912,1.2892,1.00,1.31
2017.08.16 23:34:08.677,1.28912,1.2892,1.00,1.31
2017.08.16 23:34:09.275,1.28912,1.2892,1.00,1.31
2017.08.16 23:34:09.980,1.28912,1.2892,1.00,1.31
2017.08.16 23:34:10.531,1.28912,1.28921,1.00,2.06
2017.08.16 23:34:11.323,1.28912,1.2892,1.00,1.31
2017.08.16 23:34:11.872,1.28912,1.28921,1.00,2.06
2017.08.16 23:34:12.491,1.28912,1.28921,1.00,2.06
2017.08.16 23:34:13.032,1.28912,1.28921,1.00,2.06
2017.08.16 23:34:15.380,1.28912,1.2892,1.00,1.31
2017.08.16 23:34:17.873,1.28912,1.28921,1.00,2.06
2017.08.16 23:34:18.464,1.28912,1.28919,1.00,1.25
2017.08.16 23:34:18.668,1.28912,1.28918,1.00,1.44
2017.08.16 23:34:19.178,1.28912,1.28918,1.00,1.44
2017.08.16 23:34:19.316,1.28912,1.28918,1.00,1.12
2017.08.16 23:34:19.468,1.28912,1.28918,1.00,1.44
2017.08.16 23:34:19.993,1.28912,1.28917,1.00,1.00
2017.08.16 23:34:20.581,1.28912,1.28918,1.00,1.12
2017.08.16 23:34:20.683,1.28912,1.2892,1.00,1.12
2017.08.16 23:34:21.248,1.28912,1.2892,1.00,1.31
2017.08.16 23:34:21.553,1.28912,1.28922,1.00,3.56
2017.08.16 23:34:22.089,1.28912,1.28921,1.00,1.50
2017.08.16 23:34:26.420,1.28912,1.28923,1.00,2.81
2017.08.16 23:34:27.446,1.28912,1.28922,1.00,1.31
2017.08.16 23:34:28.257,1.28912,1.28922,1.00,1.12
2017.08.16 23:34:32.036,1.28912,1.28923,1.00,3.00
2017.08.16 23:34:32.138,1.28912,1.28922,1.00,1.50
2017.08.16 23:34:33.133,1.28912,1.28922,1.00,1.37
2017.08.16 23:34:33.671,1.28912,1.28922,1.00,1.37
2017.08.16 23:34:35.895,1.28912,1.28921,1.00,1.50
2017.08.16 23:34:38.957,1.28912,1.28921,1.00,1.87
2017.08.16 23:34:39.954,1.28912,1.28921,1.00,2.25
2017.08.16 23:34:44.919,1.28912,1.28921,1.00,1.12
2017.08.16 23:34:45.434,1.28912,1.28921,1.00,2.25
2017.08.16 23:34:48.100,1.28912,1.28921,1.00,2.44
2017.08.16 23:34:48.798,1.28912,1.28921,1.00,2.25
2017.08.16 23:34:49.999,1.28912,1.28921,1.00,1.50
2017.08.16 23:34:53.710,1.28912,1.2892,1.00,1.25
2017.08.16 23:34:54.020,1.28908,1.28915,1.00,1.69
2017.08.16 23:34:54.646,1.28908,1.28914,1.00,1.00
2017.08.16 23:34:54.850,1.28908,1.28916,1.00,2.23
2017.08.16 23:34:55.485,1.28908,1.28917,1.00,1.22
2017.08.16 23:35:00.994,1.28908,1.28916,1.00,1.00
2017.08.16 23:35:01.366,1.28908,1.28918,1.50,2.81
2017.08.16 23:35:01.950,1.28908,1.28917,1.50,1.00
2017.08.16 23:35:07.623,1.28908,1.28917,1.50,2.60
2017.08.16 23:35:08.879,1.28908,1.28916,1.00,1.85
2017.08.16 23:35:12.116,1.28908,1.28917,1.00,1.20
2017.08.16 23:35:12.661,1.28908,1.28918,1.00,2.25
2017.08.16 23:35:24.326,1.28908,1.28917,1.00,1.00
2017.08.16 23:35:24.963,1.28908,1.28916,1.00,1.00
2017.08.16 23:35:43.073,1.28908,1.28915,1.00,1.31
2017.08.16 23:35:43.594,1.28908,1.28915,1.00,1.00
2017.08.16 23:35:45.392,1.28908,1.28917,1.00,2.06
2017.08.16 23:35:45.648,1.28908,1.28918,1.00,1.69
2017.08.16 23:35:46.360,1.28908,1.28918,1.00,2.81
2017.08.16 23:35:47.036,1.28908,1.28918,1.00,1.69
2017.08.16 23:35:47.537,1.28908,1.28918,1.00,1.87
2017.08.16 23:35:48.059,1.28908,1.28918,1.00,1.87
2017.08.16 23:35:49.841,1.28908,1.28917,1.00,1.19
2017.08.16 23:35:50.390,1.28908,1.28915,1.00,1.12
2017.08.16 23:35:51.649,1.28908,1.28915,1.00,2.25
2017.08.16 23:35:52.755,1.28908,1.28915,1.00,1.12
2017.08.16 23:35:53.865,1.28905,1.28915,1.12,1.12
2017.08.16 23:35:57.599,1.28905,1.28915,2.25,2.25
2017.08.16 23:35:58.214,1.28905,1.28915,2.25,1.12
2017.08.16 23:35:59.018,1.28905,1.28915,2.25,1.69
2017.08.16 23:35:59.629,1.28905,1.28915,1.00,1.87
2017.08.16 23:36:06.875,1.28905,1.28915,1.00,1.87
2017.08.16 23:36:08.792,1.28905,1.28915,1.00,1.87
2017.08.16 23:36:09.218,1.28905,1.28915,1.00,3.00
2017.08.16 23:36:10.439,1.28905,1.28915,3.94,1.31
2017.08.16 23:36:10.588,1.28906,1.28917,2.00,1.31
2017.08.16 23:36:12.496,1.28906,1.28919,2.44,2.62
2017.08.16 23:36:17.287,1.28906,1.28918,2.44,1.50
2017.08.16 23:36:17.684,1.28906,1.28917,1.69,1.00
2017.08.16 23:36:18.194,1.28906,1.28915,2.25,1.00
2017.08.16 23:36:18.873,1.28906,1.28916,1.00,1.12
2017.08.16 23:36:19.668,1.28906,1.28916,1.00,2.25
2017.08.16 23:36:20.275,1.28906,1.28916,1.00,1.25
2017.08.16 23:36:29.643,1.28904,1.28914,1.56,1.25
2017.08.16 23:36:30.640,1.28904,1.28915,1.56,1.87
2017.08.16 23:36:31.247,1.28904,1.28915,1.31,1.87
2017.08.16 23:36:31.781,1.28903,1.28913,3.56,1.00
2017.08.16 23:36:35.253,1.28903,1.28914,3.56,1.00
2017.08.16 23:36:35.876,1.28903,1.28914,2.06,1.44
2017.08.16 23:36:36.409,1.28903,1.28914,2.06,1.12
2017.08.16 23:36:37.249,1.28903,1.28914,2.06,1.69
2017.08.16 23:36:37.857,1.28903,1.28914,1.50,1.87
2017.08.16 23:36:42.038,1.28904,1.28915,1.00,1.87
2017.08.16 23:36:43.575,1.28904,1.28915,1.87,2.25
2017.08.16 23:36:44.573,1.28904,1.28916,1.87,3.37
2017.08.16 23:36:45.101,1.28905,1.28916,3.00,1.12
2017.08.16 23:36:47.581,1.28905,1.28917,2.44,1.25
2017.08.16 23:36:49.660,1.28905,1.28917,2.25,3.00
2017.08.16 23:36:51.999,1.28905,1.28917,2.62,1.50
2017.08.16 23:36:52.590,1.28905,1.28917,2.62,1.31
2017.08.16 23:37:00.768,1.28904,1.28909,1.31,1.00
2017.08.16 23:37:01.074,1.28904,1.28911,1.00,2.25
2017.08.16 23:37:01.125,1.28906,1.28911,1.00,1.00
2017.08.16 23:37:01.177,1.28905,1.28914,1.00,1.12
2017.08.16 23:37:01.729,1.28904,1.28915,3.00,1.50
2017.08.16 23:37:02.951,1.28904,1.28915,3.00,1.87
2017.08.16 23:37:03.539,1.28904,1.28915,3.00,2.25
2017.08.16 23:37:04.296,1.28905,1.28915,1.50,1.00
2017.08.16 23:37:05.872,1.28905,1.28916,1.69,1.50
2017.08.16 23:37:06.827,1.28905,1.28915,1.50,1.00
2017.08.16 23:37:07.343,1.28904,1.28915,1.87,1.12
2017.08.16 23:37:07.893,1.28905,1.28916,1.50,1.87
2017.08.16 23:37:08.436,1.28905,1.28916,1.50,3.00
2017.08.16 23:37:10.032,1.28904,1.28916,3.37,3.00
2017.08.16 23:37:11.599,1.28904,1.28916,3.75,2.25
2017.08.16 23:37:12.121,1.28906,1.28915,1.50,1.00
2017.08.16 23:37:13.409,1.28905,1.28915,1.87,1.00
2017.08.16 23:37:14.762,1.28905,1.28915,2.62,1.00
2017.08.16 23:37:15.760,1.28905,1.28915,1.87,1.00
2017.08.16 23:37:16.487,1.28905,1.28917,2.06,1.12
2017.08.16 23:37:17.040,1.28905,1.28917,2.06,1.00
2017.08.16 23:37:25.598,1.28905,1.28917,1.69,1.50
2017.08.16 23:37:26.601,1.28905,1.28916,1.87,1.00
2017.08.16 23:37:28.845,1.28905,1.28915,1.87,1.00
2017.08.16 23:37:32.239,1.28905,1.28916,1.50,2.06
2017.08.16 23:37:33.045,1.28905,1.28916,1.50,3.75
2017.08.16 23:37:34.536,1.28905,1.28915,1.50,1.50
2017.08.16 23:37:35.100,1.28904,1.28913,1.50,1.00
2017.08.16 23:37:35.864,1.28903,1.28913,1.50,1.00
2017.08.16 23:37:37.696,1.28903,1.28915,3.94,1.50
2017.08.16 23:37:38.230,1.28905,1.28915,1.87,1.00
2017.08.16 23:37:42.728,1.28903,1.28912,1.87,1.18
2017.08.16 23:37:43.238,1.28903,1.28911,1.00,1.24
2017.08.16 23:37:44.538,1.28903,1.28912,1.00,2.24
2017.08.16 23:37:56.111,1.28903,1.28912,1.00,1.68
2017.08.16 23:37:57.097,1.28903,1.28912,1.00,1.24
2017.08.16 23:38:18.241,1.28903,1.28912,1.00,1.99
2017.08.16 23:38:19.240,1.28903,1.28912,1.00,1.68
2017.08.16 23:38:24.792,1.28903,1.2891,1.00,1.00
2017.08.16 23:38:24.894,1.28903,1.28912,1.00,2.81
2017.08.16 23:38:27.722,1.28903,1.28911,1.00,1.00
2017.08.16 23:38:29.570,1.28903,1.28911,1.00,1.68
2017.08.16 23:38:31.206,1.28904,1.2891,1.00,2.25
2017.08.16 23:38:31.717,1.28904,1.2891,1.00,2.06
2017.08.16 23:38:32.241,1.28904,1.2891,1.00,2.25
2017.08.16 23:38:32.862,1.28904,1.2891,1.00,1.87
2017.08.16 23:38:37.204,1.28904,1.2891,1.00,1.00
2017.08.16 23:38:39.267,1.28904,1.28908,1.00,1.00
2017.08.16 23:38:39.886,1.28904,1.28909,1.00,1.12
2017.08.16 23:38:48.086,1.28904,1.28908,1.00,1.00
2017.08.16 23:38:48.426,1.289,1.28908,1.00,1.25
2017.08.16 23:38:48.529,1.289,1.28908,1.00,3.75
2017.08.16 23:38:49.059,1.289,1.28906,1.00,2.62
2017.08.16 23:38:49.593,1.289,1.28904,1.00,1.25
2017.08.16 23:38:50.179,1.289,1.28905,1.00,1.00
2017.08.16 23:38:50.840,1.289,1.28905,1.00,2.62
2017.08.16 23:38:51.450,1.289,1.28905,1.00,1.87
2017.08.16 23:38:54.956,1.28894,1.28905,1.00,1.87
2017.08.16 23:38:55.058,1.28891,1.28901,1.19,1.00
2017.08.16 23:38:55.365,1.2889,1.28898,1.19,1.00
2017.08.16 23:38:55.940,1.28891,1.28899,1.00,1.00
2017.08.16 23:38:56.749,1.28892,1.28899,1.00,1.00
2017.08.16 23:38:57.837,1.28892,1.289,1.00,1.00
2017.08.16 23:39:10.908,1.28892,1.28898,1.00,1.25
2017.08.16 23:39:11.535,1.28893,1.28898,1.00,1.00
2017.08.16 23:39:29.933,1.28893,1.28896,1.00,1.00
2017.08.16 23:39:32.267,1.28893,1.28898,1.00,1.50
2017.08.16 23:39:32.854,1.28893,1.28898,1.00,1.00
2017.08.16 23:39:38.025,1.2889,1.28898,1.00,1.50
2017.08.16 23:39:38.548,1.28889,1.28898,1.00,1.25
2017.08.16 23:39:46.417,1.28889,1.28897,1.25,1.00
2017.08.16 23:39:56.545,1.28889,1.28898,1.50,1.00
2017.08.16 23:40:00.291,1.28889,1.28898,1.50,1.50
2017.08.16 23:40:05.284,1.28889,1.28899,2.25,1.19
2017.08.16 23:40:05.821,1.28889,1.28899,2.25,1.25
2017.08.16 23:40:07.589,1.28892,1.289,1.00,1.69
2017.08.16 23:40:21.923,1.28892,1.28898,1.00,1.00
2017.08.16 23:40:22.456,1.28892,1.28899,1.00,1.25
2017.08.16 23:40:24.693,1.28894,1.28899,1.00,1.00
2017.08.16 23:40:26.157,1.28891,1.28899,1.00,1.12
2017.08.16 23:40:28.263,1.28889,1.28899,1.50,1.31
2017.08.16 23:40:28.797,1.28889,1.28898,1.50,1.87
2017.08.16 23:40:30.120,1.28889,1.28898,2.25,1.25
2017.08.16 23:40:37.650,1.28889,1.28897,2.25,1.00
2017.08.16 23:40:37.702,1.28889,1.28897,2.25,2.44
2017.08.16 23:40:37.753,1.28889,1.28897,2.25,1.69
2017.08.16 23:40:38.256,1.28889,1.28898,2.25,1.19
2017.08.16 23:40:39.523,1.28889,1.28899,2.25,1.87
2017.08.16 23:40:48.225,1.28889,1.28899,1.00,2.81
2017.08.16 23:40:48.751,1.28889,1.28899,1.00,1.69
2017.08.16 23:40:49.414,1.28889,1.28899,1.00,1.87
2017.08.16 23:40:50.408,1.28889,1.28899,1.00,2.62
2017.08.16 23:40:51.581,1.28889,1.28899,1.00,1.87
2017.08.16 23:40:53.729,1.2889,1.28901,1.12,1.12
2017.08.16 23:40:53.832,1.28894,1.28902,1.12,3.00
2017.08.16 23:40:53.884,1.28895,1.28905,1.25,1.50
2017.08.16 23:40:54.408,1.28895,1.28905,1.25,1.50
2017.08.16 23:40:54.992,1.28895,1.28904,1.25,1.00
2017.08.16 23:41:01.011,1.28896,1.28906,1.00,1.31
2017.08.16 23:41:01.062,1.28896,1.28908,1.00,1.31
2017.08.16 23:41:02.280,1.28896,1.28909,1.00,6.00
2017.08.16 23:41:02.914,1.28896,1.28908,1.00,1.00
2017.08.16 23:41:05.241,1.28896,1.28908,1.00,1.50
2017.08.16 23:41:05.773,1.28896,1.28908,1.00,1.69
2017.08.16 23:41:06.762,1.28896,1.28908,1.00,1.87
2017.08.16 23:41:07.426,1.28896,1.28908,1.25,2.06
2017.08.16 23:41:07.934,1.28896,1.28907,1.25,1.00
2017.08.16 23:41:13.712,1.28899,1.28909,1.00,2.06
2017.08.16 23:41:14.283,1.28901,1.28911,1.00,1.50
2017.08.16 23:41:14.589,1.28903,1.28911,1.19,1.00
2017.08.16 23:41:16.088,1.28903,1.28911,1.12,1.00
2017.08.16 23:41:26.838,1.28903,1.2891,1.12,1.00
2017.08.16 23:41:31.367,1.28903,1.28911,1.12,1.50
2017.08.16 23:41:31.951,1.28903,1.2891,1.12,1.00
2017.08.16 23:41:32.453,1.28903,1.28911,1.12,1.00
2017.08.16 23:41:33.600,1.28899,1.2891,2.62,1.00
2017.08.16 23:41:34.200,1.28899,1.28909,2.44,1.00
2017.08.16 23:41:34.608,1.28899,1.28911,2.44,3.37
2017.08.16 23:41:35.222,1.28899,1.28911,2.44,4.12
2017.08.16 23:41:36.408,1.28899,1.28911,2.44,4.12
2017.08.16 23:41:37.505,1.28899,1.2891,2.44,1.00
2017.08.16 23:41:38.036,1.28899,1.28911,2.44,3.75
2017.08.16 23:41:40.022,1.28901,1.28911,1.50,1.00
2017.08.16 23:41:57.646,1.289,1.28909,1.12,1.00
2017.08.16 23:41:58.174,1.28902,1.28909,1.00,1.00
2017.08.16 23:42:10.838,1.28902,1.28911,1.25,1.00
2017.08.16 23:42:11.344,1.28903,1.28911,1.00,1.00
2017.08.16 23:42:14.423,1.28903,1.28913,1.00,1.00
2017.08.16 23:42:19.672,1.28903,1.28913,1.00,2.44
2017.08.16 23:42:24.626,1.28903,1.28912,1.00,1.44
2017.08.16 23:42:25.536,1.28903,1.28913,1.12,3.00
2017.08.16 23:42:27.407,1.28899,1.28913,2.62,3.37
2017.08.16 23:42:27.460,1.28899,1.28909,1.31,1.50
2017.08.16 23:42:27.947,1.28899,1.28908,1.31,3.00
2017.08.16 23:42:28.601,1.28899,1.28909,1.12,3.00
2017.08.16 23:42:29.326,1.28899,1.28909,1.12,3.00
2017.08.16 23:42:29.851,1.28899,1.28908,1.12,1.12
2017.08.16 23:42:30.382,1.28899,1.28909,1.12,3.00
2017.08.16 23:42:30.904,1.28899,1.28908,1.12,1.12
2017.08.16 23:42:33.993,1.28898,1.28908,1.12,1.25
2017.08.16 23:42:34.493,1.28896,1.28907,1.31,1.31
2017.08.16 23:42:35.018,1.28895,1.28905,1.87,1.87
2017.08.16 23:42:35.731,1.28895,1.28905,1.87,1.12
2017.08.16 23:42:36.244,1.28895,1.28905,1.87,1.44
2017.08.16 23:42:43.703,1.28895,1.28905,1.12,1.12
2017.08.16 23:42:44.029,1.28894,1.28903,1.50,1.25
2017.08.16 23:42:44.132,1.28894,1.28905,1.50,1.69
2017.08.16 23:42:44.650,1.28894,1.28906,1.50,2.06
2017.08.16 23:42:45.200,1.28894,1.28905,1.50,1.25
2017.08.16 23:42:46.070,1.28894,1.28905,1.50,2.06
2017.08.16 23:42:46.765,1.28894,1.28905,1.50,1.00
2017.08.16 23:42:47.121,1.28895,1.28904,1.37,1.19
2017.08.16 23:42:47.722,1.28895,1.28905,1.37,1.87
2017.08.16 23:42:48.254,1.28895,1.28905,1.37,1.87
2017.08.16 23:42:49.107,1.28895,1.28904,1.37,1.19
2017.08.16 23:42:49.412,1.28895,1.28905,1.37,1.87
2017.08.16 23:42:49.666,1.28895,1.28904,1.37,1.19
2017.08.16 23:42:50.250,1.28895,1.28905,1.37,1.87
2017.08.16 23:42:52.008,1.28895,1.28905,1.37,1.87
2017.08.16 23:42:52.560,1.28895,1.28905,1.37,1.87
2017.08.16 23:42:55.846,1.28895,1.28905,1.37,1.87
2017.08.16 23:42:56.672,1.28893,1.28905,1.94,1.87
2017.08.16 23:42:58.012,1.28893,1.28905,1.94,1.87
2017.08.16 23:42:58.899,1.28893,1.28904,1.94,1.25
2017.08.16 23:42:59.648,1.28893,1.28904,1.94,1.87
2017.08.16 23:43:00.154,1.28893,1.28904,1.94,1.12
2017.08.16 23:43:03.776,1.28893,1.28904,1.94,1.44
2017.08.16 23:43:04.311,1.28894,1.28904,1.37,1.62
2017.08.16 23:43:04.517,1.28898,1.28907,1.50,1.00
2017.08.16 23:43:04.826,1.28897,1.28907,1.00,2.06
2017.08.16 23:43:05.335,1.28896,1.28905,1.00,1.69
2017.08.16 23:43:05.923,1.28895,1.28905,1.00,1.69
2017.08.16 23:43:06.359,1.28895,1.28901,1.00,1.00
2017.08.16 23:43:11.907,1.28892,1.28901,1.87,1.00
2017.08.16 23:43:14.309,1.28895,1.28901,1.00,1.00
2017.08.16 23:43:14.842,1.28891,1.28901,2.44,1.00
2017.08.16 23:43:17.410,1.28893,1.28901,1.00,1.00
2017.08.16 23:43:19.373,1.28891,1.28901,1.62,1.00
2017.08.16 23:43:20.071,1.2889,1.289,1.87,1.00
2017.08.16 23:43:22.771,1.28891,1.28901,1.37,1.00
2017.08.16 23:43:24.384,1.28891,1.28902,1.50,1.25
2017.08.16 23:43:24.690,1.28891,1.289,1.50,1.00
2017.08.16 23:43:29.875,1.28891,1.28901,1.50,1.00
2017.08.16 23:43:31.819,1.28889,1.289,2.25,1.25
2017.08.16 23:43:31.921,1.28889,1.28898,2.25,1.00
2017.08.16 23:43:32.771,1.28889,1.28898,2.25,1.00
2017.08.16 23:43:35.421,1.28892,1.28899,1.00,1.00
2017.08.16 23:43:41.352,1.28892,1.289,1.50,1.00
2017.08.16 23:43:50.249,1.28893,1.289,1.00,1.00
2017.08.16 23:43:52.097,1.28893,1.28899,1.00,1.00
2017.08.16 23:43:52.451,1.2889,1.28896,1.87,1.25
2017.08.16 23:43:53.247,1.2889,1.28897,1.87,1.00
2017.08.16 23:43:53.895,1.2889,1.28898,1.87,1.50
2017.08.16 23:44:06.028,1.28894,1.28898,1.12,1.00
2017.08.16 23:44:06.079,1.28894,1.28901,1.12,1.50
2017.08.16 23:44:06.626,1.28894,1.28901,1.50,1.00
2017.08.16 23:44:12.499,1.28897,1.28906,1.12,1.75
2017.08.16 23:44:12.550,1.28899,1.28906,1.00,1.00
2017.08.16 23:44:12.653,1.28899,1.28908,1.50,1.50
2017.08.16 23:44:13.437,1.28899,1.28908,1.50,2.70
2017.08.16 23:44:15.083,1.28899,1.28908,1.50,2.51
2017.08.16 23:44:18.033,1.28899,1.28908,1.50,3.82
2017.08.16 23:44:20.633,1.28899,1.28906,1.50,1.25
2017.08.16 23:44:22.267,1.28899,1.28908,2.06,1.00
2017.08.16 23:44:25.518,1.289,1.28908,1.00,1.00
2017.08.16 23:44:28.850,1.289,1.28907,1.12,1.00
2017.08.16 23:44:31.955,1.289,1.28908,1.12,1.00
2017.08.16 23:44:32.775,1.289,1.28907,1.12,1.00
2017.08.16 23:44:33.314,1.28899,1.28908,1.69,1.00
2017.08.16 23:44:41.484,1.28903,1.28908,1.00,1.00
2017.08.16 23:44:41.966,1.289,1.28907,1.69,1.00
2017.08.16 23:44:42.474,1.289,1.28908,1.69,1.00
2017.08.16 23:44:45.464,1.28902,1.28908,1.00,1.00
2017.08.16 23:44:45.618,1.289,1.28907,1.12,1.00
2017.08.16 23:44:46.206,1.289,1.28908,1.12,1.00
2017.08.16 23:44:47.353,1.289,1.28907,1.00,1.00
2017.08.16 23:44:47.879,1.289,1.28908,1.50,1.00
2017.08.16 23:44:49.759,1.28901,1.28908,1.00,1.00
2017.08.16 23:44:51.245,1.28901,1.28907,1.00,1.00
2017.08.16 23:44:59.317,1.28903,1.28907,1.00,1.00
2017.08.16 23:44:59.419,1.28901,1.28907,1.25,1.00
2017.08.16 23:44:59.923,1.289,1.28908,1.31,1.00
2017.08.16 23:45:00.434,1.28901,1.28907,1.00,1.00
2017.08.16 23:45:01.407,1.28902,1.28908,1.25,1.00
2017.08.16 23:45:05.498,1.28905,1.28908,1.00,1.00
2017.08.16 23:45:05.550,1.28905,1.28913,1.12,1.00
2017.08.16 23:45:05.652,1.28907,1.28912,1.00,1.00
2017.08.16 23:45:10.099,1.28907,1.28913,1.00,1.00
2017.08.16 23:45:22.382,1.28907,1.28912,1.00,1.00
2017.08.16 23:45:23.478,1.28907,1.28913,1.00,1.00
2017.08.16 23:45:34.483,1.28909,1.28913,1.12,1.00
2017.08.16 23:45:35.495,1.28908,1.28913,1.87,1.00
2017.08.16 23:45:36.006,1.28907,1.28913,1.75,1.00
2017.08.16 23:45:43.738,1.28907,1.28912,2.00,1.00
2017.08.16 23:45:44.279,1.28909,1.28913,1.12,1.00
2017.08.16 23:45:48.849,1.28909,1.28912,1.12,1.00
2017.08.16 23:45:49.382,1.28911,1.28913,1.00,1.00
2017.08.16 23:45:49.433,1.28911,1.28916,1.00,1.00
2017.08.16 23:45:49.484,1.28908,1.28916,1.50,1.00
2017.08.16 23:45:49.996,1.28908,1.28915,1.50,1.00
2017.08.16 23:45:50.670,1.28908,1.28915,1.50,1.00
2017.08.16 23:45:54.904,1.28908,1.28916,1.12,1.00
2017.08.16 23:45:55.594,1.28909,1.28916,1.00,1.00
2017.08.16 23:45:58.258,1.28908,1.28915,1.50,1.00
2017.08.16 23:46:02.261,1.28908,1.28915,1.50,1.00
2017.08.16 23:46:04.265,1.2891,1.28916,1.00,1.00
2017.08.16 23:46:04.776,1.28908,1.28916,1.50,1.00
2017.08.16 23:46:05.536,1.28908,1.28917,1.50,1.00
2017.08.16 23:46:09.197,1.28907,1.28916,1.75,1.00
2017.08.16 23:46:14.565,1.28909,1.28917,1.50,1.00
2017.08.16 23:46:15.073,1.28909,1.28918,1.00,1.00
2017.08.16 23:46:16.774,1.28908,1.28918,2.06,1.00
2017.08.16 23:46:18.656,1.28908,1.28917,1.87,1.00
2017.08.16 23:46:22.072,1.28908,1.28916,1.50,1.00
2017.08.16 23:46:25.596,1.28911,1.28916,1.00,1.00
2017.08.16 23:46:25.864,1.28909,1.28916,1.69,1.00
2017.08.16 23:46:29.193,1.2891,1.28916,1.31,1.00
2017.08.16 23:46:30.769,1.28912,1.28916,1.50,1.00
2017.08.16 23:46:31.229,1.2891,1.28918,1.50,1.50
2017.08.16 23:46:31.883,1.2891,1.28918,1.00,1.50
2017.08.16 23:46:34.887,1.28912,1.28918,1.00,1.00
2017.08.16 23:46:35.389,1.28911,1.28917,1.50,1.00
2017.08.16 23:46:35.891,1.28911,1.28918,1.50,1.00
2017.08.16 23:46:38.912,1.28912,1.28918,1.00,1.00
2017.08.16 23:46:39.219,1.28913,1.28917,1.62,1.00
2017.08.16 23:46:39.747,1.28914,1.28918,1.12,1.00
2017.08.16 23:46:53.865,1.28915,1.28918,1.00,1.00
2017.08.16 23:46:54.765,1.28916,1.28918,1.00,1.00
2017.08.16 23:46:54.816,1.28916,1.28921,1.00,1.00
2017.08.16 23:46:55.596,1.28915,1.28921,1.00,1.00
2017.08.16 23:46:57.439,1.28917,1.28925,1.00,1.50
2017.08.16 23:46:57.542,1.28917,1.28921,1.50,1.00
2017.08.16 23:46:57.848,1.28917,1.28923,1.50,1.00
2017.08.16 23:47:03.203,1.2892,1.28925,1.00,1.00
2017.08.16 23:47:03.256,1.2892,1.28927,1.50,1.00
2017.08.16 23:47:04.043,1.2892,1.28926,1.50,1.00
2017.08.16 23:47:06.227,1.2892,1.28927,1.50,1.00
2017.08.16 23:47:06.821,1.28924,1.28928,1.00,1.00
2017.08.16 23:47:07.345,1.28924,1.28927,1.00,1.00
2017.08.16 23:47:08.178,1.28924,1.28928,1.00,1.00
2017.08.16 23:47:09.158,1.28924,1.28927,1.00,1.00
2017.08.16 23:47:09.928,1.28924,1.28928,1.00,1.00
2017.08.16 23:47:11.188,1.2892,1.28928,2.81,1.87
2017.08.16 23:47:11.240,1.2892,1.28925,1.50,1.00
2017.08.16 23:47:14.569,1.28922,1.28927,1.00,1.00
2017.08.16 23:47:14.773,1.2892,1.28928,1.69,1.25
2017.08.16 23:47:17.866,1.28922,1.28928,1.00,1.50
2017.08.16 23:47:18.375,1.28921,1.28927,1.00,1.50
2017.08.16 23:47:22.655,1.28924,1.28928,1.00,1.00
2017.08.16 23:47:23.300,1.28924,1.28927,1.00,1.00
2017.08.16 23:47:24.382,1.28924,1.28928,1.00,1.00
2017.08.16 23:47:28.116,1.28926,1.2893,1.00,1.50
2017.08.16 23:47:31.783,1.28928,1.2893,1.00,1.00
2017.08.16 23:47:31.835,1.28926,1.28933,1.12,1.00
2017.08.16 23:47:48.854,1.28926,1.28932,1.25,1.00
2017.08.16 23:48:00.467,1.28927,1.28933,1.00,1.00
2017.08.16 23:48:02.447,1.2893,1.28936,1.50,1.00
2017.08.16 23:48:02.993,1.28929,1.28936,1.00,2.06
2017.08.16 23:48:07.920,1.28928,1.28936,1.00,2.44
2017.08.16 23:48:09.105,1.28928,1.28936,1.00,2.44
2017.08.16 23:48:12.075,1.28928,1.28936,1.00,1.87
2017.08.16 23:48:13.068,1.28928,1.28936,1.00,3.37
2017.08.16 23:48:20.382,1.28928,1.28936,1.00,1.50
2017.08.16 23:48:25.118,1.2893,1.28936,1.00,1.00
2017.08.16 23:48:25.604,1.28928,1.28935,1.00,1.00
2017.08.16 23:48:28.122,1.2893,1.28935,1.00,1.87
2017.08.16 23:48:28.174,1.28929,1.28936,1.12,1.00
2017.08.16 23:48:28.225,1.28929,1.28933,2.25,1.00
2017.08.16 23:48:29.037,1.28928,1.28933,1.00,1.00
2017.08.16 23:48:31.992,1.28932,1.28933,1.00,1.00
2017.08.16 23:48:32.043,1.2893,1.28936,2.25,1.00
2017.08.16 23:48:32.574,1.28931,1.28936,1.00,1.00
2017.08.16 23:48:33.296,1.2893,1.28935,1.50,1.00
2017.08.16 23:48:33.956,1.2893,1.28936,1.50,1.00
2017.08.16 23:48:36.369,1.28931,1.28938,1.00,1.00
2017.08.16 23:48:36.421,1.28931,1.28936,1.50,1.00
2017.08.16 23:48:36.927,1.28931,1.28937,1.00,1.00
2017.08.16 23:48:38.054,1.2893,1.28937,1.50,1.00
2017.08.16 23:48:38.576,1.2893,1.28936,1.50,1.00
2017.08.16 23:48:39.110,1.2893,1.28937,1.50,1.50
2017.08.16 23:48:39.829,1.28933,1.28938,1.12,1.00
2017.08.16 23:48:39.931,1.28931,1.28937,1.00,1.00
2017.08.16 23:48:40.584,1.2893,1.28937,1.87,1.00
2017.08.16 23:48:41.935,1.2893,1.28936,1.50,1.00
2017.08.16 23:48:43.937,1.2893,1.28937,1.50,1.50
2017.08.16 23:48:43.989,1.28932,1.28938,1.50,1.00
2017.08.16 23:48:44.092,1.28931,1.28938,1.12,1.12
2017.08.16 23:48:44.509,1.28931,1.28936,1.00,1.00
2017.08.16 23:48:45.410,1.2893,1.28936,1.50,1.00
2017.08.16 23:48:46.197,1.2893,1.28937,1.50,1.00
2017.08.16 23:48:49.409,1.28933,1.28937,1.25,1.00
2017.08.16 23:48:49.916,1.28932,1.28936,1.00,1.00
2017.08.16 23:48:50.963,1.28931,1.28936,1.00,1.00
2017.08.16 23:48:52.848,1.28931,1.28938,1.00,1.50
2017.08.16 23:48:53.370,1.28931,1.28937,1.00,1.00
2017.08.16 23:48:53.903,1.28931,1.28938,1.00,1.00
2017.08.16 23:48:54.455,1.28931,1.28937,1.00,1.00
2017.08.16 23:48:54.681,1.28934,1.28937,1.00,1.00
2017.08.16 23:48:54.784,1.28935,1.2894,1.00,1.00
2017.08.16 23:48:56.037,1.28933,1.2894,3.37,1.50
2017.08.16 23:48:56.570,1.28933,1.28939,1.12,1.00
2017.08.16 23:48:57.334,1.28932,1.28939,2.44,1.00
2017.08.16 23:48:59.055,1.28932,1.28938,2.44,1.00
2017.08.16 23:48:59.376,1.2893,1.28938,1.12,1.12
2017.08.16 23:49:00.035,1.2893,1.28937,1.12,1.12
2017.08.16 23:49:03.508,1.2893,1.28938,1.00,1.50
2017.08.16 23:49:04.415,1.28933,1.28938,1.50,1.00
2017.08.16 23:49:05.095,1.28933,1.28937,1.00,1.00
2017.08.16 23:49:05.749,1.28933,1.28938,1.00,1.00
2017.08.16 23:49:07.686,1.28936,1.2894,1.00,1.00
2017.08.16 23:49:07.738,1.28934,1.28946,4.69,2.62
2017.08.16 23:49:08.355,1.28934,1.28944,3.56,1.00
2017.08.16 23:49:10.560,1.28934,1.28946,4.31,2.25
2017.08.16 23:49:12.889,1.28938,1.28946,1.69,1.00
2017.08.16 23:49:13.392,1.2894,1.28946,1.00,1.00
2017.08.16 23:49:13.770,1.28938,1.28946,1.50,1.50
2017.08.16 23:49:14.431,1.28936,1.28946,1.56,1.50
2017.08.16 23:49:16.351,1.28941,1.28949,1.00,1.12
2017.08.16 23:49:16.879,1.28941,1.28949,1.00,1.86
2017.08.16 23:49:17.443,1.28941,1.28949,1.00,1.00
2017.08.16 23:49:18.113,1.28941,1.28944,1.00,1.00
2017.08.16 23:49:18.217,1.28936,1.28944,1.69,1.00
2017.08.16 23:49:18.781,1.28935,1.28943,2.81,1.00
2017.08.16 23:49:19.337,1.28935,1.28943,2.81,1.00
2017.08.16 23:49:20.594,1.28936,1.28944,1.56,1.00
2017.08.16 23:49:22.018,1.28936,1.28944,1.87,1.00
2017.08.16 23:49:23.832,1.28936,1.28944,1.69,1.00
2017.08.16 23:49:23.981,1.28937,1.28946,1.62,1.50
2017.08.16 23:49:24.236,1.28937,1.28943,1.62,1.00
2017.08.16 23:49:25.049,1.28936,1.28944,1.69,1.00
2017.08.16 23:49:25.604,1.28936,1.28944,1.87,1.00
2017.08.16 23:49:34.151,1.28937,1.28946,1.50,1.50
2017.08.16 23:49:34.679,1.28937,1.28945,1.62,1.00
2017.08.16 23:49:35.226,1.28939,1.28946,2.25,1.00
2017.08.16 23:49:35.278,1.28939,1.28942,1.87,1.00
2017.08.16 23:49:35.605,1.28939,1.28946,1.12,1.12
2017.08.16 23:49:35.777,1.28939,1.28948,1.00,1.00
2017.08.16 23:49:40.240,1.28938,1.28946,1.31,1.00
2017.08.16 23:49:42.346,1.28936,1.28946,2.06,1.00
2017.08.16 23:49:42.873,1.28936,1.28946,2.81,1.00
2017.08.16 23:49:44.164,1.2894,1.2895,1.25,1.87
2017.08.16 23:49:44.267,1.28938,1.28946,1.31,1.00
2017.08.16 23:49:45.270,1.28939,1.2895,1.56,1.50
2017.08.16 23:49:45.372,1.28938,1.28946,1.69,1.00
2017.08.16 23:49:46.338,1.28939,1.28949,2.81,1.87
2017.08.16 23:49:46.849,1.28937,1.28946,2.44,1.00
2017.08.16 23:49:50.755,1.28939,1.28949,2.06,1.87
2017.08.16 23:49:50.858,1.28937,1.28945,1.19,1.00
2017.08.16 23:49:50.910,1.28937,1.28945,1.19,1.00
2017.08.16 23:49:54.094,1.28936,1.28945,1.19,1.00
2017.08.16 23:49:54.601,1.28936,1.28945,1.25,1.00
2017.08.16 23:49:55.363,1.28935,1.28945,2.06,1.00
2017.08.16 23:49:56.803,1.28935,1.28945,2.44,1.00
2017.08.16 23:49:57.818,1.28935,1.28945,2.06,1.00
2017.08.16 23:49:59.490,1.28935,1.28945,2.06,1.00
2017.08.16 23:50:00.123,1.28935,1.28945,2.44,1.00
2017.08.16 23:50:00.760,1.28935,1.28945,2.25,1.00
2017.08.16 23:50:02.158,1.28935,1.28945,1.50,1.00
2017.08.16 23:50:05.746,1.28935,1.28945,2.44,1.00
2017.08.16 23:50:08.402,1.28935,1.28945,2.06,1.00
2017.08.16 23:50:10.712,1.28939,1.28948,1.00,1.37
2017.08.16 23:50:10.967,1.28939,1.28949,1.12,2.06
2017.08.16 23:50:11.668,1.28939,1.28949,1.12,1.69
2017.08.16 23:50:12.218,1.28939,1.28949,1.00,2.81
2017.08.16 23:50:15.845,1.28941,1.28951,1.12,1.87
2017.08.16 23:50:16.100,1.28939,1.28949,1.12,1.00
2017.08.16 23:50:16.612,1.28939,1.28949,1.00,2.62
2017.08.16 23:50:20.306,1.28937,1.28948,1.00,3.19
2017.08.16 23:50:26.903,1.28937,1.28946,1.00,1.12
2017.08.16 23:50:27.252,1.2894,1.2895,1.00,3.00
2017.08.16 23:50:27.355,1.28937,1.28948,1.50,1.19
2017.08.16 23:50:27.869,1.28937,1.28948,1.12,1.87
2017.08.16 23:50:28.459,1.28937,1.28948,1.00,1.50
2017.08.16 23:50:28.989,1.28937,1.28947,1.00,1.25
2017.08.16 23:50:29.825,1.28939,1.28949,1.50,1.37
2017.08.16 23:50:30.131,1.28939,1.28947,1.00,1.69
2017.08.16 23:50:31.293,1.28939,1.28947,1.00,1.25
2017.08.16 23:50:32.505,1.28939,1.28947,1.00,2.62
2017.08.16 23:50:33.046,1.28939,1.28947,1.00,1.87
2017.08.16 23:50:34.580,1.28939,1.28949,1.50,2.25
2017.08.16 23:50:34.631,1.28937,1.28947,2.00,1.00
2017.08.16 23:50:34.938,1.28937,1.28945,1.00,1.00
2017.08.16 23:50:35.311,1.28937,1.28943,1.00,1.00
2017.08.16 23:50:35.587,1.28932,1.28939,1.12,1.00
2017.08.16 23:50:35.639,1.28935,1.28942,1.00,1.47
2017.08.16 23:50:35.741,1.28933,1.28944,1.31,1.87
2017.08.16 23:50:36.267,1.28933,1.28944,1.00,1.69
2017.08.16 23:50:38.293,1.28933,1.28944,1.12,1.25
2017.08.16 23:50:39.093,1.28935,1.28944,1.00,1.00
2017.08.16 23:50:40.320,1.28931,1.28942,1.50,1.12
2017.08.16 23:50:40.372,1.2893,1.28941,1.25,1.00
2017.08.16 23:50:40.474,1.28929,1.28939,1.00,1.00
2017.08.16 23:50:42.631,1.28929,1.28938,1.00,1.00
2017.08.16 23:50:53.105,1.28929,1.28937,1.00,1.00
2017.08.16 23:50:55.137,1.28929,1.28936,1.00,1.50
2017.08.16 23:50:56.540,1.28927,1.28936,1.50,1.50
2017.08.16 23:50:57.338,1.28927,1.28935,1.50,1.00
2017.08.16 23:50:59.544,1.28928,1.28936,1.12,1.00
2017.08.16 23:51:00.156,1.28928,1.28934,1.50,1.00
2017.08.16 23:51:04.269,1.28928,1.28938,1.12,2.44
2017.08.16 23:51:04.807,1.28929,1.28937,1.12,1.00
2017.08.16 23:51:07.482,1.28928,1.28937,1.12,1.50
2017.08.16 23:51:11.270,1.28929,1.28939,1.37,2.44
2017.08.16 23:51:11.577,1.28928,1.28936,1.00,1.00
2017.08.16 23:51:17.652,1.28931,1.28939,1.00,1.00
2017.08.16 23:51:18.161,1.2893,1.28939,1.00,1.00
2017.08.16 23:51:18.512,1.28929,1.28937,1.12,1.00
2017.08.16 23:51:21.849,1.2893,1.28937,1.00,1.00
2017.08.16 23:51:22.829,1.28931,1.28939,1.00,1.00
2017.08.16 23:51:23.306,1.2893,1.28937,1.00,1.00
2017.08.16 23:51:23.798,1.28931,1.28939,1.00,1.00
2017.08.16 23:51:24.314,1.28931,1.28936,1.00,1.00
2017.08.16 23:51:25.695,1.28931,1.28939,1.00,1.00
2017.08.16 23:51:26.187,1.28931,1.28937,1.12,1.00
2017.08.16 23:51:26.664,1.28933,1.2894,1.00,1.00
2017.08.16 23:51:26.716,1.2893,1.2894,1.50,1.00
2017.08.16 23:51:26.869,1.2893,1.28938,1.00,1.00
2017.08.16 23:51:27.383,1.2893,1.28938,1.00,1.69
2017.08.16 23:51:28.871,1.2893,1.28938,1.00,1.25
2017.08.16 23:51:29.419,1.2893,1.28937,1.00,2.25
2017.08.16 23:51:30.517,1.28931,1.2894,1.00,1.00
2017.08.16 23:51:30.620,1.28931,1.28937,1.00,1.00
2017.08.16 23:51:30.927,1.28929,1.28937,1.87,1.00
2017.08.16 23:51:32.983,1.28931,1.2894,1.12,2.06
2017.08.16 23:51:33.392,1.2893,1.28937,1.00,1.00
2017.08.16 23:51:34.518,1.28931,1.2894,1.00,1.00
2017.08.16 23:51:34.723,1.28929,1.28937,1.50,1.00
2017.08.16 23:51:36.575,1.2893,1.28939,1.00,1.50
2017.08.16 23:51:36.627,1.28928,1.28937,1.50,1.00
2017.08.16 23:51:37.164,1.28928,1.28937,1.12,1.00
2017.08.16 23:51:38.379,1.28928,1.28936,1.12,1.00
2017.08.16 23:51:38.888,1.28928,1.28935,1.12,1.00
2017.08.16 23:51:41.623,1.28928,1.28936,1.12,1.00
2017.08.16 23:51:41.980,1.28931,1.28937,1.00,1.00
2017.08.16 23:51:42.031,1.28929,1.28937,1.00,1.00
2017.08.16 23:51:42.550,1.2893,1.28937,1.00,1.00
2017.08.16 23:51:43.092,1.28931,1.28937,1.00,1.00
2017.08.16 23:51:43.775,1.28929,1.28937,1.00,1.25
2017.08.16 23:51:43.826,1.28929,1.28935,1.00,1.00
2017.08.16 23:51:44.338,1.2893,1.28935,1.00,1.00
2017.08.16 23:51:47.201,1.28929,1.28937,1.12,1.00
2017.08.16 23:51:47.253,1.28929,1.28939,1.12,1.25
2017.08.16 23:51:47.305,1.28931,1.2894,1.00,1.25
2017.08.16 23:51:47.611,1.28928,1.28936,1.12,1.00
2017.08.16 23:51:50.495,1.28928,1.28938,1.12,1.00
2017.08.16 23:51:50.547,1.28928,1.28936,1.12,1.00
2017.08.16 23:52:00.758,1.28931,1.28939,1.12,1.00
2017.08.16 23:52:00.911,1.28928,1.28937,1.50,1.00
2017.08.16 23:52:05.752,1.28927,1.28935,1.50,1.00
2017.08.16 23:52:06.413,1.28926,1.28935,2.25,1.00
2017.08.16 23:52:06.770,1.28927,1.28936,1.00,1.37
2017.08.16 23:52:06.822,1.28925,1.28933,1.50,1.00
2017.08.16 23:52:07.026,1.2892,1.2893,2.81,2.25
2017.08.16 23:52:07.973,1.2892,1.28929,1.87,1.00
2017.08.16 23:52:08.514,1.2892,1.28928,1.69,1.00
2017.08.16 23:52:09.907,1.2892,1.28929,1.50,1.50
2017.08.16 23:52:16.220,1.2892,1.28929,1.69,1.00
2017.08.16 23:52:16.773,1.2892,1.28929,1.50,1.00
2017.08.16 23:52:18.312,1.2892,1.28928,1.00,1.00
2017.08.16 23:52:19.346,1.28919,1.28928,1.50,1.00
2017.08.16 23:52:19.602,1.28921,1.28928,1.00,1.37
2017.08.16 23:52:20.289,1.28921,1.28928,1.00,1.37
2017.08.16 23:52:20.635,1.28918,1.28927,3.00,1.00
2017.08.16 23:52:20.687,1.28919,1.28926,2.06,1.00
2017.08.16 23:52:21.204,1.28919,1.28927,1.69,1.00
2017.08.16 23:52:23.960,1.28919,1.28927,1.87,1.00
2017.08.16 23:52:26.340,1.28922,1.28931,1.87,2.25
2017.08.16 23:52:26.393,1.28922,1.28932,2.25,1.50
2017.08.16 23:52:27.146,1.28923,1.28931,1.69,1.00
2017.08.16 23:52:29.841,1.28923,1.28933,1.50,1.12
2017.08.16 23:52:30.169,1.28923,1.28933,1.96,1.12
2017.08.16 23:52:30.383,1.28923,1.28932,1.50,1.00
2017.08.16 23:52:30.588,1.2892,1.28929,1.87,1.00
2017.08.16 23:52:31.103,1.2892,1.28928,2.00,1.00
2017.08.16 23:52:31.867,1.2892,1.28929,1.31,1.00
2017.08.16 23:52:33.531,1.28923,1.28933,1.00,2.44
2017.08.16 23:52:33.583,1.28923,1.28933,1.87,1.87
2017.08.16 23:52:34.154,1.28926,1.28933,1.00,1.00
2017.08.16 23:52:43.186,1.28926,1.28932,1.00,1.00
2017.08.16 23:52:43.697,1.28926,1.28933,1.00,1.00
2017.08.16 23:53:06.871,1.28926,1.28932,1.00,1.00
2017.08.16 23:53:07.398,1.28923,1.28931,1.87,1.00
2017.08.16 23:53:08.845,1.28923,1.28932,1.75,1.50
2017.08.16 23:53:10.534,1.28923,1.28932,1.75,1.50
2017.08.16 23:53:12.231,1.28926,1.28934,1.00,1.12
2017.08.16 23:53:13.011,1.28926,1.28934,1.00,1.37
2017.08.16 23:53:14.253,1.28923,1.28934,2.06,1.37
2017.08.16 23:53:22.499,1.28923,1.28934,2.06,1.12
2017.08.16 23:53:28.808,1.28925,1.28934,1.00,1.37
2017.08.16 23:53:33.196,1.28923,1.28934,1.69,1.37
2017.08.16 23:53:33.349,1.28923,1.28929,1.00,1.00
2017.08.16 23:53:33.400,1.28921,1.28928,1.00,1.00
2017.08.16 23:53:33.657,1.28918,1.28927,1.00,1.00
2017.08.16 23:53:33.760,1.28917,1.28925,1.00,1.00
2017.08.16 23:53:33.973,1.28915,1.28924,1.00,1.00
2017.08.16 23:53:34.545,1.28915,1.28923,1.00,1.00
2017.08.16 23:53:36.599,1.28913,1.28921,1.00,1.00
2017.08.16 23:53:36.909,1.28908,1.28916,1.00,1.00
2017.08.16 23:53:36.961,1.28906,1.28916,1.00,1.00
2017.08.16 23:53:37.477,1.28904,1.28916,2.06,1.00
2017.08.16 23:53:40.004,1.28904,1.28916,2.40,1.00
2017.08.16 23:53:40.511,1.28905,1.28916,1.00,1.00
2017.08.16 23:53:41.171,1.28904,1.28916,2.40,1.00
2017.08.16 23:53:44.996,1.28911,1.2892,1.12,1.00
2017.08.16 23:53:45.100,1.28913,1.28923,1.00,1.00
2017.08.16 23:53:45.614,1.28912,1.28924,2.62,1.00
2017.08.16 23:53:46.151,1.28913,1.28922,1.00,1.00
2017.08.16 23:53:46.202,1.28911,1.28921,1.31,1.69
2017.08.16 23:53:46.306,1.28909,1.28921,2.25,1.31
2017.08.16 23:53:46.808,1.28909,1.28921,2.36,1.57
2017.08.16 23:53:47.364,1.28909,1.28921,2.36,1.57
2017.08.16 23:53:48.435,1.28911,1.2892,1.24,1.00
2017.08.16 23:53:48.538,1.28913,1.28925,1.24,1.87
2017.08.16 23:53:48.590,1.28913,1.28925,1.61,1.12
2017.08.16 23:53:49.141,1.28914,1.28925,1.50,1.37
2017.08.16 23:53:52.211,1.28918,1.28929,2.06,1.37
2017.08.16 23:53:52.263,1.28918,1.28929,1.50,1.50
2017.08.16 23:53:52.469,1.28916,1.28926,3.19,1.50
2017.08.16 23:53:52.725,1.28916,1.28925,1.00,1.00
2017.08.16 23:53:53.237,1.28916,1.28925,1.00,1.69
2017.08.16 23:53:54.024,1.28916,1.28925,1.00,1.25
2017.08.16 23:53:54.854,1.28916,1.28925,1.00,2.62
2017.08.16 23:53:54.957,1.28914,1.28923,1.12,1.50
2017.08.16 23:53:57.014,1.28915,1.28923,1.00,1.00
2017.08.16 23:53:57.066,1.28915,1.28925,1.50,1.00
2017.08.16 23:53:57.686,1.28915,1.28925,1.00,2.44
2017.08.16 23:53:58.215,1.28915,1.28924,1.00,1.25
2017.08.16 23:54:00.643,1.28917,1.28927,2.25,1.12
2017.08.16 23:54:00.695,1.28917,1.28928,1.00,1.50
2017.08.16 23:54:00.747,1.28917,1.28926,1.00,1.00
2017.08.16 23:54:01.257,1.28918,1.28926,1.00,1.25
2017.08.16 23:54:02.563,1.28916,1.28925,1.50,1.00
2017.08.16 23:54:08.898,1.28916,1.28926,1.12,1.50
2017.08.16 23:54:09.001,1.28916,1.28924,1.00,1.25
2017.08.16 23:54:12.087,1.28916,1.28924,1.00,1.19
2017.08.16 23:54:14.621,1.28916,1.28924,1.00,1.25
2017.08.16 23:54:16.724,1.28916,1.28924,1.00,1.31
2017.08.16 23:54:19.004,1.28914,1.28924,1.00,2.44
2017.08.16 23:54:19.056,1.28913,1.28918,1.00,1.00
2017.08.16 23:54:19.160,1.28906,1.28916,1.50,1.00
2017.08.16 23:54:19.689,1.28906,1.28917,1.50,2.32
2017.08.16 23:54:28.859,1.28906,1.28917,1.50,2.32
2017.08.16 23:54:29.363,1.28906,1.28917,1.50,2.32
2017.08.16 23:54:34.868,1.28906,1.28916,1.00,2.70
2017.08.16 23:54:35.528,1.28906,1.28916,1.00,2.70
2017.08.16 23:54:35.703,1.28907,1.28916,1.50,1.00
2017.08.16 23:54:36.214,1.28908,1.28917,1.00,1.00
2017.08.16 23:54:40.266,1.28908,1.28916,1.00,1.00
2017.08.16 23:54:40.317,1.28906,1.28916,1.00,3.19
2017.08.16 23:54:40.786,1.28908,1.28917,1.00,1.25
2017.08.16 23:54:41.297,1.28908,1.28918,1.00,1.50
2017.08.16 23:54:42.078,1.2891,1.28921,1.50,3.26
2017.08.16 23:54:42.595,1.2891,1.28919,1.00,1.50
2017.08.16 23:54:46.247,1.28911,1.28919,1.00,2.25
2017.08.16 23:54:46.349,1.28909,1.2892,1.50,2.25
2017.08.16 23:54:46.733,1.28908,1.28919,1.00,1.62
2017.08.16 23:54:47.667,1.28911,1.2892,1.00,1.50
2017.08.16 23:54:47.719,1.28909,1.2892,1.00,1.37
2017.08.16 23:54:48.679,1.28913,1.28921,1.00,3.37
2017.08.16 23:54:48.730,1.2891,1.2892,1.00,1.00
2017.08.16 23:54:48.940,1.2891,1.28919,1.00,1.50
2017.08.16 23:54:49.213,1.28907,1.28918,1.12,1.19
2017.08.16 23:54:49.935,1.28907,1.28918,1.00,1.25
2017.08.16 23:54:50.476,1.28908,1.28919,1.00,3.94
2017.08.16 23:54:50.682,1.28908,1.28919,1.00,3.75
2017.08.16 23:54:51.194,1.28908,1.28915,1.00,1.00
2017.08.16 23:54:53.237,1.28911,1.2892,1.00,1.87
2017.08.16 23:54:53.339,1.28908,1.2892,1.50,3.37
2017.08.16 23:54:53.876,1.28908,1.2892,1.12,6.56
2017.08.16 23:54:54.306,1.28911,1.28919,1.00,2.06
2017.08.16 23:54:54.510,1.28908,1.28918,1.00,1.00
2017.08.16 23:54:55.196,1.28907,1.28919,2.25,2.44
2017.08.16 23:54:55.670,1.28912,1.2892,1.00,3.19
2017.08.16 23:54:55.721,1.28908,1.28919,2.25,1.31
2017.08.16 23:54:58.091,1.28909,1.28918,1.00,1.25
2017.08.16 23:55:00.602,1.28909,1.28916,1.00,1.00
2017.08.16 23:55:01.854,1.28908,1.28916,1.50,1.00
2017.08.16 23:55:03.602,1.28907,1.28916,1.50,1.00
2017.08.16 23:55:03.704,1.28907,1.28918,1.12,2.25
2017.08.16 23:55:05.278,1.28907,1.28918,1.87,2.25
2017.08.16 23:55:18.389,1.28907,1.28918,2.44,2.25
2017.08.16 23:55:22.040,1.28908,1.28912,1.00,1.00
2017.08.16 23:55:22.092,1.28906,1.28912,1.12,1.50
2017.08.16 23:55:22.453,1.28905,1.28914,1.50,1.00
2017.08.16 23:55:23.076,1.28905,1.28913,1.50,1.00
2017.08.16 23:55:23.870,1.28906,1.28913,1.50,1.00
2017.08.16 23:55:26.592,1.28905,1.28913,1.12,1.00
2017.08.16 23:55:30.525,1.28905,1.28914,1.00,1.00
2017.08.16 23:55:36.458,1.28904,1.28913,3.75,1.00
2017.08.16 23:55:37.033,1.28905,1.28914,1.12,1.00
2017.08.16 23:55:37.969,1.28905,1.28916,1.00,2.44
2017.08.16 23:55:39.519,1.28905,1.28916,3.00,2.06
2017.08.16 23:55:40.114,1.28905,1.28916,3.00,1.31
2017.08.16 23:55:43.077,1.28905,1.28915,3.00,1.00
2017.08.16 23:55:44.607,1.28905,1.28915,2.25,1.00
2017.08.16 23:55:46.093,1.28905,1.28916,2.25,1.31
2017.08.16 23:55:46.313,1.28905,1.28914,2.25,1.00
2017.08.16 23:55:47.773,1.28905,1.28913,1.00,1.00
2017.08.16 23:55:48.452,1.28905,1.28914,1.00,1.00
2017.08.16 23:55:49.113,1.28905,1.28913,1.00,1.00
2017.08.16 23:55:52.038,1.28907,1.28913,1.00,1.00
2017.08.16 23:55:55.660,1.28905,1.28913,1.00,1.00
2017.08.16 23:55:56.216,1.28906,1.28914,1.00,1.00
2017.08.16 23:56:08.234,1.28908,1.28914,1.00,1.00
2017.08.16 23:56:08.795,1.28908,1.28913,1.00,1.00
2017.08.16 23:56:28.118,1.28908,1.28914,1.00,1.00
2017.08.16 23:56:30.619,1.28908,1.28915,1.00,2.25
2017.08.16 23:56:33.379,1.28906,1.28915,1.00,1.12
2017.08.16 23:56:34.306,1.28908,1.28917,1.00,2.81
2017.08.16 23:56:34.976,1.28908,1.28917,1.00,2.81
2017.08.16 23:56:38.169,1.28908,1.28917,1.00,4.31
2017.08.16 23:56:38.220,1.28906,1.28914,1.31,1.00
2017.08.16 23:56:38.526,1.28906,1.28911,1.00,1.00
2017.08.16 23:56:39.204,1.28905,1.28911,2.25,1.00
2017.08.16 23:56:42.938,1.28905,1.28912,2.25,1.00
2017.08.16 23:56:43.470,1.28905,1.2891,1.12,1.00
2017.08.16 23:56:44.986,1.28906,1.28914,1.00,1.25
2017.08.16 23:56:55.810,1.28907,1.28915,1.00,1.69
2017.08.16 23:56:57.302,1.28905,1.28913,1.00,1.37
2017.08.16 23:56:57.354,1.28903,1.28912,1.12,1.00
2017.08.16 23:56:57.714,1.28905,1.28913,1.00,1.76
2017.08.16 23:56:57.817,1.28905,1.28913,1.00,1.31
2017.08.16 23:57:00.815,1.28905,1.28915,1.00,1.37
2017.08.16 23:57:01.370,1.28906,1.28915,1.00,1.37
2017.08.16 23:57:02.386,1.28907,1.28915,1.00,1.00
2017.08.16 23:57:03.387,1.28907,1.28916,1.00,1.69
2017.08.16 23:57:10.413,1.28907,1.28914,1.00,1.00
2017.08.16 23:57:12.612,1.28907,1.28916,1.00,2.06
2017.08.16 23:57:18.621,1.28907,1.28916,1.00,2.06
2017.08.16 23:57:19.660,1.28907,1.28915,1.00,1.12
2017.08.16 23:57:22.664,1.28907,1.28915,1.00,1.37
2017.08.16 23:57:26.702,1.28907,1.28916,1.00,2.81
2017.08.16 23:57:30.736,1.28906,1.28914,1.00,1.25
2017.08.16 23:57:31.773,1.28906,1.28913,1.00,1.00
2017.08.16 23:57:33.690,1.28906,1.28915,1.00,1.31
2017.08.16 23:57:35.118,1.28906,1.28915,1.00,1.12
2017.08.16 23:57:41.197,1.28907,1.28915,1.00,1.00
2017.08.16 23:57:42.717,1.28907,1.28916,1.00,2.44
2017.08.16 23:57:51.791,1.28907,1.28916,1.00,1.25
2017.08.16 23:57:52.951,1.28908,1.28917,1.00,2.06
2017.08.16 23:57:55.210,1.28908,1.28917,1.00,2.06
2017.08.16 23:58:05.917,1.28907,1.28916,1.00,1.31
2017.08.16 23:58:07.998,1.28906,1.28915,1.00,1.25
2017.08.16 23:58:09.537,1.28907,1.28916,1.50,2.44
2017.08.16 23:58:11.046,1.28905,1.28914,1.00,1.00
2017.08.16 23:58:12.055,1.28906,1.28914,1.00,1.25
2017.08.16 23:58:13.530,1.28906,1.28914,1.00,2.06
2017.08.16 23:58:13.582,1.28899,1.28908,1.00,1.00
2017.08.16 23:58:14.092,1.289,1.28908,1.00,1.00
2017.08.16 23:58:14.931,1.289,1.28906,1.00,1.00
2017.08.16 23:58:15.486,1.28898,1.28906,1.50,1.00
2017.08.16 23:58:16.017,1.28898,1.28907,1.50,1.12
2017.08.16 23:58:17.976,1.28898,1.28906,1.00,1.00
2017.08.16 23:58:21.450,1.28898,1.28907,1.00,3.00
2017.08.16 23:58:22.464,1.28898,1.28906,1.00,1.00
2017.08.16 23:58:25.435,1.28898,1.28907,1.00,1.69
2017.08.16 23:58:26.460,1.28898,1.28907,1.00,2.06
2017.08.16 23:58:27.460,1.28898,1.28906,1.00,1.25
2017.08.16 23:58:30.159,1.28899,1.28909,1.00,3.45
2017.08.16 23:58:30.466,1.28899,1.28909,1.00,2.44
2017.08.16 23:58:31.494,1.28899,1.28909,1.00,2.06
2017.08.16 23:58:32.278,1.28899,1.28909,1.00,2.06
2017.08.16 23:58:34.165,1.28899,1.28907,1.00,1.00
2017.08.16 23:58:34.721,1.28899,1.28909,1.00,2.62
2017.08.16 23:58:38.523,1.28899,1.28909,1.00,1.87
2017.08.16 23:58:41.020,1.28901,1.28909,2.06,1.00
2017.08.16 23:58:41.326,1.28903,1.28912,1.50,1.56
2017.08.16 23:58:41.532,1.28905,1.28914,1.00,1.00
2017.08.16 23:58:42.089,1.28906,1.28915,1.00,2.70
2017.08.16 23:58:42.596,1.28906,1.28915,1.00,1.95
2017.08.16 23:58:43.557,1.28906,1.28915,1.00,2.32
2017.08.16 23:58:43.660,1.28906,1.28916,1.00,1.87
2017.08.16 23:58:44.178,1.28905,1.28915,1.12,1.50
2017.08.16 23:58:45.413,1.28901,1.28911,2.25,1.00
2017.08.16 23:58:45.758,1.28899,1.28908,1.31,1.00
2017.08.16 23:58:46.463,1.28899,1.28908,1.69,1.00
2017.08.16 23:58:50.689,1.28899,1.28908,1.31,1.00
2017.08.16 23:58:51.373,1.28899,1.28908,1.31,1.00
2017.08.16 23:58:52.114,1.28899,1.28908,1.31,1.00
2017.08.16 23:59:10.999,1.28899,1.2891,1.50,1.31
2017.08.16 23:59:11.609,1.28899,1.2891,1.50,1.62
2017.08.16 23:59:14.403,1.28899,1.28909,1.50,1.87
2017.08.16 23:59:16.453,1.28899,1.28907,1.00,1.19
2017.08.16 23:59:16.959,1.28898,1.28906,1.00,1.87
2017.08.16 23:59:17.493,1.28898,1.28906,1.00,2.06
2017.08.16 23:59:18.852,1.28897,1.28905,1.00,2.25
2017.08.16 23:59:23.714,1.28897,1.28907,1.50,2.44
2017.08.16 23:59:28.554,1.28897,1.28907,1.50,1.87
2017.08.16 23:59:28.911,1.28898,1.28908,1.50,1.50
2017.08.16 23:59:29.502,1.28898,1.28907,1.50,1.00
2017.08.16 23:59:29.863,1.28899,1.2891,1.00,1.69
2017.08.16 23:59:30.399,1.289,1.2891,1.00,1.62
2017.08.16 23:59:33.170,1.289,1.2891,1.00,1.31
2017.08.16 23:59:36.461,1.28899,1.28909,1.00,1.25
2017.08.16 23:59:36.614,1.28899,1.28908,1.00,1.50
2017.08.16 23:59:36.768,1.289,1.28909,1.00,1.00
2017.08.16 23:59:37.275,1.28899,1.28909,1.00,1.50
2017.08.16 23:59:38.209,1.28899,1.2891,1.00,2.44
2017.08.16 23:59:40.465,1.28899,1.2891,1.00,3.19
2017.08.16 23:59:41.055,1.289,1.2891,1.00,1.50
2017.08.16 23:59:45.454,1.289,1.28911,1.00,2.81
2017.08.16 23:59:52.522,1.289,1.28907,1.00,1.00
