2008.01.17 16:00:00.079,1.9767,1.97685,2.80,2.80
2008.01.17 16:00:00.527,1.9767,1.97695,2.80,8.40
2008.01.17 16:00:00.555,1.97675,1.97695,2.40,5.20
2008.01.17 16:00:00.976,1.97675,1.97695,2.40,2.80
2008.01.17 16:00:01.395,1.97675,1.97695,2.40,2.80
2008.01.17 16:00:01.822,1.97675,1.97695,2.40,2.80
2008.01.17 16:00:01.879,1.97675,1.97695,2.40,2.80
2008.01.17 16:00:02.343,1.97675,1.97695,2.80,0.50
2008.01.17 16:00:02.818,1.97675,1.97695,2.80,0.50
2008.01.17 16:00:03.222,1.97675,1.977,11.60,1.60
2008.01.17 16:00:03.255,1.97685,1.97705,0.60,2.80
2008.01.17 16:00:03.649,1.97685,1.977,0.60,0.50
2008.01.17 16:00:04.079,1.97685,1.977,4.80,0.50
2008.01.17 16:00:04.495,1.97695,1.97705,0.60,1.60
2008.01.17 16:00:04.702,1.97695,1.97705,0.60,1.60
2008.01.17 16:00:04.947,1.97685,1.97705,0.60,1.60
2008.01.17 16:00:05.412,1.9769,1.9771,4.00,0.50
2008.01.17 16:00:05.881,1.9769,1.9771,4.40,0.50
2008.01.17 16:00:06.085,1.9769,1.97715,4.40,2.80
2008.01.17 16:00:06.325,1.97695,1.9772,0.60,9.20
2008.01.17 16:00:06.735,1.97695,1.9772,4.40,0.50
2008.01.17 16:00:06.939,1.97695,1.97715,4.40,0.50
2008.01.17 16:00:07.212,1.97695,1.97715,0.60,1.10
2008.01.17 16:00:07.671,1.9771,1.9772,4.00,2.40
2008.01.17 16:00:08.158,1.97715,1.97725,0.60,1.60
2008.01.17 16:00:08.186,1.97715,1.97725,0.60,1.60
2008.01.17 16:00:09.043,1.97715,1.97725,0.60,1.60
2008.01.17 16:00:09.483,1.97715,1.97725,2.00,1.60
2008.01.17 16:00:09.511,1.97715,1.97725,2.00,1.60
2008.01.17 16:00:09.939,1.97715,1.97725,2.00,1.60
2008.01.17 16:00:10.372,1.97715,1.97725,5.20,1.60
2008.01.17 16:00:10.848,1.97725,1.97745,0.60,5.20
2008.01.17 16:00:11.114,1.97725,1.97745,0.60,5.20
2008.01.17 16:00:11.386,1.97725,1.97745,0.60,4.80
2008.01.17 16:00:11.759,1.97725,1.97745,0.60,4.80
2008.01.17 16:00:12.164,1.97725,1.97745,0.60,1.60
2008.01.17 16:00:12.557,1.97725,1.97745,0.60,2.00
2008.01.17 16:00:12.631,1.97725,1.97745,2.00,2.00
2008.01.17 16:00:13.165,1.97725,1.97745,2.00,0.50
2008.01.17 16:00:13.590,1.97725,1.97745,6.00,1.60
2008.01.17 16:00:13.991,1.97725,1.97745,6.00,2.00
2008.01.17 16:00:14.183,1.97725,1.97745,0.60,0.50
2008.01.17 16:00:14.872,1.97725,1.9775,0.60,2.00
2008.01.17 16:00:15.305,1.97725,1.9775,4.40,0.50
2008.01.17 16:00:15.529,1.97725,1.9775,4.40,0.50
2008.01.17 16:00:15.863,1.97725,1.9775,0.60,0.50
2008.01.17 16:00:16.292,1.97725,1.9775,0.60,0.50
2008.01.17 16:00:16.812,1.97725,1.97745,0.60,0.50
2008.01.17 16:00:17.015,1.97725,1.97735,0.60,0.50
2008.01.17 16:00:17.257,1.97715,1.97735,2.80,0.50
2008.01.17 16:00:17.680,1.97715,1.97735,2.80,0.50
2008.01.17 16:00:18.122,1.97715,1.97735,3.60,0.50
2008.01.17 16:00:18.356,1.97715,1.97735,2.00,0.50
2008.01.17 16:00:18.596,1.9771,1.97735,4.40,2.80
2008.01.17 16:00:19.017,1.9771,1.97735,4.40,2.80
2008.01.17 16:00:19.224,1.9771,1.97735,4.40,2.80
2008.01.17 16:00:19.470,1.97715,1.97735,0.60,1.20
2008.01.17 16:00:19.887,1.97715,1.9773,0.60,0.50
2008.01.17 16:00:20.397,1.97705,1.9771,0.60,0.50
2008.01.17 16:00:20.476,1.97705,1.97715,0.10,5.60
2008.01.17 16:00:20.928,1.97705,1.97715,0.10,0.50
2008.01.17 16:00:21.370,1.97705,1.97715,0.10,2.80
2008.01.17 16:00:21.818,1.97695,1.97705,0.60,0.50
2008.01.17 16:00:22.217,1.9769,1.97705,4.40,0.50
2008.01.17 16:00:22.644,1.9769,1.97715,4.40,6.70
2008.01.17 16:00:23.051,1.9769,1.97715,4.40,2.80
2008.01.17 16:00:23.319,1.97695,1.97715,0.60,0.50
2008.01.17 16:00:23.587,1.9771,1.97725,4.00,4.40
2008.01.17 16:00:24.051,1.97705,1.9771,0.60,0.50
2008.01.17 16:00:24.443,1.97685,1.977,4.00,0.50
2008.01.17 16:00:24.821,1.9769,1.97705,4.00,8.80
2008.01.17 16:00:24.989,1.97685,1.97715,5.20,4.60
2008.01.17 16:00:25.230,1.97685,1.97715,12.40,4.60
2008.01.17 16:00:25.737,1.97695,1.9771,0.60,0.50
2008.01.17 16:00:26.228,1.97685,1.9771,10.00,0.50
2008.01.17 16:00:26.654,1.97685,1.9771,8.40,0.50
2008.01.17 16:00:27.055,1.97685,1.97705,4.40,0.50
2008.01.17 16:00:27.396,1.97685,1.97705,0.60,0.50
2008.01.17 16:00:27.816,1.97685,1.97705,2.00,0.50
2008.01.17 16:00:27.835,1.97685,1.97705,0.60,0.50
2008.01.17 16:00:28.252,1.97685,1.97705,0.60,0.50
2008.01.17 16:00:28.454,1.97685,1.97705,0.60,0.70
2008.01.17 16:00:28.694,1.97685,1.97705,0.60,0.80
2008.01.17 16:00:28.827,1.97685,1.9771,0.60,10.00
2008.01.17 16:00:29.200,1.9768,1.97695,4.00,4.10
2008.01.17 16:00:29.703,1.97665,1.9769,0.60,7.30
2008.01.17 16:00:30.115,1.97665,1.9769,0.60,3.30
2008.01.17 16:00:30.524,1.97665,1.97685,0.60,0.50
2008.01.17 16:00:30.742,1.97665,1.9769,0.60,2.60
2008.01.17 16:00:30.962,1.97665,1.97685,0.60,1.10
2008.01.17 16:00:31.406,1.97665,1.9768,4.40,0.50
2008.01.17 16:00:31.845,1.97665,1.9768,4.00,0.50
2008.01.17 16:00:32.329,1.97655,1.9768,12.40,0.50
2008.01.17 16:00:32.597,1.97655,1.97685,10.80,9.60
2008.01.17 16:00:32.865,1.97655,1.9768,9.20,0.50
2008.01.17 16:00:34.287,1.97655,1.97685,9.20,9.60
2008.01.17 16:00:34.617,1.97655,1.9768,9.20,0.50
2008.01.17 16:00:35.189,1.97655,1.97685,9.20,9.60
2008.01.17 16:00:36.101,1.97655,1.9768,8.40,1.00
2008.01.17 16:00:36.118,1.97655,1.9768,2.80,4.90
2008.01.17 16:00:36.578,1.97655,1.9768,2.80,5.70
2008.01.17 16:00:37.039,1.9766,1.97685,4.40,7.20
2008.01.17 16:00:37.075,1.9766,1.97675,4.40,1.00
2008.01.17 16:00:37.527,1.9765,1.97675,5.20,0.50
2008.01.17 16:00:38.019,1.97655,1.97675,0.60,0.50
2008.01.17 16:00:38.514,1.97655,1.97665,0.60,0.50
2008.01.17 16:00:38.533,1.97655,1.97665,0.60,0.50
2008.01.17 16:00:38.917,1.97645,1.9767,10.20,1.00
2008.01.17 16:00:39.090,1.97655,1.97675,0.60,0.90
2008.01.17 16:00:39.325,1.97655,1.97675,1.30,0.60
2008.01.17 16:00:39.786,1.97655,1.9768,2.10,0.50
2008.01.17 16:00:40.032,1.97665,1.9768,0.60,0.50
2008.01.17 16:00:40.280,1.97665,1.97685,0.60,1.00
2008.01.17 16:00:40.728,1.97655,1.97685,1.20,3.30
2008.01.17 16:00:41.237,1.9766,1.9769,0.80,4.80
2008.01.17 16:00:41.535,1.97665,1.97695,5.20,18.30
2008.01.17 16:00:41.775,1.97665,1.97695,8.40,10.60
2008.01.17 16:00:42.142,1.97665,1.97695,8.40,10.50
2008.01.17 16:00:42.541,1.97665,1.97695,11.10,8.10
2008.01.17 16:00:42.780,1.97675,1.977,0.60,1.00
2008.01.17 16:00:43.024,1.97675,1.97705,1.20,20.40
2008.01.17 16:00:43.469,1.97675,1.977,8.40,0.50
2008.01.17 16:00:43.915,1.97685,1.9771,0.60,1.30
2008.01.17 16:00:44.163,1.9769,1.97715,1.20,13.60
2008.01.17 16:00:44.412,1.97695,1.97715,0.60,0.50
2008.01.17 16:00:44.865,1.97695,1.9772,1.20,5.30
2008.01.17 16:00:45.272,1.97695,1.9772,0.60,8.10
2008.01.17 16:00:45.674,1.97695,1.97715,0.60,0.50
2008.01.17 16:00:45.699,1.97695,1.9772,0.60,5.70
2008.01.17 16:00:46.615,1.97695,1.9772,1.20,0.90
2008.01.17 16:00:46.913,1.97695,1.9772,5.20,0.50
2008.01.17 16:00:47.211,1.97695,1.9772,5.20,0.50
2008.01.17 16:00:47.562,1.97695,1.977,4.40,0.50
2008.01.17 16:00:47.755,1.97675,1.977,2.00,0.70
2008.01.17 16:00:47.992,1.97685,1.977,0.80,0.80
2008.01.17 16:00:48.415,1.97685,1.97715,1.20,4.90
2008.01.17 16:00:48.445,1.97685,1.9771,1.20,0.50
2008.01.17 16:00:48.879,1.97685,1.97715,0.60,0.70
2008.01.17 16:00:49.293,1.97685,1.9772,0.60,4.50
2008.01.17 16:00:49.562,1.97675,1.97715,0.60,4.00
2008.01.17 16:00:49.829,1.97675,1.97705,0.60,0.50
2008.01.17 16:00:50.283,1.9768,1.97715,4.40,5.60
2008.01.17 16:00:50.709,1.97685,1.97705,0.80,0.60
2008.01.17 16:00:50.731,1.97685,1.9771,0.80,2.90
2008.01.17 16:00:51.157,1.97685,1.97715,1.20,4.80
2008.01.17 16:00:51.590,1.97685,1.97715,0.60,0.70
2008.01.17 16:00:52.052,1.97685,1.9772,0.60,9.60
2008.01.17 16:00:52.300,1.97675,1.97705,0.60,0.60
2008.01.17 16:00:52.551,1.97675,1.97705,0.60,0.70
2008.01.17 16:00:52.943,1.97675,1.9768,0.60,0.50
2008.01.17 16:00:53.135,1.97675,1.97685,0.60,1.00
2008.01.17 16:00:53.372,1.9766,1.9768,4.40,0.50
2008.01.17 16:00:53.796,1.9766,1.9768,4.40,0.50
2008.01.17 16:00:54.310,1.97665,1.97685,6.80,0.90
2008.01.17 16:00:54.607,1.97675,1.97695,4.40,0.50
2008.01.17 16:00:54.906,1.97675,1.97695,4.40,0.50
2008.01.17 16:00:55.256,1.97675,1.977,5.20,0.50
2008.01.17 16:00:55.654,1.9768,1.97705,0.80,0.80
2008.01.17 16:00:55.842,1.97685,1.9771,0.60,2.50
2008.01.17 16:00:56.146,1.97685,1.97705,0.60,6.00
2008.01.17 16:00:56.635,1.97675,1.97695,3.60,1.00
2008.01.17 16:00:56.662,1.97675,1.97695,0.60,5.70
2008.01.17 16:00:57.030,1.9767,1.97695,0.80,0.60
2008.01.17 16:00:57.504,1.97675,1.977,0.60,5.70
2008.01.17 16:00:57.983,1.97675,1.977,0.60,5.70
2008.01.17 16:00:58.131,1.97685,1.97705,0.60,0.80
2008.01.17 16:00:58.369,1.97685,1.9771,0.60,1.00
2008.01.17 16:00:58.733,1.97685,1.9771,0.60,1.00
2008.01.17 16:00:59.116,1.97685,1.9771,1.20,0.50
2008.01.17 16:00:59.440,1.97685,1.9771,0.60,1.00
2008.01.17 16:00:59.763,1.97685,1.97705,0.60,0.50
2008.01.17 16:01:00.232,1.97685,1.97715,1.20,3.30
2008.01.17 16:01:00.662,1.97685,1.97715,1.20,3.30
2008.01.17 16:01:02.002,1.97685,1.97715,1.20,3.30
2008.01.17 16:01:02.445,1.97685,1.9771,1.20,0.50
2008.01.17 16:01:02.888,1.97695,1.97715,0.60,1.00
2008.01.17 16:01:03.117,1.97695,1.97705,0.60,0.70
2008.01.17 16:01:03.374,1.97685,1.9771,1.20,5.30
2008.01.17 16:01:03.845,1.97685,1.9771,0.60,1.70
2008.01.17 16:01:04.304,1.97685,1.9771,4.40,0.50
2008.01.17 16:01:04.492,1.97685,1.9771,0.80,0.50
2008.01.17 16:01:04.724,1.97685,1.97715,0.80,15.20
2008.01.17 16:01:05.134,1.97685,1.97715,0.80,15.20
2008.01.17 16:01:06.073,1.97685,1.97715,0.80,15.20
2008.01.17 16:01:06.603,1.97685,1.97715,6.80,13.60
2008.01.17 16:01:06.792,1.9769,1.97715,0.80,9.20
2008.01.17 16:01:07.028,1.97685,1.9771,4.80,5.70
2008.01.17 16:01:07.430,1.9768,1.97705,4.40,0.50
2008.01.17 16:01:07.616,1.9768,1.9771,4.40,5.70
2008.01.17 16:01:08.038,1.9768,1.9771,4.40,5.70
2008.01.17 16:01:08.553,1.9768,1.97705,4.40,0.50
2008.01.17 16:01:08.876,1.9768,1.97705,4.40,0.50
2008.01.17 16:01:09.292,1.9768,1.9771,4.40,5.70
2008.01.17 16:01:09.745,1.9768,1.9771,4.40,5.70
2008.01.17 16:01:09.778,1.9768,1.9771,4.40,5.70
2008.01.17 16:01:10.213,1.9768,1.9771,4.40,5.70
2008.01.17 16:01:10.638,1.9769,1.97715,0.80,0.50
2008.01.17 16:01:10.652,1.97685,1.9772,13.20,7.30
2008.01.17 16:01:11.073,1.97685,1.97715,8.80,6.80
2008.01.17 16:01:11.561,1.9768,1.97705,0.80,0.70
2008.01.17 16:01:11.632,1.97675,1.9771,12.80,5.70
2008.01.17 16:01:12.966,1.97685,1.97715,1.60,18.10
2008.01.17 16:01:13.376,1.97685,1.9772,12.80,13.70
2008.01.17 16:01:13.780,1.9768,1.9771,3.20,5.70
2008.01.17 16:01:13.974,1.97675,1.977,0.90,0.50
2008.01.17 16:01:14.217,1.9767,1.97705,12.00,8.10
2008.01.17 16:01:14.711,1.97675,1.977,0.90,0.50
2008.01.17 16:01:15.200,1.9767,1.97705,10.40,10.50
2008.01.17 16:01:15.628,1.9767,1.97705,12.00,10.50
2008.01.17 16:01:15.841,1.9767,1.97705,10.40,10.50
2008.01.17 16:01:16.085,1.97675,1.9771,12.80,7.20
2008.01.17 16:01:16.517,1.97675,1.9771,14.40,2.50
2008.01.17 16:01:16.536,1.9768,1.97715,1.60,18.50
2008.01.17 16:01:16.975,1.97685,1.9771,0.80,0.50
2008.01.17 16:01:17.420,1.97685,1.9772,11.20,1.00
2008.01.17 16:01:17.672,1.97685,1.9772,11.20,5.70
2008.01.17 16:01:17.926,1.97685,1.9772,12.80,1.00
2008.01.17 16:01:18.613,1.97685,1.97715,12.80,0.50
2008.01.17 16:01:18.912,1.97685,1.97715,12.80,2.80
2008.01.17 16:01:19.306,1.9769,1.97715,0.80,2.80
2008.01.17 16:01:19.494,1.97685,1.97715,12.80,2.80
2008.01.17 16:01:19.922,1.9769,1.97715,1.60,2.40
2008.01.17 16:01:20.234,1.97695,1.97715,0.80,2.40
2008.01.17 16:01:20.709,1.97685,1.97715,17.60,0.50
2008.01.17 16:01:21.163,1.9769,1.97715,1.10,0.50
2008.01.17 16:01:21.382,1.9769,1.97715,1.60,0.50
2008.01.17 16:01:21.603,1.97685,1.97715,14.40,2.00
2008.01.17 16:01:21.821,1.97685,1.9771,3.00,0.50
2008.01.17 16:01:22.563,1.97705,1.9771,1.70,0.50
2008.01.17 16:01:23.022,1.97705,1.9771,3.90,0.50
2008.01.17 16:01:23.433,1.97705,1.9771,0.50,0.50
2008.01.17 16:01:23.631,1.9771,1.97735,7.40,1.60
2008.01.17 16:01:23.880,1.9771,1.9774,7.20,0.50
2008.01.17 16:01:24.300,1.9771,1.9774,7.30,0.50
2008.01.17 16:01:24.787,1.97715,1.9774,2.30,0.50
2008.01.17 16:01:25.058,1.97715,1.9774,0.90,0.50
2008.01.17 16:01:26.842,1.9771,1.9774,7.20,0.50
2008.01.17 16:01:26.988,1.9771,1.9774,7.30,0.50
2008.01.17 16:01:27.627,1.97715,1.9774,0.90,0.50
2008.01.17 16:01:28.002,1.97715,1.97735,1.20,0.50
2008.01.17 16:01:28.453,1.97715,1.97735,0.20,0.50
2008.01.17 16:01:28.479,1.9771,1.9773,4.20,0.50
2008.01.17 16:01:28.919,1.97715,1.9773,0.20,0.50
2008.01.17 16:01:29.373,1.97705,1.9773,15.60,0.50
2008.01.17 16:01:29.838,1.97705,1.9773,15.60,0.50
2008.01.17 16:01:30.324,1.97705,1.9773,17.40,0.50
2008.01.17 16:01:30.738,1.9771,1.97735,1.80,7.20
2008.01.17 16:01:31.162,1.9771,1.9774,10.00,0.50
2008.01.17 16:01:31.188,1.9771,1.9774,11.60,0.50
2008.01.17 16:01:31.604,1.9771,1.9774,11.40,0.50
2008.01.17 16:01:32.070,1.9771,1.9774,11.40,0.50
2008.01.17 16:01:32.991,1.97715,1.9774,1.70,0.50
2008.01.17 16:01:33.193,1.9771,1.9774,11.40,0.50
2008.01.17 16:01:33.426,1.97715,1.9774,3.00,0.50
2008.01.17 16:01:33.629,1.9771,1.9774,11.20,0.50
2008.01.17 16:01:33.902,1.97715,1.9774,1.60,0.50
2008.01.17 16:01:34.352,1.9771,1.9774,11.20,0.50
2008.01.17 16:01:34.841,1.97715,1.9774,1.70,0.50
2008.01.17 16:01:35.324,1.9771,1.9774,11.30,0.50
2008.01.17 16:01:35.562,1.9771,1.9774,11.20,0.50
2008.01.17 16:01:35.835,1.97715,1.9774,2.20,0.50
2008.01.17 16:01:37.298,1.9771,1.9774,11.30,0.50
2008.01.17 16:01:37.616,1.9771,1.9774,11.40,0.50
2008.01.17 16:01:38.081,1.97715,1.9774,2.80,0.50
2008.01.17 16:01:38.279,1.9771,1.9774,11.20,0.50
2008.01.17 16:01:38.519,1.9771,1.9774,11.20,0.50
2008.01.17 16:01:38.961,1.9771,1.9774,11.20,0.50
2008.01.17 16:01:39.382,1.9771,1.9774,11.20,0.50
2008.01.17 16:01:39.871,1.9771,1.9774,11.20,0.50
2008.01.17 16:01:40.496,1.9771,1.9774,11.20,0.50
2008.01.17 16:01:40.841,1.97715,1.9774,2.20,0.50
2008.01.17 16:01:41.293,1.9771,1.9774,11.50,0.50
2008.01.17 16:01:41.346,1.97715,1.9774,9.10,0.50
2008.01.17 16:01:41.749,1.9773,1.9774,0.60,0.50
2008.01.17 16:01:42.162,1.9773,1.9774,2.20,0.50
2008.01.17 16:01:42.581,1.97725,1.97745,1.80,1.10
2008.01.17 16:01:42.839,1.9772,1.97745,7.20,1.30
2008.01.17 16:01:43.100,1.9772,1.97745,7.20,1.30
2008.01.17 16:01:43.548,1.97715,1.97745,18.80,1.30
2008.01.17 16:01:43.751,1.9772,1.97745,5.60,1.30
2008.01.17 16:01:44.002,1.97725,1.97745,0.50,0.90
2008.01.17 16:01:44.415,1.9772,1.97745,7.60,0.90
2008.01.17 16:01:44.618,1.9772,1.97745,2.70,0.60
2008.01.17 16:01:44.856,1.9772,1.97745,0.80,0.60
2008.01.17 16:01:45.341,1.97715,1.97745,14.80,0.60
2008.01.17 16:01:45.841,1.97715,1.97745,14.80,0.60
2008.01.17 16:01:46.307,1.97715,1.97745,14.80,0.60
2008.01.17 16:01:46.555,1.97715,1.97745,14.80,0.60
2008.01.17 16:01:46.804,1.97715,1.97745,14.50,0.60
2008.01.17 16:01:46.993,1.97715,1.97745,14.50,0.60
2008.01.17 16:01:47.242,1.97715,1.97745,14.80,0.60
2008.01.17 16:01:47.638,1.97715,1.97745,13.20,0.60
2008.01.17 16:01:47.827,1.97715,1.97745,12.90,0.60
2008.01.17 16:01:48.057,1.97715,1.97745,12.90,0.60
2008.01.17 16:01:49.286,1.97715,1.97745,13.00,0.60
2008.01.17 16:01:49.701,1.9772,1.97745,1.60,0.20
2008.01.17 16:01:49.896,1.9772,1.97745,3.20,0.20
2008.01.17 16:01:50.158,1.97725,1.97745,0.80,0.20
2008.01.17 16:01:50.604,1.97725,1.97745,0.80,0.20
2008.01.17 16:01:51.052,1.97715,1.97735,1.60,0.50
2008.01.17 16:01:51.519,1.97715,1.97735,1.60,0.50
2008.01.17 16:01:52.570,1.9771,1.97735,4.80,0.50
2008.01.17 16:01:52.940,1.9771,1.97735,4.80,0.50
2008.01.17 16:01:53.356,1.9771,1.97735,4.80,0.50
2008.01.17 16:01:53.629,1.9771,1.97735,4.80,0.50
2008.01.17 16:01:53.901,1.9771,1.97735,4.80,0.50
2008.01.17 16:01:54.485,1.9771,1.97735,4.80,0.50
2008.01.17 16:01:55.213,1.9771,1.9773,4.00,0.50
2008.01.17 16:01:55.410,1.97705,1.97715,10.90,0.20
2008.01.17 16:01:55.694,1.97705,1.97715,10.90,0.06
2008.01.17 16:01:56.170,1.97705,1.97715,11.00,0.06
2008.01.17 16:01:56.194,1.97705,1.97715,11.00,0.06
2008.01.17 16:01:56.638,1.97705,1.97715,8.60,0.06
2008.01.17 16:01:57.122,1.9771,1.97715,0.80,0.06
2008.01.17 16:01:57.479,1.9771,1.97735,4.80,2.80
2008.01.17 16:01:57.626,1.9771,1.97735,4.80,2.80
2008.01.17 16:01:57.925,1.9771,1.97735,4.80,2.80
2008.01.17 16:02:00.260,1.9771,1.97735,4.80,2.80
2008.01.17 16:02:00.657,1.9771,1.97735,4.80,2.80
2008.01.17 16:02:02.189,1.9771,1.97735,4.80,0.50
2008.01.17 16:02:02.366,1.9771,1.97735,4.80,0.50
2008.01.17 16:02:02.605,1.97715,1.97725,0.20,0.50
2008.01.17 16:02:02.785,1.97705,1.97725,0.60,0.50
2008.01.17 16:02:03.020,1.97705,1.97725,0.60,0.50
2008.01.17 16:02:03.274,1.97705,1.97725,0.60,0.50
2008.01.17 16:02:03.528,1.97705,1.97725,0.60,0.50
2008.01.17 16:02:04.119,1.97705,1.97725,4.40,0.50
2008.01.17 16:02:04.458,1.97705,1.97725,6.80,0.50
2008.01.17 16:02:04.716,1.97705,1.97725,6.80,0.50
2008.01.17 16:02:04.974,1.97705,1.97725,4.00,0.50
2008.01.17 16:02:05.445,1.977,1.9772,4.00,0.50
2008.01.17 16:02:05.850,1.9771,1.9773,0.80,5.60
2008.01.17 16:02:06.044,1.97715,1.97735,0.50,2.80
2008.01.17 16:02:06.283,1.9771,1.97735,4.80,0.50
2008.01.17 16:02:06.734,1.9771,1.9773,4.00,0.50
2008.01.17 16:02:07.175,1.97705,1.9773,9.10,0.50
2008.01.17 16:02:07.414,1.97705,1.9773,5.10,0.50
2008.01.17 16:02:09.054,1.97715,1.9773,0.50,0.50
2008.01.17 16:02:09.485,1.97715,1.9773,0.50,0.50
2008.01.17 16:02:09.701,1.97715,1.9773,0.50,0.50
2008.01.17 16:02:09.941,1.97715,1.9773,0.50,0.50
2008.01.17 16:02:10.369,1.97715,1.9773,0.50,0.50
2008.01.17 16:02:11.329,1.97705,1.9773,8.00,0.50
2008.01.17 16:02:11.849,1.97705,1.9772,3.20,0.50
2008.01.17 16:02:12.253,1.97695,1.9772,8.00,0.50
2008.01.17 16:02:12.291,1.977,1.97725,0.80,3.20
2008.01.17 16:02:12.698,1.977,1.97725,0.80,0.80
2008.01.17 16:02:13.517,1.977,1.97725,0.80,0.80
2008.01.17 16:02:13.915,1.977,1.97725,4.80,0.80
2008.01.17 16:02:13.982,1.977,1.97725,4.80,0.80
2008.01.17 16:02:14.454,1.97695,1.9772,10.40,0.50
2008.01.17 16:02:14.944,1.977,1.97725,0.80,9.60
2008.01.17 16:02:15.362,1.977,1.97725,0.80,7.20
2008.01.17 16:02:15.570,1.977,1.97725,4.80,3.20
2008.01.17 16:02:15.816,1.97705,1.97725,4.80,0.50
2008.01.17 16:02:16.306,1.97705,1.97725,6.40,0.50
2008.01.17 16:02:16.822,1.97705,1.97725,6.40,0.50
2008.01.17 16:02:17.171,1.97705,1.97725,6.40,0.50
2008.01.17 16:02:17.628,1.97705,1.97725,6.50,0.50
2008.01.17 16:02:18.118,1.97705,1.97725,7.70,0.50
2008.01.17 16:02:18.172,1.97705,1.97725,7.70,0.50
2008.01.17 16:02:18.536,1.97705,1.97725,6.50,0.50
2008.01.17 16:02:18.723,1.97705,1.97725,6.50,0.50
2008.01.17 16:02:19.595,1.97705,1.97715,5.70,0.50
2008.01.17 16:02:19.911,1.97695,1.97715,3.00,0.50
2008.01.17 16:02:20.387,1.977,1.9772,0.80,4.80
2008.01.17 16:02:20.403,1.97705,1.97725,0.20,0.80
2008.01.17 16:02:20.845,1.97705,1.97725,0.20,0.80
2008.01.17 16:02:21.078,1.97705,1.97725,0.20,0.80
2008.01.17 16:02:21.320,1.97705,1.97725,4.10,0.80
2008.01.17 16:02:21.758,1.97705,1.97725,4.10,0.80
2008.01.17 16:02:22.206,1.97705,1.97725,0.20,0.80
2008.01.17 16:02:22.439,1.97705,1.97725,0.20,0.80
2008.01.17 16:02:23.663,1.97705,1.97725,0.20,0.80
2008.01.17 16:02:23.876,1.9771,1.97725,4.00,0.80
2008.01.17 16:02:24.137,1.9771,1.97725,4.00,0.80
2008.01.17 16:02:24.551,1.9771,1.97725,4.00,0.80
2008.01.17 16:02:24.793,1.97705,1.97725,4.10,0.80
2008.01.17 16:02:25.107,1.977,1.97725,4.90,0.80
2008.01.17 16:02:25.192,1.97705,1.97725,1.90,0.80
2008.01.17 16:02:25.500,1.977,1.97725,4.80,0.80
2008.01.17 16:02:25.959,1.977,1.97725,8.00,0.50
2008.01.17 16:02:26.248,1.977,1.97725,4.80,0.80
2008.01.17 16:02:26.536,1.977,1.97725,6.40,0.80
2008.01.17 16:02:27.045,1.97705,1.97725,2.00,0.80
2008.01.17 16:02:27.339,1.977,1.97725,9.60,0.50
2008.01.17 16:02:27.716,1.977,1.97725,12.00,0.50
2008.01.17 16:02:27.735,1.97705,1.97725,2.30,0.50
2008.01.17 16:02:28.121,1.977,1.97725,12.00,0.30
2008.01.17 16:02:28.377,1.97705,1.97725,3.10,0.30
2008.01.17 16:02:29.136,1.977,1.97725,12.10,0.30
2008.01.17 16:02:29.352,1.977,1.97725,10.50,0.30
2008.01.17 16:02:30.030,1.97705,1.97725,3.70,0.30
2008.01.17 16:02:30.707,1.97705,1.97725,1.40,0.30
2008.01.17 16:02:31.010,1.977,1.97725,10.40,0.30
2008.01.17 16:02:31.514,1.97705,1.97725,4.50,0.30
2008.01.17 16:02:35.361,1.97705,1.97725,2.80,0.30
2008.01.17 16:02:39.848,1.9771,1.97725,0.80,0.30
2008.01.17 16:02:39.903,1.9771,1.97725,0.60,4.20
2008.01.17 16:02:40.265,1.9771,1.97725,1.10,5.00
2008.01.17 16:02:40.643,1.977,1.9772,8.00,0.50
2008.01.17 16:02:40.811,1.977,1.9772,1.20,0.50
2008.01.17 16:02:41.048,1.97695,1.9772,4.30,0.50
2008.01.17 16:02:41.547,1.97695,1.97725,12.90,0.60
2008.01.17 16:02:42.039,1.977,1.97725,0.80,0.60
2008.01.17 16:02:42.454,1.97695,1.97725,12.80,0.60
2008.01.17 16:02:42.905,1.97695,1.97725,12.50,0.60
2008.01.17 16:02:43.100,1.977,1.97725,0.80,5.40
2008.01.17 16:02:43.354,1.977,1.97725,0.80,5.40
2008.01.17 16:02:43.837,1.97695,1.97725,8.80,9.40
2008.01.17 16:02:44.093,1.97695,1.97715,0.80,0.50
2008.01.17 16:02:45.267,1.9769,1.97715,2.40,0.50
2008.01.17 16:02:46.672,1.97695,1.97715,1.00,0.50
2008.01.17 16:02:47.129,1.9769,1.97715,2.40,0.50
2008.01.17 16:02:47.617,1.9769,1.97715,2.40,0.50
2008.01.17 16:02:47.830,1.9769,1.9772,3.20,0.50
2008.01.17 16:02:48.067,1.9769,1.9772,3.20,0.50
2008.01.17 16:02:48.496,1.97695,1.9772,0.80,0.50
2008.01.17 16:02:48.718,1.9769,1.97725,3.30,1.10
2008.01.17 16:02:48.966,1.97695,1.9772,0.80,0.50
2008.01.17 16:02:49.403,1.9769,1.97725,3.30,1.10
2008.01.17 16:02:49.830,1.9769,1.97725,7.30,1.10
2008.01.17 16:02:50.113,1.97695,1.9773,12.90,1.10
2008.01.17 16:02:50.848,1.977,1.9773,1.00,1.10
2008.01.17 16:02:51.065,1.97705,1.97725,0.20,0.60
2008.01.17 16:02:55.411,1.97705,1.9773,0.20,1.10
2008.01.17 16:02:57.677,1.97705,1.9773,4.10,1.10
2008.01.17 16:02:57.875,1.97705,1.97725,7.30,0.30
2008.01.17 16:02:58.116,1.97705,1.97725,7.30,0.30
2008.01.17 16:02:59.694,1.9772,1.97725,0.80,0.30
2008.01.17 16:02:59.982,1.9772,1.97735,4.80,0.50
2008.01.17 16:03:00.390,1.9772,1.97745,4.80,0.50
2008.01.17 16:03:00.610,1.97715,1.9774,0.80,0.50
2008.01.17 16:03:00.831,1.97715,1.9774,0.80,0.50
2008.01.17 16:03:01.269,1.97715,1.9774,0.80,0.50
2008.01.17 16:03:01.486,1.9772,1.97745,0.80,0.80
2008.01.17 16:03:01.768,1.9772,1.97745,0.80,0.50
2008.01.17 16:03:02.233,1.9772,1.97745,0.80,0.50
2008.01.17 16:03:02.514,1.9772,1.9775,0.80,1.00
2008.01.17 16:03:02.752,1.9772,1.97745,0.80,0.50
2008.01.17 16:03:04.665,1.97715,1.9774,12.00,0.50
2008.01.17 16:03:04.967,1.97715,1.97745,10.40,8.10
2008.01.17 16:03:05.234,1.97715,1.97745,10.40,8.10
2008.01.17 16:03:06.451,1.9772,1.9774,4.00,0.50
2008.01.17 16:03:06.699,1.9772,1.97745,4.80,0.90
2008.01.17 16:03:06.948,1.9772,1.9775,4.80,4.80
2008.01.17 16:03:07.160,1.9772,1.9775,4.80,1.00
2008.01.17 16:03:07.393,1.9772,1.9775,4.80,1.00
2008.01.17 16:03:10.369,1.97725,1.9775,0.40,1.00
2008.01.17 16:03:10.536,1.97725,1.9775,0.40,1.00
2008.01.17 16:03:10.773,1.97725,1.97755,1.10,12.90
2008.01.17 16:03:11.159,1.97725,1.9775,1.10,0.50
2008.01.17 16:03:11.186,1.97725,1.9775,1.20,0.50
2008.01.17 16:03:11.707,1.97725,1.97755,1.20,1.00
2008.01.17 16:03:12.234,1.97725,1.9775,1.20,0.50
2008.01.17 16:03:12.708,1.97725,1.9775,1.20,0.50
2008.01.17 16:03:13.117,1.97725,1.97755,1.20,1.00
2008.01.17 16:03:13.304,1.97725,1.97765,0.60,12.00
2008.01.17 16:03:13.547,1.97725,1.9777,0.30,0.50
2008.01.17 16:03:13.805,1.97725,1.9777,0.30,0.50
2008.01.17 16:03:14.064,1.97725,1.9777,0.30,2.90
2008.01.17 16:03:15.277,1.97725,1.97765,0.30,0.80
2008.01.17 16:03:15.525,1.97725,1.97765,0.30,0.90
2008.01.17 16:03:15.977,1.97725,1.9777,0.30,2.90
2008.01.17 16:03:16.190,1.9774,1.97765,0.80,0.90
2008.01.17 16:03:16.408,1.9774,1.97765,0.80,0.90
2008.01.17 16:03:16.619,1.9774,1.9777,0.80,1.00
2008.01.17 16:03:16.880,1.97735,1.9776,4.80,1.70
2008.01.17 16:03:17.138,1.9773,1.9776,4.80,7.20
2008.01.17 16:03:17.397,1.9773,1.97755,4.80,0.80
2008.01.17 16:03:18.356,1.9773,1.9776,4.80,7.30
2008.01.17 16:03:18.614,1.9774,1.97765,0.80,0.60
2008.01.17 16:03:18.874,1.9774,1.9777,0.80,8.10
2008.01.17 16:03:19.304,1.9774,1.9777,0.80,9.70
2008.01.17 16:03:19.518,1.97735,1.97765,6.40,13.70
2008.01.17 16:03:19.755,1.9774,1.97765,0.80,0.70
2008.01.17 16:03:20.189,1.9774,1.9777,0.80,3.30
2008.01.17 16:03:20.194,1.9774,1.9777,0.80,1.00
2008.01.17 16:03:20.832,1.9774,1.9777,0.80,1.00
2008.01.17 16:03:21.092,1.9774,1.9777,0.80,3.30
2008.01.17 16:03:21.620,1.9774,1.97765,0.80,0.60
2008.01.17 16:03:21.727,1.9774,1.97765,0.80,0.70
2008.01.17 16:03:22.180,1.9774,1.9777,0.80,5.70
2008.01.17 16:03:22.602,1.97735,1.97765,6.40,13.70
2008.01.17 16:03:22.713,1.9774,1.9777,0.80,16.80
2008.01.17 16:03:23.051,1.9774,1.9777,0.80,4.80
2008.01.17 16:03:23.264,1.9774,1.97765,0.80,0.50
2008.01.17 16:03:23.502,1.9774,1.97765,0.80,0.50
2008.01.17 16:03:23.936,1.9774,1.97765,0.80,0.50
2008.01.17 16:03:24.151,1.9774,1.97765,0.80,0.50
2008.01.17 16:03:24.419,1.9774,1.9777,0.80,1.00
2008.01.17 16:03:25.019,1.9774,1.9777,0.80,1.00
2008.01.17 16:03:27.905,1.9774,1.9777,0.80,1.00
2008.01.17 16:03:29.564,1.9774,1.97765,0.80,0.50
2008.01.17 16:03:30.039,1.9774,1.9777,0.80,1.00
2008.01.17 16:03:30.512,1.9774,1.9777,0.80,1.00
2008.01.17 16:03:32.079,1.9774,1.97765,0.80,0.50
2008.01.17 16:03:32.874,1.9774,1.97765,0.80,0.50
2008.01.17 16:03:33.324,1.9774,1.97765,0.80,0.50
2008.01.17 16:03:33.829,1.9774,1.97765,0.80,0.50
2008.01.17 16:03:34.349,1.9774,1.97765,0.80,0.50
2008.01.17 16:03:35.310,1.9774,1.97765,0.80,0.50
2008.01.17 16:03:38.169,1.9774,1.97765,0.80,0.50
2008.01.17 16:03:39.604,1.9774,1.97765,0.80,0.50
2008.01.17 16:03:39.822,1.97745,1.97765,4.00,0.50
2008.01.17 16:03:40.066,1.97745,1.97765,4.00,0.50
2008.01.17 16:03:40.495,1.97745,1.97765,4.00,0.50
2008.01.17 16:03:40.926,1.97745,1.9777,4.80,0.50
2008.01.17 16:03:41.430,1.97745,1.9777,4.80,0.50
2008.01.17 16:03:41.504,1.97745,1.9777,4.90,0.50
2008.01.17 16:03:41.956,1.97745,1.9777,4.80,0.50
2008.01.17 16:03:42.514,1.97745,1.9777,4.80,0.50
2008.01.17 16:03:42.816,1.97745,1.9777,4.00,0.50
2008.01.17 16:03:43.247,1.97745,1.9777,4.00,0.50
2008.01.17 16:03:43.682,1.97745,1.9777,4.00,0.50
2008.01.17 16:03:43.896,1.97745,1.9777,4.00,0.50
2008.01.17 16:03:44.189,1.97745,1.9777,4.00,0.50
2008.01.17 16:03:44.637,1.97745,1.9777,0.80,0.50
2008.01.17 16:03:45.139,1.97745,1.9777,0.80,0.50
2008.01.17 16:03:45.555,1.9774,1.97765,2.40,0.50
2008.01.17 16:03:45.590,1.9774,1.97765,0.80,0.50
2008.01.17 16:03:45.997,1.97735,1.97765,12.00,0.50
2008.01.17 16:03:46.459,1.9774,1.97765,4.00,0.50
2008.01.17 16:03:46.707,1.9774,1.97765,4.00,0.50
2008.01.17 16:03:47.419,1.97735,1.97765,12.00,0.50
2008.01.17 16:03:47.682,1.9774,1.97765,0.80,0.50
2008.01.17 16:03:48.426,1.9774,1.97765,0.80,0.50
2008.01.17 16:03:49.489,1.97735,1.97765,12.00,0.50
2008.01.17 16:03:49.784,1.97735,1.97765,12.00,0.50
2008.01.17 16:03:50.224,1.97735,1.97765,14.40,0.50
2008.01.17 16:03:50.457,1.97735,1.97765,14.40,0.50
2008.01.17 16:03:51.231,1.97735,1.97765,14.40,1.20
2008.01.17 16:03:51.504,1.97735,1.97765,14.40,7.60
2008.01.17 16:03:51.777,1.97735,1.97765,14.40,7.60
2008.01.17 16:03:52.180,1.97735,1.97765,11.20,6.00
2008.01.17 16:03:52.388,1.9774,1.97765,3.20,5.20
2008.01.17 16:03:52.825,1.97745,1.97765,0.70,2.80
2008.01.17 16:03:53.146,1.9774,1.97765,3.00,2.80
2008.01.17 16:03:53.600,1.9774,1.9777,6.40,0.50
2008.01.17 16:03:55.344,1.9774,1.9777,4.80,4.40
2008.01.17 16:03:55.370,1.97745,1.97765,1.10,0.50
2008.01.17 16:03:55.607,1.9774,1.97765,5.30,0.50
2008.01.17 16:03:55.629,1.9774,1.97765,5.30,0.50
2008.01.17 16:03:55.863,1.97745,1.97765,1.00,0.50
2008.01.17 16:03:55.887,1.9774,1.97765,2.40,2.40
2008.01.17 16:03:55.911,1.97745,1.97765,0.80,2.40
2008.01.17 16:03:56.142,1.97745,1.9777,0.60,0.50
2008.01.17 16:03:56.636,1.97745,1.97765,0.60,4.80
2008.01.17 16:03:57.182,1.97745,1.97765,0.70,7.60
2008.01.17 16:03:57.347,1.9774,1.97765,5.60,7.60
2008.01.17 16:03:57.689,1.97735,1.97765,12.50,10.00
2008.01.17 16:03:58.070,1.9773,1.9776,8.50,5.20
2008.01.17 16:03:58.240,1.9773,1.9776,6.90,5.20
2008.01.17 16:03:58.946,1.97735,1.97755,1.30,0.50
2008.01.17 16:03:59.194,1.97735,1.97755,2.20,0.50
2008.01.17 16:03:59.443,1.97725,1.97745,5.60,0.50
2008.01.17 16:03:59.871,1.9772,1.97745,0.80,0.50
2008.01.17 16:04:00.084,1.9772,1.97745,0.80,2.80
2008.01.17 16:04:00.351,1.97715,1.97745,12.50,2.80
2008.01.17 16:04:00.748,1.9772,1.97745,0.80,2.80
2008.01.17 16:04:01.270,1.97715,1.97745,12.60,2.80
2008.01.17 16:04:01.357,1.9771,1.9774,8.00,0.50
2008.01.17 16:04:01.862,1.97705,1.9773,6.40,0.50
2008.01.17 16:04:02.060,1.977,1.9773,3.20,0.50
2008.01.17 16:04:02.290,1.97705,1.9773,0.80,0.50
2008.01.17 16:04:02.706,1.977,1.9773,6.20,0.50
2008.01.17 16:04:02.934,1.97705,1.9773,0.80,0.50
2008.01.17 16:04:03.181,1.977,1.9773,3.20,0.50
2008.01.17 16:04:03.624,1.97705,1.9773,0.80,0.50
2008.01.17 16:04:04.239,1.97705,1.9773,0.80,0.50
2008.01.17 16:04:04.582,1.977,1.9773,3.20,0.50
2008.01.17 16:04:05.056,1.977,1.9772,0.80,4.80
2008.01.17 16:04:05.481,1.97695,1.9772,12.60,4.80
2008.01.17 16:04:05.697,1.97695,1.9772,0.60,0.50
2008.01.17 16:04:05.915,1.97695,1.9772,1.80,0.50
2008.01.17 16:04:06.131,1.9769,1.97715,4.00,0.50
2008.01.17 16:04:06.419,1.9769,1.97715,5.40,0.50
2008.01.17 16:04:06.878,1.97685,1.9771,11.80,0.50
2008.01.17 16:04:07.376,1.97695,1.9771,0.60,0.50
2008.01.17 16:04:07.585,1.97685,1.97715,11.00,0.50
2008.01.17 16:04:07.884,1.97685,1.97715,11.00,0.50
2008.01.17 16:04:08.248,1.97685,1.97715,11.00,0.70
2008.01.17 16:04:08.675,1.97685,1.97715,11.00,1.20
2008.01.17 16:04:08.881,1.97695,1.97715,1.00,3.60
2008.01.17 16:04:09.122,1.97695,1.97715,0.60,8.50
2008.01.17 16:04:09.542,1.9769,1.9771,0.80,0.50
2008.01.17 16:04:10.006,1.97685,1.97715,9.60,8.00
2008.01.17 16:04:10.465,1.97685,1.97715,11.20,4.80
2008.01.17 16:04:10.658,1.9769,1.97715,0.80,2.80
2008.01.17 16:04:11.021,1.9769,1.97715,0.80,2.80
2008.01.17 16:04:11.323,1.9769,1.97715,1.60,2.40
2008.01.17 16:04:11.517,1.9769,1.97715,4.60,2.40
2008.01.17 16:04:11.800,1.9769,1.9772,7.00,0.50
2008.01.17 16:04:11.957,1.9769,1.97725,11.60,14.70
2008.01.17 16:04:12.262,1.97695,1.9772,0.80,0.50
2008.01.17 16:04:12.761,1.9769,1.97725,5.60,15.50
2008.01.17 16:04:13.154,1.9769,1.97725,5.60,17.90
2008.01.17 16:04:13.338,1.97695,1.9772,0.70,0.50
2008.01.17 16:04:13.575,1.9769,1.97725,5.60,17.70
2008.01.17 16:04:15.486,1.97695,1.9772,3.20,0.50
2008.01.17 16:04:15.857,1.97695,1.97725,3.20,17.70
2008.01.17 16:04:16.375,1.97695,1.9772,3.20,0.70
2008.01.17 16:04:16.684,1.977,1.97725,0.80,0.70
2008.01.17 16:04:16.982,1.977,1.9773,0.80,13.00
2008.01.17 16:04:17.166,1.977,1.9773,0.80,12.80
2008.01.17 16:04:17.397,1.977,1.9773,0.80,12.80
2008.01.17 16:04:18.000,1.977,1.97725,0.80,0.60
2008.01.17 16:04:18.358,1.977,1.9773,0.80,12.00
2008.01.17 16:04:18.822,1.977,1.9773,0.80,12.00
2008.01.17 16:04:19.052,1.977,1.97725,0.80,0.80
2008.01.17 16:04:19.281,1.977,1.97725,0.80,0.70
2008.01.17 16:04:19.773,1.977,1.9773,0.80,10.40
2008.01.17 16:04:20.044,1.9771,1.97735,0.80,0.70
2008.01.17 16:04:20.312,1.9771,1.97735,0.80,0.80
2008.01.17 16:04:20.714,1.9771,1.9774,0.80,12.00
2008.01.17 16:04:21.328,1.9771,1.9774,0.80,10.40
2008.01.17 16:04:21.583,1.97715,1.9774,3.20,0.50
2008.01.17 16:04:21.841,1.97715,1.97735,2.40,0.50
2008.01.17 16:04:22.097,1.97715,1.9774,2.40,1.00
2008.01.17 16:04:22.349,1.9771,1.9774,0.80,1.00
2008.01.17 16:04:22.820,1.9772,1.97745,0.80,0.90
2008.01.17 16:04:23.053,1.9772,1.9775,0.80,10.40
2008.01.17 16:04:23.287,1.9772,1.97745,0.80,0.80
2008.01.17 16:04:23.520,1.97725,1.97755,3.20,17.60
2008.01.17 16:04:23.962,1.97725,1.97755,3.20,16.10
2008.01.17 16:04:24.622,1.97725,1.97755,3.20,16.10
2008.01.17 16:04:24.785,1.97725,1.97755,3.20,16.10
2008.01.17 16:04:25.255,1.97725,1.97755,3.20,16.40
2008.01.17 16:04:25.582,1.97725,1.9775,3.20,0.80
2008.01.17 16:04:26.004,1.97725,1.97755,3.20,16.20
2008.01.17 16:04:26.497,1.97725,1.97755,3.20,16.30
2008.01.17 16:04:26.991,1.97725,1.97755,3.20,16.40
2008.01.17 16:04:27.395,1.97725,1.9775,3.20,0.50
2008.01.17 16:04:27.777,1.97725,1.9775,2.40,4.90
2008.01.17 16:04:27.798,1.97725,1.97745,2.40,0.50
2008.01.17 16:04:27.965,1.9772,1.9775,0.80,10.40
2008.01.17 16:04:29.755,1.97725,1.97745,1.60,0.70
2008.01.17 16:04:30.411,1.97725,1.9775,1.60,10.40
2008.01.17 16:04:30.818,1.97725,1.9775,2.40,10.00
2008.01.17 16:04:31.255,1.97725,1.97755,4.80,16.10
2008.01.17 16:04:31.491,1.97725,1.97755,4.80,14.50
2008.01.17 16:04:31.854,1.97725,1.9773,4.00,0.50
2008.01.17 16:04:32.239,1.97705,1.97735,9.60,12.10
2008.01.17 16:04:32.492,1.97705,1.97735,9.60,12.10
2008.01.17 16:04:32.747,1.97705,1.9773,7.20,0.50
2008.01.17 16:04:32.955,1.97705,1.97735,5.60,13.70
2008.01.17 16:04:34.599,1.97705,1.97735,5.60,13.70
2008.01.17 16:04:35.055,1.97705,1.9773,4.80,1.00
2008.01.17 16:04:35.293,1.977,1.97725,0.80,0.50
2008.01.17 16:04:35.532,1.977,1.9773,0.80,1.00
2008.01.17 16:04:35.770,1.977,1.97725,0.80,0.60
2008.01.17 16:04:36.010,1.977,1.9773,0.80,3.30
2008.01.17 16:04:36.268,1.977,1.97725,0.80,0.60
2008.01.17 16:04:36.525,1.977,1.9773,0.80,3.30
2008.01.17 16:04:36.783,1.977,1.9773,0.80,3.30
2008.01.17 16:04:37.161,1.97705,1.9773,2.40,0.50
2008.01.17 16:04:37.353,1.97705,1.97735,2.40,14.50
2008.01.17 16:04:37.675,1.97705,1.9773,4.80,0.50
2008.01.17 16:04:37.868,1.97705,1.9773,4.80,0.50
2008.01.17 16:04:38.108,1.97705,1.9773,4.80,0.50
2008.01.17 16:04:38.519,1.97705,1.9773,4.80,0.50
2008.01.17 16:04:38.784,1.97705,1.9773,4.80,0.50
2008.01.17 16:04:39.053,1.97705,1.97735,4.80,14.50
2008.01.17 16:04:39.534,1.97705,1.9773,4.80,0.50
2008.01.17 16:04:39.777,1.97705,1.97735,4.80,14.50
2008.01.17 16:04:40.020,1.97705,1.97735,4.80,14.50
2008.01.17 16:04:40.477,1.97705,1.9773,4.80,0.50
2008.01.17 16:04:40.673,1.97705,1.97735,4.30,14.50
2008.01.17 16:04:40.918,1.97705,1.97735,4.30,14.50
2008.01.17 16:04:41.116,1.97705,1.97735,4.30,14.50
2008.01.17 16:04:41.352,1.97705,1.9773,4.30,0.50
2008.01.17 16:04:41.550,1.97705,1.97735,4.30,14.50
2008.01.17 16:04:41.851,1.97705,1.9773,4.30,5.30
2008.01.17 16:04:42.321,1.97705,1.97735,4.30,14.50
2008.01.17 16:04:42.623,1.97705,1.97735,4.30,14.50
2008.01.17 16:04:42.863,1.97705,1.9773,4.30,0.50
2008.01.17 16:04:43.272,1.97705,1.97735,4.30,14.50
2008.01.17 16:04:43.688,1.97705,1.9773,4.40,0.50
2008.01.17 16:04:43.890,1.97705,1.97735,4.40,14.50
2008.01.17 16:04:44.131,1.97705,1.97735,4.40,14.50
2008.01.17 16:04:44.550,1.97705,1.9773,3.60,0.50
2008.01.17 16:04:44.755,1.97705,1.9773,3.60,0.50
2008.01.17 16:04:45.025,1.97705,1.97735,3.60,16.10
2008.01.17 16:04:45.481,1.97705,1.9773,2.40,4.90
2008.01.17 16:04:45.960,1.97695,1.9773,15.20,12.00
2008.01.17 16:04:46.164,1.97695,1.97725,13.60,0.80
2008.01.17 16:04:46.406,1.97695,1.9773,13.60,12.00
2008.01.17 16:04:46.839,1.97695,1.97725,13.60,0.60
2008.01.17 16:04:47.266,1.97695,1.9773,14.40,14.40
2008.01.17 16:04:47.748,1.97695,1.9773,14.40,14.40
2008.01.17 16:04:47.811,1.97695,1.97725,14.40,0.80
2008.01.17 16:04:48.257,1.97695,1.9773,14.40,14.40
2008.01.17 16:04:48.684,1.97695,1.97725,14.40,0.50
2008.01.17 16:04:48.894,1.977,1.9773,0.80,11.60
2008.01.17 16:04:49.130,1.97705,1.97735,2.40,19.40
2008.01.17 16:04:49.554,1.97705,1.97735,4.00,17.70
2008.01.17 16:04:49.981,1.97705,1.97735,4.00,16.10
2008.01.17 16:04:50.193,1.97705,1.97735,2.40,17.70
2008.01.17 16:04:50.437,1.97705,1.9773,2.40,1.00
2008.01.17 16:04:50.918,1.97695,1.9773,14.40,9.60
2008.01.17 16:04:51.406,1.97695,1.9773,14.40,9.60
2008.01.17 16:04:51.439,1.977,1.9773,0.80,7.60
2008.01.17 16:04:51.879,1.97705,1.97735,4.80,17.70
2008.01.17 16:04:52.121,1.97705,1.97735,4.80,17.70
2008.01.17 16:04:52.364,1.97705,1.9773,4.80,0.50
2008.01.17 16:04:52.769,1.97705,1.9773,4.80,0.50
2008.01.17 16:04:52.954,1.97705,1.97735,4.80,17.70
2008.01.17 16:04:53.187,1.97705,1.97735,4.80,17.70
2008.01.17 16:04:53.588,1.97705,1.97735,4.80,17.70
2008.01.17 16:04:53.663,1.97705,1.9773,4.80,0.50
2008.01.17 16:04:54.108,1.97705,1.97735,4.80,17.70
2008.01.17 16:04:54.400,1.97705,1.97735,4.80,17.70
2008.01.17 16:04:54.639,1.97705,1.9773,4.80,0.50
2008.01.17 16:04:55.062,1.97705,1.9773,4.80,0.50
2008.01.17 16:04:55.281,1.97705,1.9773,2.40,7.30
2008.01.17 16:04:55.525,1.97705,1.97735,8.00,18.80
2008.01.17 16:04:55.962,1.9771,1.9774,2.40,16.80
2008.01.17 16:04:56.411,1.97705,1.97735,4.80,17.90
2008.01.17 16:04:56.694,1.97705,1.9773,2.40,7.30
2008.01.17 16:04:56.962,1.97705,1.9773,2.40,9.70
2008.01.17 16:04:57.230,1.977,1.97725,2.40,0.50
2008.01.17 16:04:57.696,1.977,1.9773,2.40,12.00
2008.01.17 16:04:58.155,1.977,1.9773,2.40,12.00
2008.01.17 16:04:58.635,1.97695,1.9773,16.80,12.00
2008.01.17 16:04:59.114,1.977,1.9773,2.40,12.00
2008.01.17 16:04:59.501,1.977,1.97725,2.40,0.80
2008.01.17 16:04:59.528,1.977,1.97725,2.40,3.30
2008.01.17 16:04:59.916,1.97695,1.9773,11.20,16.00
2008.01.17 16:05:00.349,1.97695,1.9773,12.80,4.80
2008.01.17 16:05:00.773,1.97695,1.9773,10.40,4.80
2008.01.17 16:05:00.987,1.977,1.9773,0.80,4.40
2008.01.17 16:05:01.256,1.977,1.9773,2.40,0.50
2008.01.17 16:05:01.701,1.97705,1.97735,2.40,17.70
2008.01.17 16:05:02.184,1.97705,1.9773,2.40,0.50
2008.01.17 16:05:04.133,1.97705,1.9773,2.40,0.50
2008.01.17 16:05:04.439,1.97705,1.97725,2.40,0.50
2008.01.17 16:05:04.717,1.977,1.97725,0.80,0.80
2008.01.17 16:05:04.766,1.977,1.9773,0.80,12.00
2008.01.17 16:05:04.819,1.977,1.97725,0.80,0.60
2008.01.17 16:05:05.048,1.977,1.97725,0.80,0.70
2008.01.17 16:05:05.094,1.977,1.97725,0.80,0.70
2008.01.17 16:05:05.340,1.977,1.9773,0.80,12.00
2008.01.17 16:05:05.893,1.977,1.97725,0.80,0.80
2008.01.17 16:05:06.224,1.977,1.9773,0.80,12.00
2008.01.17 16:05:06.556,1.977,1.9773,0.80,12.00
2008.01.17 16:05:06.760,1.977,1.9773,0.80,12.40
2008.01.17 16:05:07.001,1.977,1.97725,0.80,7.70
2008.01.17 16:05:07.413,1.97695,1.9772,8.00,0.50
2008.01.17 16:05:07.614,1.97695,1.9772,8.00,0.70
2008.01.17 16:05:07.879,1.97695,1.97725,6.40,14.00
2008.01.17 16:05:08.142,1.97695,1.9772,6.40,0.70
2008.01.17 16:05:08.406,1.97695,1.97725,6.40,14.00
2008.01.17 16:05:08.668,1.97695,1.97725,6.40,14.00
2008.01.17 16:05:08.905,1.97695,1.9772,6.40,0.80
2008.01.17 16:05:09.320,1.97685,1.97715,12.00,0.50
2008.01.17 16:05:09.527,1.97685,1.9772,12.00,7.30
2008.01.17 16:05:09.776,1.97685,1.9772,12.00,7.30
2008.01.17 16:05:10.003,1.97685,1.9772,12.00,7.30
2008.01.17 16:05:10.245,1.97685,1.97715,12.00,0.50
2008.01.17 16:05:10.685,1.97685,1.97715,12.00,0.50
2008.01.17 16:05:10.714,1.97685,1.9772,12.00,7.30
2008.01.17 16:05:11.145,1.97685,1.9772,12.00,7.30
2008.01.17 16:05:11.443,1.97685,1.9772,12.00,7.30
2008.01.17 16:05:11.740,1.97685,1.9772,12.00,7.30
2008.01.17 16:05:12.253,1.97685,1.9771,8.00,6.50
2008.01.17 16:05:12.440,1.97685,1.97715,8.00,14.00
2008.01.17 16:05:12.673,1.97685,1.97715,12.00,0.50
2008.01.17 16:05:12.857,1.97685,1.9772,12.00,2.50
2008.01.17 16:05:13.137,1.97685,1.9772,12.00,2.50
2008.01.17 16:05:13.576,1.97685,1.97715,12.00,0.50
2008.01.17 16:05:13.802,1.97685,1.97715,12.00,0.50
2008.01.17 16:05:14.036,1.97685,1.9772,12.00,2.50
2008.01.17 16:05:14.264,1.97685,1.9772,12.00,2.50
2008.01.17 16:05:14.536,1.97685,1.9772,12.00,2.50
2008.01.17 16:05:14.980,1.97685,1.9772,12.00,2.50
2008.01.17 16:05:15.253,1.97685,1.9772,12.00,2.50
2008.01.17 16:05:15.536,1.97685,1.97715,12.00,0.50
2008.01.17 16:05:15.976,1.97685,1.9772,12.00,2.50
2008.01.17 16:05:16.210,1.97685,1.97715,12.00,0.50
2008.01.17 16:05:16.486,1.97685,1.97715,12.00,0.50
2008.01.17 16:05:16.721,1.97685,1.9772,12.00,7.30
2008.01.17 16:05:17.111,1.97685,1.9772,12.00,7.30
2008.01.17 16:05:17.350,1.97685,1.97715,12.00,0.50
2008.01.17 16:05:17.591,1.9769,1.9772,3.20,5.70
2008.01.17 16:05:17.804,1.9769,1.9772,3.20,5.70
2008.01.17 16:05:18.048,1.9769,1.97715,3.20,0.50
2008.01.17 16:05:18.465,1.97695,1.97715,2.40,0.50
2008.01.17 16:05:18.679,1.97695,1.97715,2.40,0.80
2008.01.17 16:05:18.911,1.97695,1.9772,2.40,7.60
2008.01.17 16:05:19.165,1.9769,1.97715,0.80,0.90
2008.01.17 16:05:19.421,1.9769,1.9772,1.60,12.00
2008.01.17 16:05:19.890,1.97705,1.9772,1.20,0.80
2008.01.17 16:05:20.107,1.97705,1.9772,1.20,0.80
2008.01.17 16:05:20.359,1.97705,1.97725,1.20,14.60
2008.01.17 16:05:20.797,1.97705,1.97725,1.20,0.70
2008.01.17 16:05:20.822,1.97705,1.9773,1.20,19.00
2008.01.17 16:05:21.257,1.97705,1.97725,1.20,15.00
2008.01.17 16:05:21.799,1.97705,1.97725,1.20,18.30
2008.01.17 16:05:22.336,1.97705,1.9772,1.20,0.50
2008.01.17 16:05:22.497,1.97705,1.97725,1.20,18.50
2008.01.17 16:05:22.736,1.97705,1.97725,1.20,18.50
2008.01.17 16:05:23.114,1.97705,1.9772,1.20,0.80
2008.01.17 16:05:23.486,1.97695,1.97725,2.40,19.00
2008.01.17 16:05:23.743,1.97695,1.9772,2.40,7.30
2008.01.17 16:05:24.002,1.97685,1.9772,13.60,7.30
2008.01.17 16:05:24.106,1.97685,1.97715,0.70,0.50
2008.01.17 16:05:24.454,1.97685,1.97715,0.70,0.50
2008.01.17 16:05:24.892,1.97685,1.97715,0.90,0.50
2008.01.17 16:05:25.120,1.9768,1.9772,12.00,7.30
2008.01.17 16:05:25.351,1.9768,1.9772,12.00,7.30
2008.01.17 16:05:25.558,1.9768,1.9772,12.00,7.30
2008.01.17 16:05:25.797,1.9768,1.9772,12.00,7.30
2008.01.17 16:05:26.220,1.9768,1.9772,12.00,7.30
2008.01.17 16:05:26.640,1.97685,1.97715,0.50,0.50
2008.01.17 16:05:26.945,1.9768,1.9772,16.80,2.50
2008.01.17 16:05:27.249,1.97685,1.9772,14.40,7.30
2008.01.17 16:05:27.681,1.97685,1.9772,16.80,12.00
2008.01.17 16:05:28.041,1.9769,1.97715,0.80,0.60
2008.01.17 16:05:28.196,1.9769,1.97715,0.80,0.60
2008.01.17 16:05:28.446,1.97685,1.9772,16.00,12.00
2008.01.17 16:05:28.810,1.97685,1.9772,16.00,12.00
2008.01.17 16:05:28.829,1.97685,1.9772,16.00,12.00
2008.01.17 16:05:29.324,1.9769,1.97715,0.80,0.80
2008.01.17 16:05:29.389,1.97685,1.9772,16.00,12.00
2008.01.17 16:05:29.841,1.97695,1.9772,0.50,0.50
2008.01.17 16:05:30.056,1.97695,1.9772,0.50,0.50
2008.01.17 16:05:30.328,1.97695,1.9772,0.60,0.50
2008.01.17 16:05:30.754,1.9769,1.97725,5.60,15.80
2008.01.17 16:05:30.759,1.97695,1.9772,0.80,0.50
2008.01.17 16:05:30.969,1.9769,1.97725,5.60,15.80
2008.01.17 16:05:31.282,1.9769,1.97725,5.60,15.80
2008.01.17 16:05:31.733,1.97695,1.9772,0.70,0.50
2008.01.17 16:05:32.250,1.97695,1.9772,0.60,0.50
2008.01.17 16:05:32.444,1.97695,1.9772,0.50,0.50
2008.01.17 16:05:32.683,1.9769,1.97725,5.60,15.80
2008.01.17 16:05:33.090,1.9769,1.97725,5.60,15.80
2008.01.17 16:05:33.323,1.9769,1.97725,5.60,15.80
2008.01.17 16:05:33.557,1.9769,1.97725,5.60,15.80
2008.01.17 16:05:33.789,1.9769,1.97725,5.60,15.80
2008.01.17 16:05:34.143,1.97695,1.9772,0.60,0.50
2008.01.17 16:05:34.356,1.9769,1.97725,5.60,15.80
2008.01.17 16:05:34.674,1.9769,1.97725,5.60,15.80
2008.01.17 16:05:34.886,1.97695,1.9772,0.70,0.50
2008.01.17 16:05:35.317,1.97695,1.9772,0.50,0.50
2008.01.17 16:05:35.531,1.9769,1.97725,5.60,15.80
2008.01.17 16:05:35.757,1.97695,1.9772,0.90,0.50
2008.01.17 16:05:35.951,1.9769,1.97725,5.60,15.80
2008.01.17 16:05:36.181,1.9769,1.97725,5.60,15.80
2008.01.17 16:05:36.586,1.9769,1.97725,5.60,15.80
2008.01.17 16:05:36.914,1.9769,1.97725,5.60,15.90
2008.01.17 16:05:37.241,1.97695,1.9772,0.60,0.50
2008.01.17 16:05:37.749,1.9769,1.97725,5.60,15.90
2008.01.17 16:05:37.936,1.97695,1.9772,1.60,0.50
2008.01.17 16:05:38.171,1.9769,1.9772,5.60,0.50
2008.01.17 16:05:38.359,1.9769,1.9772,5.60,0.50
2008.01.17 16:05:38.596,1.9769,1.9772,5.60,0.50
2008.01.17 16:05:38.843,1.9769,1.9772,5.60,0.50
2008.01.17 16:05:39.091,1.97695,1.9772,1.30,0.50
2008.01.17 16:05:39.544,1.9769,1.9772,5.60,0.50
2008.01.17 16:05:39.790,1.9769,1.9772,5.60,0.50
2008.01.17 16:05:40.044,1.9769,1.9772,5.60,0.50
2008.01.17 16:05:40.492,1.9769,1.9772,5.60,0.50
2008.01.17 16:05:40.745,1.9769,1.9772,5.60,1.20
2008.01.17 16:05:40.994,1.9769,1.9772,5.60,5.20
2008.01.17 16:05:41.456,1.9769,1.9772,5.60,5.20
2008.01.17 16:05:41.702,1.97695,1.9772,0.70,5.20
2008.01.17 16:05:41.949,1.9769,1.9772,5.60,5.20
2008.01.17 16:05:42.182,1.9769,1.9772,5.60,5.20
2008.01.17 16:05:42.475,1.9769,1.9772,5.60,5.20
2008.01.17 16:05:42.709,1.97695,1.9772,1.10,5.20
2008.01.17 16:05:42.947,1.9769,1.9772,5.60,5.20
2008.01.17 16:05:43.404,1.9769,1.9772,5.60,5.20
2008.01.17 16:05:43.859,1.97685,1.97705,4.00,0.50
2008.01.17 16:05:44.094,1.97685,1.97705,4.00,0.50
2008.01.17 16:05:44.344,1.97685,1.97705,4.00,0.50
2008.01.17 16:05:44.581,1.97685,1.97705,4.00,0.50
2008.01.17 16:05:44.820,1.97685,1.97705,4.00,0.50
2008.01.17 16:05:45.271,1.9768,1.9771,6.40,4.80
2008.01.17 16:05:45.297,1.97685,1.97715,1.60,0.50
2008.01.17 16:05:45.734,1.9768,1.97715,12.00,0.50
2008.01.17 16:05:45.963,1.9768,1.97715,12.00,0.50
2008.01.17 16:05:46.198,1.97675,1.9771,13.00,0.50
2008.01.17 16:05:46.427,1.97675,1.9771,13.00,0.50
2008.01.17 16:05:46.709,1.9768,1.9771,0.90,0.50
2008.01.17 16:05:47.161,1.9768,1.97715,9.60,0.50
2008.01.17 16:05:47.445,1.9768,1.97715,9.60,0.50
2008.01.17 16:05:47.680,1.9768,1.97715,9.60,0.50
2008.01.17 16:05:48.102,1.9768,1.97715,12.00,0.50
2008.01.17 16:05:48.311,1.97685,1.97715,3.40,0.50
2008.01.17 16:05:48.553,1.9768,1.97715,12.00,0.50
2008.01.17 16:05:48.796,1.9768,1.97715,12.00,0.50
2008.01.17 16:05:49.040,1.97685,1.97715,3.70,0.50
2008.01.17 16:05:49.498,1.9768,1.97715,12.00,0.50
2008.01.17 16:05:49.526,1.9768,1.97715,12.00,0.50
2008.01.17 16:05:49.972,1.9768,1.97715,12.00,0.50
2008.01.17 16:05:50.448,1.9768,1.97715,12.00,0.50
2008.01.17 16:05:50.705,1.9768,1.97715,12.00,0.50
2008.01.17 16:05:50.962,1.97685,1.97715,1.40,0.50
2008.01.17 16:05:51.388,1.97685,1.97715,10.40,0.50
2008.01.17 16:05:51.615,1.97685,1.9771,8.00,0.50
2008.01.17 16:05:51.848,1.97685,1.9771,8.00,0.50
2008.01.17 16:05:52.290,1.97685,1.9771,6.40,0.50
2008.01.17 16:05:52.358,1.97685,1.9771,7.20,0.50
2008.01.17 16:05:52.801,1.97685,1.9771,7.20,0.50
2008.01.17 16:05:53.297,1.97685,1.9771,7.20,0.50
2008.01.17 16:05:53.473,1.97685,1.9771,7.20,0.50
2008.01.17 16:05:53.714,1.97685,1.9771,7.20,0.50
2008.01.17 16:05:54.111,1.97685,1.9771,7.20,0.50
2008.01.17 16:05:54.342,1.97685,1.9771,7.20,0.50
2008.01.17 16:05:54.582,1.97685,1.9771,7.20,0.50
2008.01.17 16:05:55.029,1.97685,1.9771,7.20,0.50
2008.01.17 16:05:55.262,1.97685,1.9771,7.30,0.50
2008.01.17 16:05:55.519,1.97685,1.9771,7.30,0.50
2008.01.17 16:05:55.968,1.97685,1.9771,9.20,0.50
2008.01.17 16:05:56.455,1.97685,1.9771,8.90,0.50
2008.01.17 16:05:56.700,1.97685,1.9771,10.60,0.50
2008.01.17 16:05:56.907,1.97685,1.9771,9.00,0.50
2008.01.17 16:05:57.143,1.97685,1.9771,9.00,0.50
2008.01.17 16:05:57.560,1.97685,1.9771,9.00,0.50
2008.01.17 16:05:57.824,1.97685,1.9771,9.00,0.50
2008.01.17 16:05:58.088,1.97685,1.97715,9.80,5.20
2008.01.17 16:05:58.352,1.97685,1.97715,11.40,0.50
2008.01.17 16:05:58.802,1.97685,1.97715,11.30,0.50
2008.01.17 16:05:59.282,1.97685,1.97715,11.60,0.50
2008.01.17 16:05:59.752,1.97685,1.97715,13.20,0.50
2008.01.17 16:06:00.184,1.97685,1.97715,13.20,0.50
2008.01.17 16:06:00.370,1.97685,1.97715,13.20,0.50
2008.01.17 16:06:00.617,1.97695,1.9772,2.40,0.50
2008.01.17 16:06:01.005,1.97695,1.9772,2.40,0.50
2008.01.17 16:06:01.552,1.97695,1.9772,6.40,0.50
2008.01.17 16:06:01.885,1.97695,1.9772,4.80,0.50
2008.01.17 16:06:02.124,1.97695,1.9772,4.80,0.50
2008.01.17 16:06:02.507,1.97695,1.9772,4.80,0.50
2008.01.17 16:06:02.684,1.97695,1.9772,4.80,0.50
2008.01.17 16:06:02.935,1.97695,1.9772,4.80,0.50
2008.01.17 16:06:03.380,1.97695,1.9772,4.80,0.50
2008.01.17 16:06:03.408,1.97695,1.9772,4.80,0.50
2008.01.17 16:06:03.854,1.97695,1.9772,4.80,0.50
2008.01.17 16:06:04.306,1.97695,1.9772,4.80,0.50
2008.01.17 16:06:04.322,1.9769,1.9772,12.00,0.50
2008.01.17 16:06:04.782,1.97695,1.9772,1.80,0.50
2008.01.17 16:06:05.038,1.97695,1.9772,1.90,0.50
2008.01.17 16:06:05.296,1.97695,1.9772,1.10,0.50
2008.01.17 16:06:05.693,1.97695,1.9772,1.50,0.50
2008.01.17 16:06:05.886,1.97695,1.9772,0.90,0.50
2008.01.17 16:06:06.119,1.97695,1.9772,1.30,0.50
2008.01.17 16:06:06.309,1.9769,1.9772,8.00,0.50
2008.01.17 16:06:06.621,1.9769,1.9772,8.20,0.50
2008.01.17 16:06:07.087,1.97695,1.9772,1.90,0.50
2008.01.17 16:06:07.607,1.9769,1.9772,8.20,0.50
2008.01.17 16:06:07.816,1.9769,1.9772,8.20,0.50
2008.01.17 16:06:08.057,1.97695,1.9772,2.40,0.50
2008.01.17 16:06:08.479,1.9769,1.9772,8.20,0.50
2008.01.17 16:06:08.701,1.9769,1.9772,8.20,0.50
2008.01.17 16:06:08.927,1.97695,1.9772,2.70,0.50
2008.01.17 16:06:09.375,1.97695,1.9772,2.60,0.50
2008.01.17 16:06:09.606,1.9769,1.9772,8.20,0.50
2008.01.17 16:06:09.848,1.9769,1.9772,8.20,0.50
2008.01.17 16:06:10.095,1.9769,1.9772,8.20,0.50
2008.01.17 16:06:10.343,1.9769,1.9772,8.20,0.50
2008.01.17 16:06:10.800,1.9769,1.9772,8.20,0.50
2008.01.17 16:06:11.227,1.9769,1.9772,8.30,0.50
2008.01.17 16:06:11.445,1.97695,1.9772,2.90,0.50
2008.01.17 16:06:11.667,1.9769,1.9772,8.30,0.50
2008.01.17 16:06:11.883,1.9769,1.9772,8.30,0.50
2008.01.17 16:06:12.173,1.97695,1.9772,2.60,0.50
2008.01.17 16:06:12.633,1.97695,1.9772,2.20,0.50
2008.01.17 16:06:14.833,1.9769,1.9772,8.30,0.50
2008.01.17 16:06:15.084,1.9769,1.9772,8.30,0.50
2008.01.17 16:06:15.335,1.9769,1.9772,8.30,0.50
2008.01.17 16:06:15.365,1.97695,1.9772,2.20,0.50
2008.01.17 16:06:15.605,1.97695,1.9772,2.40,0.50
2008.01.17 16:06:15.627,1.97695,1.9772,2.30,0.50
2008.01.17 16:06:15.859,1.9769,1.9772,8.30,0.50
2008.01.17 16:06:16.403,1.977,1.97725,13.60,0.80
2008.01.17 16:06:16.737,1.977,1.97735,13.60,6.80
2008.01.17 16:06:17.073,1.977,1.97735,13.60,6.80
2008.01.17 16:06:17.270,1.97705,1.97735,4.20,6.80
2008.01.17 16:06:17.514,1.977,1.97735,12.80,6.80
2008.01.17 16:06:17.927,1.977,1.97735,12.80,6.80
2008.01.17 16:06:18.378,1.977,1.9773,8.80,4.00
2008.01.17 16:06:18.827,1.97705,1.97735,14.50,2.80
2008.01.17 16:06:19.267,1.97715,1.97735,1.00,2.40
2008.01.17 16:06:19.345,1.9771,1.9774,20.40,0.80
2008.01.17 16:06:19.796,1.97725,1.9775,1.30,0.50
2008.01.17 16:06:20.299,1.9772,1.9775,4.80,0.50
2008.01.17 16:06:20.476,1.97725,1.9775,1.20,0.50
2008.01.17 16:06:20.708,1.9772,1.9775,6.50,0.50
2008.01.17 16:06:20.884,1.9772,1.9775,6.80,0.50
2008.01.17 16:06:21.131,1.97725,1.9775,1.90,0.50
2008.01.17 16:06:23.550,1.9774,1.97755,4.00,1.60
2008.01.17 16:06:23.803,1.97745,1.9777,1.20,0.50
2008.01.17 16:06:24.059,1.9774,1.9777,4.80,0.50
2008.01.17 16:06:24.097,1.9774,1.9777,4.80,0.50
2008.01.17 16:06:24.336,1.9774,1.9777,6.40,0.50
2008.01.17 16:06:24.373,1.9774,1.9777,6.40,0.50
2008.01.17 16:06:24.609,1.9774,1.9777,6.40,0.50
2008.01.17 16:06:24.940,1.9774,1.9777,6.40,0.50
2008.01.17 16:06:25.272,1.97745,1.9777,2.00,0.50
2008.01.17 16:06:25.720,1.9774,1.9777,6.40,0.50
2008.01.17 16:06:25.908,1.97745,1.9777,1.50,0.50
2008.01.17 16:06:26.143,1.9775,1.97775,5.60,7.20
2008.01.17 16:06:26.548,1.9775,1.97785,15.20,2.80
2008.01.17 16:06:26.945,1.97755,1.97785,4.90,2.80
2008.01.17 16:06:27.040,1.97755,1.97785,2.10,2.80
2008.01.17 16:06:27.500,1.9775,1.97785,15.20,2.80
2008.01.17 16:06:27.835,1.9775,1.97785,14.40,2.80
2008.01.17 16:06:28.027,1.97755,1.97785,4.40,2.80
2008.01.17 16:06:28.276,1.9775,1.97785,15.20,2.80
2008.01.17 16:06:28.675,1.97755,1.97785,0.60,10.00
2008.01.17 16:06:28.701,1.9775,1.97785,8.00,10.00
2008.01.17 16:06:29.115,1.97755,1.97775,2.40,0.50
2008.01.17 16:06:29.620,1.9774,1.97775,9.60,5.30
2008.01.17 16:06:29.918,1.97735,1.9777,11.60,0.50
2008.01.17 16:06:30.156,1.97735,1.97765,10.80,0.50
2008.01.17 16:06:30.564,1.97735,1.97765,6.10,0.50
2008.01.17 16:06:30.965,1.97735,1.97765,1.60,0.50
2008.01.17 16:06:31.193,1.97735,1.9776,1.90,0.50
2008.01.17 16:06:31.427,1.97725,1.9776,11.30,0.50
2008.01.17 16:06:31.874,1.97725,1.9776,11.30,0.50
2008.01.17 16:06:32.312,1.97725,1.9776,11.30,0.50
2008.01.17 16:06:32.584,1.97725,1.97755,12.10,0.50
2008.01.17 16:06:32.860,1.97725,1.97755,5.40,0.50
2008.01.17 16:06:33.312,1.97725,1.97755,3.50,0.50
2008.01.17 16:06:33.509,1.9772,1.97755,12.80,0.50
2008.01.17 16:06:33.747,1.97725,1.97755,4.70,0.50
2008.01.17 16:06:34.162,1.9772,1.97755,14.20,0.50
2008.01.17 16:06:34.406,1.9773,1.9776,2.40,0.50
2008.01.17 16:06:34.651,1.97735,1.97765,5.60,4.40
2008.01.17 16:06:35.102,1.97735,1.9776,8.80,0.50
2008.01.17 16:06:35.556,1.9773,1.9776,2.40,0.50
2008.01.17 16:06:35.806,1.97745,1.97765,3.20,2.40
2008.01.17 16:06:36.054,1.97745,1.9777,3.20,0.50
2008.01.17 16:06:36.503,1.97745,1.9777,4.00,0.50
2008.01.17 16:06:36.951,1.97745,1.9777,4.00,0.50
2008.01.17 16:06:37.173,1.97745,1.9777,4.00,0.50
2008.01.17 16:06:37.416,1.97745,1.9777,4.00,0.50
2008.01.17 16:06:37.864,1.97745,1.9777,4.00,0.50
2008.01.17 16:06:37.893,1.97745,1.9777,4.00,0.50
2008.01.17 16:06:38.331,1.97745,1.9777,4.00,0.50
2008.01.17 16:06:38.805,1.97745,1.9777,4.00,0.50
2008.01.17 16:06:39.008,1.97745,1.9777,2.40,0.50
2008.01.17 16:06:39.242,1.97745,1.9777,2.40,0.50
2008.01.17 16:06:39.655,1.97745,1.9777,2.40,0.50
2008.01.17 16:06:39.859,1.97745,1.9777,2.40,0.50
2008.01.17 16:06:40.132,1.97745,1.9777,2.40,0.50
2008.01.17 16:06:40.607,1.97745,1.9777,2.40,0.50
2008.01.17 16:06:40.878,1.97745,1.9777,2.40,0.50
2008.01.17 16:06:41.117,1.97745,1.9777,2.40,0.50
2008.01.17 16:06:41.356,1.97745,1.9777,2.40,0.50
2008.01.17 16:06:41.594,1.97745,1.9777,2.40,0.50
2008.01.17 16:06:42.040,1.97745,1.9777,2.40,0.50
2008.01.17 16:06:42.484,1.97745,1.9777,2.40,0.50
2008.01.17 16:06:42.514,1.97745,1.9777,2.40,0.50
2008.01.17 16:06:42.890,1.97745,1.9777,2.40,0.50
2008.01.17 16:06:43.349,1.97745,1.9777,2.40,0.50
2008.01.17 16:06:43.804,1.97745,1.9777,2.40,0.50
2008.01.17 16:06:44.052,1.97745,1.9777,2.40,0.50
2008.01.17 16:06:44.302,1.97745,1.9777,2.40,0.50
2008.01.17 16:06:44.714,1.97745,1.9777,2.40,0.50
2008.01.17 16:06:44.922,1.97745,1.9777,3.20,0.50
2008.01.17 16:06:45.161,1.97745,1.9777,3.20,0.50
2008.01.17 16:06:45.577,1.97745,1.9777,4.80,0.50
2008.01.17 16:06:46.051,1.97745,1.9777,4.80,0.50
2008.01.17 16:06:46.103,1.97745,1.9777,4.00,0.50
2008.01.17 16:06:46.559,1.97745,1.9777,2.40,0.50
2008.01.17 16:06:46.986,1.97745,1.9777,2.40,0.50
2008.01.17 16:06:47.404,1.97745,1.9777,2.40,0.50
2008.01.17 16:06:47.426,1.97745,1.9777,2.40,0.50
2008.01.17 16:06:47.858,1.97745,1.9777,2.40,0.50
2008.01.17 16:06:48.334,1.97745,1.97765,2.40,4.80
2008.01.17 16:06:48.386,1.97745,1.9777,2.40,0.50
2008.01.17 16:06:48.837,1.97745,1.97775,11.20,10.00
2008.01.17 16:06:49.231,1.97745,1.97775,12.80,6.00
2008.01.17 16:06:49.413,1.97745,1.97775,12.80,5.20
2008.01.17 16:06:49.658,1.97745,1.97775,8.80,5.20
2008.01.17 16:06:49.841,1.97745,1.97775,7.20,5.20
2008.01.17 16:06:50.124,1.97745,1.9777,6.40,0.50
2008.01.17 16:06:50.584,1.97745,1.97765,2.40,4.80
2008.01.17 16:06:51.075,1.97745,1.97765,2.40,5.20
2008.01.17 16:06:51.308,1.97745,1.97765,2.40,7.60
2008.01.17 16:06:51.547,1.97735,1.97765,11.60,10.00
2008.01.17 16:06:52.005,1.97735,1.97765,11.20,10.00
2008.01.17 16:06:52.398,1.97735,1.97765,12.00,10.00
2008.01.17 16:06:52.589,1.97735,1.97765,12.00,10.00
2008.01.17 16:06:52.836,1.97735,1.97765,11.20,10.00
2008.01.17 16:06:53.234,1.97735,1.97765,11.20,10.00
2008.01.17 16:06:53.507,1.97735,1.97765,8.00,12.40
2008.01.17 16:06:53.780,1.97725,1.97755,12.00,0.50
2008.01.17 16:06:54.238,1.97725,1.97755,12.00,0.50
2008.01.17 16:06:54.449,1.97725,1.97755,12.00,0.50
2008.01.17 16:06:54.691,1.97725,1.97755,12.00,0.50
2008.01.17 16:06:55.115,1.97725,1.97755,12.00,0.50
2008.01.17 16:06:55.328,1.97725,1.97755,12.00,0.50
2008.01.17 16:06:55.574,1.97725,1.97755,12.00,0.50
2008.01.17 16:06:55.804,1.97725,1.97755,12.00,0.50
2008.01.17 16:06:56.040,1.97725,1.97755,12.00,0.50
2008.01.17 16:06:56.482,1.97745,1.97755,0.80,0.50
2008.01.17 16:06:56.859,1.97745,1.9776,2.40,5.60
2008.01.17 16:06:57.147,1.97745,1.97765,2.40,10.00
2008.01.17 16:06:57.435,1.97745,1.97765,1.60,10.00
2008.01.17 16:06:57.727,1.97745,1.97765,1.60,10.00
2008.01.17 16:06:59.797,1.97745,1.97765,1.60,7.60
2008.01.17 16:07:00.101,1.97745,1.9777,2.40,0.50
2008.01.17 16:07:00.392,1.97745,1.9777,2.40,0.50
2008.01.17 16:07:00.471,1.97745,1.9777,2.40,0.50
2008.01.17 16:07:00.712,1.97745,1.9777,2.40,0.50
2008.01.17 16:07:00.786,1.97745,1.9777,2.40,0.50
2008.01.17 16:07:01.120,1.97745,1.9777,2.40,0.50
2008.01.17 16:07:01.590,1.97745,1.9777,2.40,0.50
2008.01.17 16:07:02.143,1.97745,1.9777,2.60,0.50
2008.01.17 16:07:02.342,1.97745,1.9777,4.20,0.50
2008.01.17 16:07:02.574,1.97745,1.9777,4.20,0.50
2008.01.17 16:07:02.987,1.97745,1.9777,4.20,0.50
2008.01.17 16:07:03.206,1.97745,1.9777,4.20,0.50
2008.01.17 16:07:03.451,1.97745,1.9777,1.80,0.50
2008.01.17 16:07:03.878,1.97745,1.9777,1.80,0.50
2008.01.17 16:07:03.993,1.97745,1.97775,1.80,18.50
2008.01.17 16:07:04.097,1.97745,1.97775,1.80,18.50
2008.01.17 16:07:04.389,1.97745,1.9777,1.80,0.50
2008.01.17 16:07:04.849,1.97745,1.9777,2.10,0.50
2008.01.17 16:07:05.358,1.97745,1.9777,2.10,0.50
2008.01.17 16:07:05.569,1.97745,1.9777,2.10,0.50
2008.01.17 16:07:05.813,1.97745,1.97775,2.10,16.10
2008.01.17 16:07:06.230,1.97745,1.9777,2.10,0.50
2008.01.17 16:07:06.489,1.97745,1.9777,2.10,0.50
2008.01.17 16:07:06.747,1.97745,1.97775,2.10,16.10
2008.01.17 16:07:07.211,1.97745,1.97775,2.10,16.10
2008.01.17 16:07:07.474,1.97745,1.9777,2.50,0.50
2008.01.17 16:07:07.738,1.97745,1.9777,2.50,0.50
2008.01.17 16:07:08.219,1.97745,1.9777,2.50,0.50
2008.01.17 16:07:08.396,1.97745,1.97775,2.50,16.10
2008.01.17 16:07:08.629,1.97745,1.9777,2.50,0.50
2008.01.17 16:07:08.806,1.97745,1.9777,1.60,0.50
2008.01.17 16:07:09.040,1.97745,1.9777,1.60,0.50
2008.01.17 16:07:09.429,1.97745,1.97775,2.40,16.10
2008.01.17 16:07:09.716,1.97745,1.9777,2.40,0.50
2008.01.17 16:07:10.004,1.97745,1.9777,2.40,0.50
2008.01.17 16:07:10.473,1.97745,1.97775,5.60,16.10
2008.01.17 16:07:10.887,1.97745,1.9777,5.60,0.50
2008.01.17 16:07:11.090,1.97745,1.9777,5.60,0.50
2008.01.17 16:07:11.331,1.97745,1.9777,2.40,0.50
2008.01.17 16:07:11.748,1.97745,1.9777,2.40,0.50
2008.01.17 16:07:12.040,1.97745,1.97775,2.40,17.70
2008.01.17 16:07:12.332,1.97745,1.97775,2.40,17.70
2008.01.17 16:07:12.787,1.97745,1.9777,2.40,0.50
2008.01.17 16:07:13.220,1.97745,1.9777,2.40,0.50
2008.01.17 16:07:13.633,1.97745,1.97775,2.40,17.70
2008.01.17 16:07:13.831,1.97745,1.97775,2.40,17.70
2008.01.17 16:07:14.107,1.97745,1.9777,2.40,0.50
2008.01.17 16:07:14.340,1.97745,1.9777,2.40,0.50
2008.01.17 16:07:14.574,1.97745,1.97775,2.40,17.70
2008.01.17 16:07:14.810,1.97745,1.97775,2.40,17.70
2008.01.17 16:07:15.063,1.97745,1.9777,2.40,0.50
2008.01.17 16:07:15.530,1.97745,1.97775,2.40,17.70
2008.01.17 16:07:15.783,1.97745,1.97775,2.40,17.70
2008.01.17 16:07:16.034,1.97745,1.97775,2.40,17.70
2008.01.17 16:07:16.322,1.97745,1.97775,2.40,17.70
2008.01.17 16:07:16.789,1.97745,1.9777,2.40,0.50
2008.01.17 16:07:17.078,1.97745,1.97775,2.40,17.70
2008.01.17 16:07:17.319,1.97745,1.97775,2.40,17.70
2008.01.17 16:07:17.452,1.97745,1.97775,2.40,17.70
2008.01.17 16:07:17.683,1.97745,1.9777,2.40,0.50
2008.01.17 16:07:17.815,1.97745,1.97775,4.80,16.10
2008.01.17 16:07:18.092,1.97745,1.9777,4.80,0.50
2008.01.17 16:07:18.385,1.97745,1.9777,4.80,0.50
2008.01.17 16:07:18.679,1.97745,1.97765,4.80,0.50
2008.01.17 16:07:18.971,1.97745,1.9777,2.40,6.50
2008.01.17 16:07:19.265,1.97745,1.97765,2.40,0.50
2008.01.17 16:07:19.680,1.97745,1.97765,2.40,0.50
2008.01.17 16:07:19.888,1.97745,1.97765,2.40,0.50
2008.01.17 16:07:20.135,1.97745,1.9777,2.40,7.30
2008.01.17 16:07:20.343,1.97745,1.97765,2.40,0.50
2008.01.17 16:07:20.597,1.97745,1.97765,2.40,0.50
2008.01.17 16:07:21.056,1.97745,1.9777,2.40,7.20
2008.01.17 16:07:21.309,1.97745,1.9777,2.40,7.20
2008.01.17 16:07:21.563,1.97745,1.97765,2.40,0.50
2008.01.17 16:07:22.011,1.97745,1.9777,2.40,9.60
2008.01.17 16:07:22.255,1.97745,1.97765,2.40,0.70
2008.01.17 16:07:22.497,1.97745,1.9777,2.40,9.60
2008.01.17 16:07:22.952,1.97745,1.9777,2.40,9.60
2008.01.17 16:07:23.189,1.97745,1.97765,2.40,0.60
2008.01.17 16:07:23.428,1.97745,1.97765,2.40,0.50
2008.01.17 16:07:23.666,1.97745,1.97765,2.40,0.90
2008.01.17 16:07:23.903,1.97745,1.9777,2.40,7.20
2008.01.17 16:07:24.132,1.97745,1.9777,2.40,7.20
2008.01.17 16:07:24.361,1.97745,1.9777,2.40,7.20
2008.01.17 16:07:24.807,1.97745,1.97765,2.40,0.50
2008.01.17 16:07:25.247,1.97745,1.9777,2.40,7.30
2008.01.17 16:07:25.320,1.97745,1.9777,2.40,7.30
2008.01.17 16:07:25.767,1.97745,1.9777,2.40,7.30
2008.01.17 16:07:26.050,1.97745,1.97765,2.40,0.50
2008.01.17 16:07:26.283,1.97745,1.97765,2.40,0.50
2008.01.17 16:07:26.648,1.97745,1.97765,2.40,0.50
2008.01.17 16:07:27.066,1.97745,1.97765,2.40,0.50
2008.01.17 16:07:27.495,1.97745,1.9777,2.40,7.30
2008.01.17 16:07:27.526,1.97745,1.97765,2.40,0.50
2008.01.17 16:07:27.879,1.97745,1.97765,2.40,0.50
2008.01.17 16:07:28.309,1.97745,1.9777,2.40,7.30
2008.01.17 16:07:28.559,1.97745,1.97765,2.40,0.50
2008.01.17 16:07:28.807,1.97745,1.9777,2.40,7.20
2008.01.17 16:07:29.264,1.97745,1.97765,2.40,0.50
2008.01.17 16:07:29.689,1.97745,1.9777,2.40,7.20
2008.01.17 16:07:29.902,1.97745,1.97765,2.40,0.60
2008.01.17 16:07:30.136,1.97745,1.9777,2.40,7.20
2008.01.17 16:07:30.565,1.97745,1.9777,2.40,7.30
2008.01.17 16:07:30.823,1.97745,1.9777,2.40,7.30
2008.01.17 16:07:31.081,1.97745,1.97765,2.40,0.50
2008.01.17 16:07:31.529,1.97745,1.97765,2.40,0.50
2008.01.17 16:07:31.760,1.97745,1.97765,2.40,0.50
2008.01.17 16:07:31.996,1.97745,1.97765,2.40,0.50
2008.01.17 16:07:32.439,1.97745,1.9777,2.40,2.80
2008.01.17 16:07:32.671,1.97745,1.9777,2.40,0.50
2008.01.17 16:07:32.906,1.97745,1.9777,2.40,0.50
2008.01.17 16:07:33.170,1.97745,1.9777,2.40,0.50
2008.01.17 16:07:33.433,1.97745,1.9777,2.40,0.50
2008.01.17 16:07:33.914,1.97745,1.9777,2.40,0.50
2008.01.17 16:07:34.157,1.97745,1.9777,2.40,0.50
2008.01.17 16:07:34.400,1.97745,1.9777,2.40,0.50
2008.01.17 16:07:34.855,1.97745,1.9777,2.40,0.50
2008.01.17 16:07:35.051,1.97745,1.9777,2.40,0.50
2008.01.17 16:07:35.285,1.97745,1.9777,2.40,0.50
2008.01.17 16:07:35.483,1.97745,1.9777,2.40,0.50
2008.01.17 16:07:35.733,1.97745,1.9777,2.40,0.50
2008.01.17 16:07:36.146,1.97745,1.9777,2.40,0.50
2008.01.17 16:07:36.675,1.97745,1.9777,2.40,0.50
2008.01.17 16:07:36.992,1.97745,1.9777,2.40,0.50
2008.01.17 16:07:37.310,1.97745,1.9777,2.40,0.50
2008.01.17 16:07:37.628,1.97745,1.9777,2.40,0.50
2008.01.17 16:07:37.676,1.97745,1.97775,2.40,15.30
2008.01.17 16:07:38.052,1.97745,1.97775,2.40,15.30
2008.01.17 16:07:38.517,1.97745,1.9778,9.60,12.80
2008.01.17 16:07:38.776,1.97745,1.9777,10.40,0.50
2008.01.17 16:07:39.034,1.97745,1.97775,5.60,12.10
2008.01.17 16:07:39.490,1.97745,1.97775,4.00,13.70
2008.01.17 16:07:39.747,1.97745,1.97775,4.00,13.70
2008.01.17 16:07:40.035,1.97745,1.97775,4.00,13.70
2008.01.17 16:07:40.286,1.97745,1.9777,4.00,0.50
2008.01.17 16:07:40.528,1.97745,1.97775,4.00,13.70
2008.01.17 16:07:40.958,1.97745,1.9777,4.00,0.50
2008.01.17 16:07:40.975,1.97745,1.9777,4.00,0.50
2008.01.17 16:07:41.424,1.97745,1.9777,8.00,0.50
2008.01.17 16:07:41.458,1.97745,1.97775,8.00,9.70
2008.01.17 16:07:41.949,1.97745,1.9777,8.00,0.50
2008.01.17 16:07:42.225,1.97745,1.97775,8.00,9.70
2008.01.17 16:07:42.504,1.97745,1.9777,8.00,0.50
2008.01.17 16:07:42.924,1.97745,1.97775,8.00,9.70
2008.01.17 16:07:43.131,1.97745,1.97775,8.00,9.70
2008.01.17 16:07:43.365,1.97745,1.9777,8.00,0.50
2008.01.17 16:07:43.802,1.97745,1.97775,8.00,9.70
2008.01.17 16:07:44.030,1.97745,1.97775,8.00,9.70
2008.01.17 16:07:44.291,1.97745,1.9777,4.80,6.50
2008.01.17 16:07:44.724,1.97745,1.9777,4.80,7.30
2008.01.17 16:07:44.983,1.97745,1.9777,4.80,7.30
2008.01.17 16:07:45.245,1.97745,1.9777,4.80,7.30
2008.01.17 16:07:45.502,1.97745,1.97765,4.80,0.50
2008.01.17 16:07:45.758,1.97745,1.9777,4.80,7.30
2008.01.17 16:07:46.188,1.97745,1.9777,4.80,7.30
2008.01.17 16:07:46.410,1.97745,1.97765,2.40,0.50
2008.01.17 16:07:46.635,1.97745,1.9777,2.40,7.30
2008.01.17 16:07:47.092,1.97745,1.9777,2.40,7.30
2008.01.17 16:07:47.334,1.97745,1.9777,2.40,7.30
2008.01.17 16:07:47.578,1.97745,1.97765,2.40,0.50
2008.01.17 16:07:47.822,1.97745,1.9777,2.40,7.30
2008.01.17 16:07:48.095,1.97745,1.9777,2.40,7.30
2008.01.17 16:07:48.556,1.97745,1.9777,2.40,7.30
2008.01.17 16:07:48.829,1.97735,1.97765,10.80,8.90
2008.01.17 16:07:49.058,1.97735,1.97765,10.70,9.70
2008.01.17 16:07:49.460,1.97735,1.9776,10.70,0.50
2008.01.17 16:07:49.478,1.97735,1.9776,10.60,0.50
2008.01.17 16:07:49.891,1.97735,1.97765,10.60,9.70
2008.01.17 16:07:50.082,1.97735,1.97765,10.60,9.70
2008.01.17 16:07:50.369,1.97735,1.97765,10.60,9.70
2008.01.17 16:07:50.610,1.97735,1.9776,10.60,0.50
2008.01.17 16:07:50.857,1.97735,1.9776,10.60,0.50
2008.01.17 16:07:51.308,1.97735,1.97765,9.00,9.70
2008.01.17 16:07:51.807,1.97735,1.9776,6.60,0.50
2008.01.17 16:07:52.094,1.97735,1.97765,9.00,9.70
2008.01.17 16:07:52.338,1.97735,1.97765,9.00,9.70
2008.01.17 16:07:52.526,1.97735,1.97765,9.00,9.70
2008.01.17 16:07:52.757,1.97735,1.97765,9.00,9.60
2008.01.17 16:07:53.156,1.97735,1.9776,9.00,0.90
2008.01.17 16:07:53.606,1.97735,1.9776,9.00,0.50
2008.01.17 16:07:53.630,1.97735,1.9776,9.00,0.50
2008.01.17 16:07:54.078,1.97735,1.97765,9.00,9.60
2008.01.17 16:07:54.311,1.97735,1.97765,10.60,9.60
2008.01.17 16:07:54.560,1.97735,1.97765,10.60,9.60
2008.01.17 16:07:55.033,1.97735,1.9776,8.20,0.50
2008.01.17 16:07:55.492,1.97735,1.97765,6.80,12.10
2008.01.17 16:07:55.699,1.97735,1.9776,6.80,0.50
2008.01.17 16:07:55.944,1.97735,1.97765,6.80,12.10
2008.01.17 16:07:56.359,1.97735,1.97765,6.80,12.10
2008.01.17 16:07:56.781,1.97735,1.97765,6.60,12.10
2008.01.17 16:07:57.074,1.97735,1.97765,6.80,12.10
2008.01.17 16:07:57.369,1.97735,1.97765,9.40,12.10
2008.01.17 16:07:57.699,1.97735,1.97765,9.30,12.10
2008.01.17 16:07:57.877,1.97735,1.97765,8.50,12.10
2008.01.17 16:07:58.118,1.97735,1.9776,8.50,0.50
2008.01.17 16:07:58.523,1.97735,1.97765,8.50,12.10
2008.01.17 16:07:58.701,1.97735,1.97765,8.40,12.10
2008.01.17 16:07:59.020,1.97735,1.9776,8.40,0.50
2008.01.17 16:07:59.550,1.97735,1.97765,6.80,12.10
2008.01.17 16:07:59.868,1.97735,1.9776,6.80,0.50
2008.01.17 16:08:00.108,1.97735,1.97765,6.80,12.10
2008.01.17 16:08:00.305,1.97735,1.97765,6.80,12.10
2008.01.17 16:08:00.533,1.97735,1.97765,6.80,12.10
2008.01.17 16:08:00.731,1.97735,1.9776,6.80,0.50
2008.01.17 16:08:00.976,1.97735,1.9776,6.80,0.50
2008.01.17 16:08:01.227,1.97735,1.9776,6.80,0.50
2008.01.17 16:08:01.482,1.97735,1.97765,6.80,12.10
2008.01.17 16:08:01.736,1.97735,1.9776,6.80,0.50
2008.01.17 16:08:02.144,1.97735,1.97765,6.70,12.10
2008.01.17 16:08:02.353,1.97735,1.97765,6.70,12.10
2008.01.17 16:08:02.773,1.97735,1.97765,6.80,12.10
2008.01.17 16:08:02.981,1.97735,1.97765,6.80,12.10
2008.01.17 16:08:03.413,1.97735,1.97765,6.80,12.10
2008.01.17 16:08:03.639,1.97735,1.9776,6.80,0.50
2008.01.17 16:08:04.067,1.97735,1.97765,6.80,12.10
2008.01.17 16:08:04.292,1.97735,1.97765,6.80,12.10
2008.01.17 16:08:04.618,1.97735,1.9776,6.80,0.50
2008.01.17 16:08:04.772,1.97735,1.9776,6.80,0.50
2008.01.17 16:08:05.136,1.97735,1.97765,6.80,8.10
2008.01.17 16:08:05.153,1.97735,1.97765,6.80,7.30
2008.01.17 16:08:05.305,1.97735,1.97765,6.80,11.30
2008.01.17 16:08:05.559,1.97735,1.97765,10.40,9.70
2008.01.17 16:08:06.030,1.97735,1.97765,10.20,9.70
2008.01.17 16:08:06.283,1.97735,1.9776,6.80,0.50
2008.01.17 16:08:06.535,1.97735,1.97765,6.80,12.10
2008.01.17 16:08:06.983,1.97735,1.97765,6.80,12.10
2008.01.17 16:08:07.439,1.97735,1.9776,6.90,0.50
2008.01.17 16:08:07.686,1.97735,1.9776,6.90,0.50
2008.01.17 16:08:07.963,1.97735,1.97765,6.90,12.10
2008.01.17 16:08:08.241,1.97735,1.9776,8.50,0.50
2008.01.17 16:08:08.519,1.97735,1.97765,8.50,12.10
2008.01.17 16:08:08.798,1.97735,1.97765,8.50,12.10
2008.01.17 16:08:09.063,1.97735,1.97765,8.50,12.10
2008.01.17 16:08:09.464,1.97735,1.9776,6.90,0.50
2008.01.17 16:08:09.482,1.97735,1.97765,6.90,12.10
2008.01.17 16:08:09.674,1.97735,1.97765,6.90,12.10
2008.01.17 16:08:09.914,1.97735,1.9776,6.90,0.50
2008.01.17 16:08:10.360,1.97735,1.9776,6.90,0.50
2008.01.17 16:08:10.598,1.97735,1.97765,10.40,4.90
2008.01.17 16:08:10.840,1.97735,1.97765,10.40,4.90
2008.01.17 16:08:11.268,1.97735,1.9776,10.20,0.50
2008.01.17 16:08:11.493,1.97735,1.97765,10.10,9.70
2008.01.17 16:08:11.739,1.97735,1.97765,10.10,9.70
2008.01.17 16:08:12.172,1.97735,1.97765,9.30,9.70
2008.01.17 16:08:12.481,1.97735,1.9776,10.70,0.50
2008.01.17 16:08:12.789,1.97735,1.9776,10.70,0.50
2008.01.17 16:08:13.247,1.97735,1.9776,9.10,0.50
2008.01.17 16:08:13.646,1.97735,1.97765,9.10,9.70
2008.01.17 16:08:13.838,1.97735,1.97765,9.10,9.70
2008.01.17 16:08:14.081,1.97735,1.9776,9.10,0.50
2008.01.17 16:08:14.512,1.97735,1.97765,9.10,9.70
2008.01.17 16:08:14.739,1.97735,1.97765,9.10,9.70
2008.01.17 16:08:14.970,1.97735,1.97765,9.10,9.70
2008.01.17 16:08:15.199,1.97735,1.9776,9.10,0.50
2008.01.17 16:08:15.452,1.97735,1.9776,9.10,0.50
2008.01.17 16:08:15.705,1.97735,1.97765,9.10,9.70
2008.01.17 16:08:15.959,1.97735,1.97765,9.10,9.70
2008.01.17 16:08:16.211,1.97735,1.9776,10.70,0.50
2008.01.17 16:08:16.498,1.97735,1.9776,10.70,0.50
2008.01.17 16:08:16.787,1.97735,1.97765,10.70,9.70
2008.01.17 16:08:17.078,1.97735,1.9776,10.70,0.50
2008.01.17 16:08:17.366,1.97735,1.9776,10.70,0.50
2008.01.17 16:08:17.594,1.97735,1.97765,10.70,9.70
2008.01.17 16:08:17.771,1.97735,1.9776,10.70,0.50
2008.01.17 16:08:17.999,1.97735,1.97765,10.70,9.70
2008.01.17 16:08:18.172,1.97735,1.97765,9.10,9.70
2008.01.17 16:08:18.405,1.97735,1.97765,11.50,0.80
2008.01.17 16:08:18.694,1.97735,1.97765,13.10,0.80
2008.01.17 16:08:18.984,1.97745,1.97765,2.40,0.50
2008.01.17 16:08:19.451,1.97745,1.9777,2.40,7.30
2008.01.17 16:08:19.662,1.97745,1.97765,2.40,0.50
2008.01.17 16:08:19.898,1.97745,1.9777,4.00,7.30
2008.01.17 16:08:20.107,1.97745,1.9777,4.00,7.30
2008.01.17 16:08:20.412,1.97745,1.97765,4.00,0.50
2008.01.17 16:08:20.624,1.97745,1.9777,4.00,7.30
2008.01.17 16:08:20.935,1.97745,1.9777,4.00,7.30
2008.01.17 16:08:21.391,1.97745,1.97765,4.00,0.50
2008.01.17 16:08:21.632,1.97745,1.97765,2.40,0.50
2008.01.17 16:08:23.502,1.97745,1.97765,2.40,0.50
2008.01.17 16:08:23.773,1.97745,1.97775,2.40,22.40
2008.01.17 16:08:24.014,1.97745,1.97775,2.40,22.40
2008.01.17 16:08:24.266,1.97745,1.9777,2.40,0.50
2008.01.17 16:08:24.286,1.97745,1.97775,2.40,16.90
2008.01.17 16:08:24.527,1.97745,1.9778,3.20,20.00
2008.01.17 16:08:24.547,1.9774,1.9778,13.60,16.80
2008.01.17 16:08:25.091,1.9774,1.97775,6.40,11.30
2008.01.17 16:08:25.426,1.9774,1.97775,4.80,17.70
2008.01.17 16:08:25.760,1.9774,1.97775,4.80,17.70
2008.01.17 16:08:26.091,1.9774,1.97775,7.60,14.50
2008.01.17 16:08:26.492,1.9774,1.97775,13.20,7.30
2008.01.17 16:08:26.868,1.9774,1.97775,10.90,9.70
2008.01.17 16:08:27.057,1.97745,1.9777,0.60,0.50
2008.01.17 16:08:27.375,1.97745,1.9777,0.80,0.50
2008.01.17 16:08:27.705,1.9774,1.97775,10.80,12.10
2008.01.17 16:08:28.165,1.97745,1.9777,0.70,0.50
2008.01.17 16:08:28.612,1.9774,1.97775,10.80,12.10
2008.01.17 16:08:28.857,1.9774,1.97775,10.80,12.10
2008.01.17 16:08:29.101,1.9774,1.97775,10.80,12.10
2008.01.17 16:08:29.309,1.97745,1.9777,1.10,0.50
2008.01.17 16:08:29.540,1.97745,1.9777,1.30,0.50
2008.01.17 16:08:29.746,1.97745,1.9777,1.30,0.50
2008.01.17 16:08:29.984,1.9774,1.97775,11.10,9.70
2008.01.17 16:08:30.398,1.9774,1.97775,11.10,9.70
2008.01.17 16:08:30.676,1.97745,1.9777,0.50,0.50
2008.01.17 16:08:30.961,1.9774,1.97775,11.10,9.70
2008.01.17 16:08:31.239,1.97745,1.9777,1.40,0.50
2008.01.17 16:08:31.476,1.9774,1.97775,11.10,9.70
2008.01.17 16:08:31.715,1.97745,1.9777,1.10,0.50
2008.01.17 16:08:31.954,1.9774,1.97775,11.10,9.70
2008.01.17 16:08:32.192,1.97745,1.9777,1.40,0.50
2008.01.17 16:08:32.527,1.97745,1.9777,1.40,0.50
2008.01.17 16:08:32.721,1.9774,1.97775,11.10,9.70
2008.01.17 16:08:32.983,1.9774,1.97775,10.80,9.70
2008.01.17 16:08:33.177,1.97745,1.9777,0.80,0.50
2008.01.17 16:08:33.415,1.9774,1.97775,10.80,9.70
2008.01.17 16:08:33.824,1.9774,1.97775,10.80,9.70
2008.01.17 16:08:33.896,1.97745,1.9777,1.00,0.50
2008.01.17 16:08:34.183,1.97745,1.9777,1.40,0.50
2008.01.17 16:08:34.471,1.97745,1.9777,1.30,0.50
2008.01.17 16:08:34.973,1.9774,1.97775,10.80,9.70
2008.01.17 16:08:35.176,1.9774,1.9777,11.60,0.50
2008.01.17 16:08:35.415,1.9774,1.9777,11.60,0.50
2008.01.17 16:08:35.829,1.97745,1.9777,0.80,0.50
2008.01.17 16:08:36.032,1.9774,1.9777,11.20,0.50
2008.01.17 16:08:36.290,1.97745,1.9777,3.60,0.50
2008.01.17 16:08:36.732,1.97735,1.97755,10.60,0.50
2008.01.17 16:08:37.169,1.9774,1.9776,0.80,0.80
2008.01.17 16:08:37.678,1.97735,1.9776,2.90,0.50
2008.01.17 16:08:38.173,1.97735,1.97765,15.20,1.20
2008.01.17 16:08:38.199,1.97735,1.97765,14.20,0.50
2008.01.17 16:08:38.618,1.9774,1.9777,5.60,0.50
2008.01.17 16:08:39.036,1.9774,1.9777,12.90,0.50
2008.01.17 16:08:39.248,1.97745,1.9777,1.10,0.50
2008.01.17 16:08:39.462,1.97745,1.9777,0.50,0.50
2008.01.17 16:08:39.899,1.97745,1.9777,3.50,0.50
2008.01.17 16:08:39.916,1.97745,1.9777,3.10,0.50
2008.01.17 16:08:40.343,1.9774,1.9777,9.60,0.50
2008.01.17 16:08:40.808,1.97745,1.9777,2.40,0.50
2008.01.17 16:08:41.065,1.9774,1.9777,8.00,0.50
2008.01.17 16:08:41.323,1.97755,1.97775,1.60,12.80
2008.01.17 16:08:41.738,1.97765,1.97775,0.80,3.20
2008.01.17 16:08:42.156,1.97765,1.97785,1.90,2.00
2008.01.17 16:08:42.577,1.97765,1.97785,1.30,0.50
2008.01.17 16:08:43.039,1.9776,1.97785,5.60,0.50
2008.01.17 16:08:43.510,1.9776,1.97785,5.60,0.50
2008.01.17 16:08:43.929,1.9776,1.97785,5.60,0.50
2008.01.17 16:08:44.113,1.9776,1.97785,5.60,0.50
2008.01.17 16:08:44.346,1.9776,1.97785,5.60,0.50
2008.01.17 16:08:44.745,1.9776,1.97785,5.60,0.50
2008.01.17 16:08:44.827,1.9776,1.97785,5.60,0.50
2008.01.17 16:08:45.343,1.9776,1.97785,5.60,2.00
2008.01.17 16:08:45.879,1.9776,1.97785,5.60,2.00
2008.01.17 16:08:46.270,1.97765,1.97785,2.20,2.00
2008.01.17 16:08:46.448,1.9776,1.97785,5.60,2.00
2008.01.17 16:08:46.678,1.9776,1.97785,5.60,2.00
2008.01.17 16:08:47.183,1.97765,1.97785,1.50,0.50
2008.01.17 16:08:47.687,1.9776,1.97785,5.60,0.50
2008.01.17 16:08:48.130,1.9776,1.97785,5.60,0.50
2008.01.17 16:08:48.555,1.97765,1.97785,2.00,0.50
2008.01.17 16:08:48.757,1.97765,1.97785,1.60,0.50
2008.01.17 16:08:49.026,1.97765,1.97785,2.20,0.50
2008.01.17 16:08:49.489,1.9777,1.97795,0.80,6.80
2008.01.17 16:08:49.961,1.9777,1.97795,3.20,2.00
2008.01.17 16:08:50.392,1.9777,1.97795,3.20,0.50
2008.01.17 16:08:50.791,1.97775,1.97795,0.90,0.50
2008.01.17 16:08:50.809,1.9777,1.97795,3.20,0.50
2008.01.17 16:08:51.211,1.97775,1.97795,0.60,0.50
2008.01.17 16:08:51.524,1.97775,1.9779,0.50,0.50
2008.01.17 16:08:51.837,1.97775,1.9779,1.20,0.50
2008.01.17 16:08:52.305,1.97775,1.9779,1.00,0.50
2008.01.17 16:08:52.497,1.97775,1.9779,2.40,0.50
2008.01.17 16:08:52.723,1.97775,1.9779,2.40,0.50
2008.01.17 16:08:52.916,1.97775,1.9779,2.40,0.50
2008.01.17 16:08:53.157,1.97775,1.9779,2.40,0.50
2008.01.17 16:08:53.415,1.97775,1.9779,2.40,0.50
2008.01.17 16:08:53.895,1.97775,1.9779,2.40,0.50
2008.01.17 16:08:54.150,1.97775,1.9779,2.40,0.50
2008.01.17 16:08:54.413,1.97775,1.9779,2.40,0.50
2008.01.17 16:08:54.824,1.97775,1.9779,2.40,0.50
2008.01.17 16:08:55.027,1.97775,1.9779,2.40,0.50
2008.01.17 16:08:55.270,1.97775,1.9779,2.40,0.50
2008.01.17 16:08:55.723,1.97775,1.9779,2.40,0.50
2008.01.17 16:08:56.169,1.97765,1.9779,9.60,0.50
2008.01.17 16:08:56.395,1.97765,1.9779,9.60,0.50
2008.01.17 16:08:56.658,1.97765,1.9779,9.60,0.50
2008.01.17 16:08:57.134,1.97765,1.9779,9.60,0.50
2008.01.17 16:08:57.396,1.97765,1.9779,9.60,0.50
2008.01.17 16:08:57.704,1.97765,1.9779,9.60,0.50
2008.01.17 16:08:57.875,1.97765,1.9779,9.60,0.50
2008.01.17 16:08:58.112,1.97765,1.9779,9.60,0.50
2008.01.17 16:08:58.300,1.97765,1.9779,9.60,0.50
2008.01.17 16:08:58.693,1.97765,1.9779,9.60,0.50
2008.01.17 16:08:58.886,1.9777,1.97795,0.80,5.20
2008.01.17 16:08:59.208,1.9777,1.97795,0.80,0.50
2008.01.17 16:08:59.617,1.9777,1.97795,0.80,0.50
2008.01.17 16:08:59.980,1.97775,1.97795,4.80,0.50
2008.01.17 16:09:00.290,1.97775,1.97795,4.80,0.50
2008.01.17 16:09:00.511,1.97775,1.97795,4.80,0.50
2008.01.17 16:09:00.755,1.97775,1.97795,4.80,0.50
2008.01.17 16:09:01.197,1.97775,1.978,5.60,1.20
2008.01.17 16:09:01.655,1.97775,1.978,3.20,0.50
2008.01.17 16:09:01.692,1.97775,1.978,3.20,0.50
2008.01.17 16:09:02.144,1.9778,1.97805,0.80,2.90
2008.01.17 16:09:02.619,1.9778,1.97805,0.80,0.50
2008.01.17 16:09:02.836,1.9778,1.97805,0.80,0.50
2008.01.17 16:09:03.095,1.9778,1.97805,0.80,0.50
2008.01.17 16:09:03.530,1.9778,1.97805,0.80,0.50
2008.01.17 16:09:03.763,1.9778,1.97805,0.80,0.50
2008.01.17 16:09:04.014,1.97775,1.97805,10.50,0.50
2008.01.17 16:09:04.450,1.97775,1.978,5.70,0.50
2008.01.17 16:09:04.892,1.97775,1.978,4.10,0.50
2008.01.17 16:09:05.145,1.97775,1.978,4.40,0.50
2008.01.17 16:09:05.398,1.97775,1.978,4.80,0.50
2008.01.17 16:09:05.863,1.97775,1.978,4.90,0.50
2008.01.17 16:09:06.075,1.97775,1.978,4.90,0.50
2008.01.17 16:09:06.314,1.97775,1.978,4.90,0.50
2008.01.17 16:09:06.490,1.97775,1.97805,4.90,15.40
2008.01.17 16:09:06.737,1.97775,1.97805,4.90,15.40
2008.01.17 16:09:06.950,1.97775,1.97795,3.40,0.50
2008.01.17 16:09:07.229,1.97785,1.97795,0.10,0.50
2008.01.17 16:09:07.688,1.97775,1.978,3.40,7.90
2008.01.17 16:09:08.179,1.97775,1.97805,4.20,21.60
2008.01.17 16:09:08.399,1.97775,1.97805,5.80,13.70
2008.01.17 16:09:08.619,1.97775,1.97805,5.80,13.70
2008.01.17 16:09:08.838,1.97775,1.97805,5.80,13.70
2008.01.17 16:09:09.080,1.97775,1.978,5.80,0.50
2008.01.17 16:09:09.497,1.97775,1.97805,5.70,13.70
2008.01.17 16:09:09.909,1.97775,1.978,5.70,0.50
2008.01.17 16:09:10.112,1.97775,1.978,5.70,0.50
2008.01.17 16:09:10.356,1.97775,1.97805,5.70,13.70
2008.01.17 16:09:10.840,1.97775,1.97805,5.70,13.70
2008.01.17 16:09:10.882,1.97775,1.978,5.70,0.50
2008.01.17 16:09:11.339,1.97775,1.97805,5.80,13.70
2008.01.17 16:09:11.772,1.97775,1.97805,5.80,13.70
2008.01.17 16:09:12.205,1.97775,1.97805,5.60,13.70
2008.01.17 16:09:12.422,1.97775,1.97805,5.60,13.80
2008.01.17 16:09:12.659,1.97775,1.978,5.60,0.50
2008.01.17 16:09:13.122,1.97775,1.978,5.60,0.50
2008.01.17 16:09:13.377,1.97775,1.97805,5.60,13.80
2008.01.17 16:09:13.630,1.97775,1.978,5.60,0.50
2008.01.17 16:09:14.047,1.97775,1.97805,5.60,13.80
2008.01.17 16:09:14.254,1.97775,1.978,5.60,0.50
2008.01.17 16:09:14.498,1.97775,1.978,8.00,0.50
2008.01.17 16:09:14.909,1.97775,1.978,8.00,0.50
2008.01.17 16:09:15.212,1.97775,1.978,8.00,0.50
2008.01.17 16:09:15.516,1.97775,1.97805,8.00,11.40
2008.01.17 16:09:15.981,1.97775,1.978,8.00,0.50
2008.01.17 16:09:16.390,1.97775,1.97805,8.00,11.40
2008.01.17 16:09:16.595,1.9778,1.9781,0.80,10.50
2008.01.17 16:09:16.832,1.9778,1.9781,0.80,8.90
2008.01.17 16:09:17.267,1.97775,1.97805,7.20,9.80
2008.01.17 16:09:17.488,1.97775,1.978,7.20,0.50
2008.01.17 16:09:17.730,1.97775,1.97805,10.40,10.60
2008.01.17 16:09:18.168,1.97775,1.978,10.40,0.50
2008.01.17 16:09:18.431,1.97775,1.978,10.40,0.50
2008.01.17 16:09:20.175,1.97775,1.97805,10.40,10.60
2008.01.17 16:09:20.242,1.97775,1.978,4.80,6.50
2008.01.17 16:09:20.477,1.97775,1.97795,2.40,5.70
2008.01.17 16:09:20.546,1.97765,1.97785,12.80,0.50
2008.01.17 16:09:20.783,1.97765,1.97785,13.40,0.50
2008.01.17 16:09:20.851,1.97765,1.9779,13.40,1.00
2008.01.17 16:09:21.094,1.97765,1.9779,12.80,1.00
2008.01.17 16:09:21.386,1.97765,1.9779,11.20,0.50
2008.01.17 16:09:21.930,1.97765,1.9779,7.20,6.50
2008.01.17 16:09:22.266,1.97755,1.9778,10.40,0.50
2008.01.17 16:09:22.502,1.9775,1.97785,12.80,10.50
2008.01.17 16:09:22.599,1.97755,1.97775,0.50,0.50
2008.01.17 16:09:22.968,1.9775,1.97785,10.80,11.30
2008.01.17 16:09:23.156,1.97755,1.9778,0.50,0.50
2008.01.17 16:09:23.394,1.9775,1.97785,12.40,5.70
2008.01.17 16:09:23.580,1.9775,1.97785,17.20,5.70
2008.01.17 16:09:23.848,1.9775,1.97785,17.20,5.70
2008.01.17 16:09:24.117,1.9775,1.97785,17.20,5.70
2008.01.17 16:09:24.386,1.97755,1.9778,0.60,0.50
2008.01.17 16:09:24.653,1.9775,1.97785,17.30,5.70
2008.01.17 16:09:24.892,1.97755,1.9778,0.50,0.50
2008.01.17 16:09:25.316,1.9775,1.97785,17.30,5.70
2008.01.17 16:09:25.533,1.9775,1.97785,18.20,5.70
2008.01.17 16:09:25.781,1.9775,1.97785,18.20,5.70
2008.01.17 16:09:26.217,1.97755,1.9778,0.80,0.50
2008.01.17 16:09:26.445,1.97755,1.9778,0.60,0.50
2008.01.17 16:09:26.676,1.9775,1.97785,16.90,5.70
2008.01.17 16:09:27.113,1.9775,1.97785,16.90,5.70
2008.01.17 16:09:27.355,1.9775,1.97785,16.00,6.10
2008.01.17 16:09:27.626,1.9775,1.97785,16.00,6.10
2008.01.17 16:09:27.933,1.9775,1.97785,14.40,9.70
2008.01.17 16:09:28.368,1.9775,1.97775,0.80,0.50
2008.01.17 16:09:28.580,1.9775,1.97775,0.80,0.50
2008.01.17 16:09:28.814,1.9775,1.97775,0.80,0.50
2008.01.17 16:09:29.240,1.97745,1.9778,15.20,1.00
2008.01.17 16:09:29.503,1.9775,1.97775,0.80,0.50
2008.01.17 16:09:29.768,1.97745,1.9778,15.20,1.00
2008.01.17 16:09:30.032,1.97745,1.9778,15.20,1.00
2008.01.17 16:09:30.262,1.9775,1.97775,0.80,0.50
2008.01.17 16:09:30.490,1.97745,1.9778,15.20,1.00
2008.01.17 16:09:30.719,1.97745,1.9778,15.20,1.00
2008.01.17 16:09:30.950,1.9775,1.97775,0.80,0.50
2008.01.17 16:09:31.175,1.97745,1.9778,15.20,1.00
2008.01.17 16:09:31.424,1.97745,1.9778,15.20,1.00
2008.01.17 16:09:31.672,1.97745,1.9778,15.20,1.00
2008.01.17 16:09:32.132,1.97745,1.9778,15.20,1.00
2008.01.17 16:09:32.381,1.9775,1.97775,0.80,0.50
2008.01.17 16:09:32.629,1.97745,1.9778,15.20,1.00
2008.01.17 16:09:32.866,1.9775,1.97775,0.80,0.50
2008.01.17 16:09:33.255,1.97745,1.9778,15.20,1.00
2008.01.17 16:09:33.493,1.97745,1.9778,15.20,1.00
2008.01.17 16:09:33.747,1.9775,1.97775,0.80,0.50
2008.01.17 16:09:34.153,1.97745,1.9778,15.30,1.00
2008.01.17 16:09:34.347,1.97745,1.9778,15.20,1.00
2008.01.17 16:09:34.583,1.9775,1.97775,0.80,0.50
2008.01.17 16:09:35.043,1.97745,1.9778,15.20,1.00
2008.01.17 16:09:35.297,1.97745,1.9778,15.20,1.00
2008.01.17 16:09:35.551,1.97745,1.9778,15.20,1.00
2008.01.17 16:09:36.016,1.97745,1.9778,16.50,1.00
2008.01.17 16:09:36.456,1.9775,1.97775,0.80,0.50
2008.01.17 16:09:36.689,1.9775,1.97775,0.80,0.50
2008.01.17 16:09:36.924,1.97745,1.9778,16.60,1.00
2008.01.17 16:09:37.158,1.9775,1.97775,0.80,0.50
2008.01.17 16:09:37.397,1.97745,1.97775,15.80,0.50
2008.01.17 16:09:37.850,1.9775,1.97775,0.80,0.50
2008.01.17 16:09:38.083,1.97745,1.97775,15.90,0.50
2008.01.17 16:09:38.342,1.9775,1.97775,0.80,0.50
2008.01.17 16:09:38.579,1.9775,1.97775,0.80,0.50
2008.01.17 16:09:38.913,1.97745,1.97775,15.70,0.50
2008.01.17 16:09:39.149,1.97745,1.97775,15.70,0.50
2008.01.17 16:09:39.358,1.97745,1.97775,15.70,0.50
2008.01.17 16:09:39.587,1.9775,1.97775,0.80,0.50
2008.01.17 16:09:39.796,1.97745,1.97775,15.70,0.50
2008.01.17 16:09:40.219,1.9775,1.97775,0.80,0.50
2008.01.17 16:09:40.387,1.97745,1.97775,15.70,0.50
2008.01.17 16:09:40.555,1.9775,1.97775,0.80,0.50
2008.01.17 16:09:40.782,1.97745,1.97775,15.70,0.50
2008.01.17 16:09:40.950,1.97745,1.97775,15.70,0.50
2008.01.17 16:09:41.174,1.9775,1.97775,0.80,0.50
2008.01.17 16:09:41.340,1.9775,1.97775,0.80,0.50
2008.01.17 16:09:41.674,1.97745,1.97775,15.70,0.50
2008.01.17 16:09:42.009,1.97745,1.97775,16.10,0.50
2008.01.17 16:09:42.343,1.97745,1.97775,15.60,0.50
2008.01.17 16:09:42.716,1.97745,1.97775,15.60,0.50
2008.01.17 16:09:42.885,1.97745,1.97775,15.60,0.50
2008.01.17 16:09:43.122,1.97745,1.97775,15.60,0.50
2008.01.17 16:09:43.292,1.9775,1.97775,0.80,0.50
2008.01.17 16:09:43.560,1.9775,1.97775,0.80,0.50
2008.01.17 16:09:44.044,1.97745,1.97775,15.70,0.50
2008.01.17 16:09:44.097,1.9775,1.97775,1.30,0.50
2008.01.17 16:09:44.543,1.97755,1.9778,3.40,0.50
2008.01.17 16:09:44.991,1.9775,1.9778,9.60,0.50
2008.01.17 16:09:45.224,1.97745,1.97775,12.80,0.50
2008.01.17 16:09:45.456,1.97745,1.97775,12.80,0.50
2008.01.17 16:09:45.681,1.97745,1.97775,12.80,0.50
2008.01.17 16:09:45.905,1.97745,1.97775,12.80,0.50
2008.01.17 16:09:46.356,1.9775,1.97775,0.80,0.50
2008.01.17 16:09:46.574,1.97745,1.97775,12.80,0.50
2008.01.17 16:09:46.907,1.97745,1.97775,12.80,0.50
2008.01.17 16:09:47.359,1.9775,1.97775,0.80,0.50
2008.01.17 16:09:47.879,1.9775,1.97775,0.80,0.50
2008.01.17 16:09:48.270,1.97745,1.97775,12.80,0.50
2008.01.17 16:09:48.450,1.9775,1.97775,0.80,0.50
2008.01.17 16:09:48.690,1.97745,1.97775,15.20,0.50
2008.01.17 16:09:48.956,1.9775,1.97775,0.80,0.50
2008.01.17 16:09:49.224,1.97745,1.97775,15.30,0.50
2008.01.17 16:09:49.493,1.97745,1.97775,15.90,0.50
2008.01.17 16:09:49.724,1.97745,1.97775,15.90,0.50
2008.01.17 16:09:50.134,1.97745,1.97775,13.50,0.50
2008.01.17 16:09:50.156,1.9775,1.97775,0.80,0.50
2008.01.17 16:09:50.578,1.9775,1.97775,0.80,0.50
2008.01.17 16:09:50.803,1.9775,1.97775,0.80,0.50
2008.01.17 16:09:51.033,1.97745,1.97775,13.30,0.50
2008.01.17 16:09:51.474,1.97745,1.97775,13.30,0.50
2008.01.17 16:09:51.701,1.9775,1.97775,0.80,0.50
2008.01.17 16:09:51.938,1.9775,1.97775,0.80,0.50
2008.01.17 16:09:52.216,1.9775,1.97775,0.80,0.50
2008.01.17 16:09:52.494,1.9775,1.97775,0.80,0.50
2008.01.17 16:09:52.773,1.9775,1.97775,0.80,0.50
2008.01.17 16:09:53.049,1.9775,1.97775,0.80,0.50
2008.01.17 16:09:53.262,1.9775,1.97775,0.80,0.50
2008.01.17 16:09:53.497,1.9775,1.97775,0.80,0.50
2008.01.17 16:09:53.931,1.9775,1.97775,0.80,0.50
2008.01.17 16:09:54.162,1.9775,1.97775,0.80,0.50
2008.01.17 16:09:54.396,1.9775,1.97775,0.80,0.50
2008.01.17 16:09:54.835,1.9775,1.97775,0.80,0.50
2008.01.17 16:09:55.066,1.9775,1.97775,0.80,0.50
2008.01.17 16:09:55.302,1.9775,1.97775,0.80,0.50
2008.01.17 16:09:55.563,1.9775,1.97775,0.80,0.50
2008.01.17 16:09:55.827,1.9775,1.97775,0.80,0.50
2008.01.17 16:09:56.280,1.9775,1.97775,0.80,0.50
2008.01.17 16:09:56.683,1.97755,1.97775,2.40,0.50
2008.01.17 16:09:56.913,1.97755,1.97775,2.40,0.50
2008.01.17 16:09:57.160,1.97755,1.97775,2.40,0.50
2008.01.17 16:09:57.607,1.97755,1.97775,2.40,0.50
2008.01.17 16:09:57.873,1.97755,1.97775,2.40,0.50
2008.01.17 16:09:58.325,1.97755,1.9777,2.40,0.50
2008.01.17 16:09:58.564,1.97755,1.97775,2.40,0.50
2008.01.17 16:09:58.817,1.97755,1.97775,2.40,0.50
2008.01.17 16:09:59.270,1.97755,1.97775,2.40,0.50
2008.01.17 16:09:59.522,1.97755,1.97775,2.40,0.50
2008.01.17 16:09:59.780,1.97755,1.97775,2.40,0.50
2008.01.17 16:09:59.992,1.97755,1.97775,2.40,0.50
2008.01.17 16:10:00.236,1.97755,1.97775,2.40,0.50
2008.01.17 16:10:00.663,1.97755,1.97775,2.40,0.50
2008.01.17 16:10:00.877,1.97755,1.97775,2.40,0.50
2008.01.17 16:10:01.154,1.97755,1.97775,2.40,0.50
2008.01.17 16:10:01.611,1.97755,1.97775,2.40,0.50
2008.01.17 16:10:02.099,1.97755,1.97775,2.40,0.50
2008.01.17 16:10:02.322,1.97755,1.97775,2.40,0.50
2008.01.17 16:10:02.550,1.97755,1.97775,2.40,0.50
2008.01.17 16:10:02.769,1.97755,1.97775,2.40,0.50
2008.01.17 16:10:03.014,1.97755,1.97775,2.50,0.50
2008.01.17 16:10:03.243,1.97755,1.97775,2.50,0.50
2008.01.17 16:10:03.480,1.97755,1.9778,3.30,0.50
2008.01.17 16:10:03.712,1.97755,1.9778,7.30,0.50
2008.01.17 16:10:03.947,1.97755,1.97775,6.50,0.50
2008.01.17 16:10:04.180,1.97755,1.97775,7.30,0.50
2008.01.17 16:10:04.446,1.97755,1.9778,9.70,6.00
2008.01.17 16:10:04.709,1.97765,1.9778,2.40,1.20
2008.01.17 16:10:04.973,1.97765,1.9778,2.40,0.50
2008.01.17 16:10:05.238,1.97765,1.9778,2.40,0.50
2008.01.17 16:10:05.468,1.97765,1.9778,2.40,0.50
2008.01.17 16:10:05.899,1.97765,1.9778,2.40,0.50
2008.01.17 16:10:05.919,1.97765,1.9778,2.40,0.50
2008.01.17 16:10:06.359,1.97765,1.9778,2.40,0.50
2008.01.17 16:10:06.806,1.97765,1.9778,2.40,0.50
2008.01.17 16:10:07.047,1.97765,1.9778,2.40,0.50
2008.01.17 16:10:07.291,1.97765,1.9778,2.40,0.50
2008.01.17 16:10:07.749,1.97765,1.9778,2.40,0.50
2008.01.17 16:10:07.782,1.97765,1.9778,2.40,0.50
2008.01.17 16:10:08.013,1.97755,1.9778,13.90,0.50
2008.01.17 16:10:08.030,1.97765,1.9778,0.80,0.50
2008.01.17 16:10:08.278,1.97765,1.9778,0.70,0.50
2008.01.17 16:10:08.743,1.97765,1.9778,1.40,0.50
2008.01.17 16:10:08.971,1.97765,1.9778,0.90,0.50
2008.01.17 16:10:09.224,1.97765,1.9778,0.50,0.50
2008.01.17 16:10:09.453,1.97755,1.9778,13.90,0.50
2008.01.17 16:10:09.684,1.97765,1.9778,1.40,0.50
2008.01.17 16:10:09.910,1.97755,1.9778,13.90,0.50
2008.01.17 16:10:10.188,1.97755,1.9778,12.30,0.50
2008.01.17 16:10:10.466,1.97755,1.9778,12.30,0.50
2008.01.17 16:10:10.743,1.97755,1.9778,12.30,0.50
2008.01.17 16:10:11.021,1.97755,1.9778,12.00,0.50
2008.01.17 16:10:11.248,1.97765,1.9778,1.00,0.50
2008.01.17 16:10:11.436,1.97755,1.9778,12.00,0.50
2008.01.17 16:10:11.698,1.97765,1.9778,1.10,0.50
2008.01.17 16:10:11.887,1.97755,1.9778,12.00,0.50
2008.01.17 16:10:12.285,1.97765,1.9778,1.00,0.50
2008.01.17 16:10:12.339,1.97765,1.9778,1.30,0.50
2008.01.17 16:10:12.815,1.97755,1.9778,12.00,0.50
2008.01.17 16:10:13.077,1.97755,1.9778,12.00,0.50
2008.01.17 16:10:13.312,1.97765,1.9778,0.50,0.50
2008.01.17 16:10:13.743,1.97765,1.9778,0.70,0.50
2008.01.17 16:10:13.945,1.9775,1.9778,13.70,0.50
2008.01.17 16:10:14.191,1.9775,1.9778,13.70,0.50
2008.01.17 16:10:14.632,1.97755,1.9778,1.30,0.50
2008.01.17 16:10:14.858,1.9775,1.9778,13.70,0.50
2008.01.17 16:10:15.088,1.97755,1.9778,5.30,0.50
2008.01.17 16:10:15.541,1.9775,1.9778,13.70,0.50
2008.01.17 16:10:15.806,1.9775,1.9778,13.70,0.50
2008.01.17 16:10:16.089,1.9775,1.9778,13.70,0.50
2008.01.17 16:10:16.585,1.97755,1.9778,4.90,0.50
2008.01.17 16:10:16.803,1.97755,1.9778,1.80,0.50
2008.01.17 16:10:17.035,1.97755,1.9778,3.90,0.50
2008.01.17 16:10:17.469,1.9775,1.9778,13.70,0.50
2008.01.17 16:10:17.488,1.97755,1.9778,2.30,0.50
2008.01.17 16:10:17.923,1.9775,1.9778,13.70,0.50
2008.01.17 16:10:18.150,1.9775,1.9778,13.70,0.50
2008.01.17 16:10:18.383,1.9775,1.9778,13.70,0.50
2008.01.17 16:10:18.823,1.9775,1.9778,11.30,0.50
2008.01.17 16:10:19.115,1.9775,1.9778,11.30,0.50
2008.01.17 16:10:19.409,1.9775,1.9778,11.30,0.50
2008.01.17 16:10:19.882,1.9775,1.9778,11.30,0.50
2008.01.17 16:10:20.307,1.97755,1.9778,0.80,0.50
2008.01.17 16:10:20.500,1.9775,1.9778,11.30,0.50
2008.01.17 16:10:20.731,1.9775,1.9778,11.30,0.50
2008.01.17 16:10:20.974,1.97755,1.9778,1.80,0.50
2008.01.17 16:10:21.221,1.97755,1.9778,3.30,0.50
2008.01.17 16:10:21.460,1.9775,1.9778,11.30,0.50
2008.01.17 16:10:21.703,1.9775,1.9778,11.30,0.50
2008.01.17 16:10:21.946,1.9775,1.9778,11.30,0.50
2008.01.17 16:10:22.253,1.9775,1.9778,11.30,0.50
2008.01.17 16:10:22.561,1.97755,1.9778,3.80,0.50
2008.01.17 16:10:22.869,1.9775,1.9778,11.30,0.50
2008.01.17 16:10:23.032,1.97755,1.9778,2.50,0.50
2008.01.17 16:10:23.275,1.97755,1.9778,2.20,0.50
2008.01.17 16:10:23.438,1.97755,1.9778,3.40,0.50
2008.01.17 16:10:23.682,1.9775,1.9778,11.30,0.50
2008.01.17 16:10:23.844,1.9775,1.9778,11.30,0.50
2008.01.17 16:10:24.165,1.97755,1.9778,4.30,0.50
2008.01.17 16:10:24.438,1.97755,1.9778,2.10,0.50
2008.01.17 16:10:24.711,1.9775,1.9778,11.20,0.50
2008.01.17 16:10:24.986,1.9775,1.97775,10.40,0.50
2008.01.17 16:10:25.219,1.9775,1.97775,6.40,0.50
2008.01.17 16:10:25.658,1.97755,1.97775,2.00,0.50
2008.01.17 16:10:25.866,1.97755,1.97775,1.60,0.50
2008.01.17 16:10:26.106,1.9775,1.97775,6.50,0.50
2008.01.17 16:10:26.363,1.9775,1.97775,6.50,0.50
2008.01.17 16:10:26.621,1.9775,1.97775,6.50,0.50
2008.01.17 16:10:27.063,1.9775,1.97775,6.50,0.50
2008.01.17 16:10:27.535,1.9775,1.97775,6.50,0.50
2008.01.17 16:10:27.748,1.9775,1.97775,6.50,0.50
2008.01.17 16:10:27.989,1.9775,1.97765,5.70,0.50
2008.01.17 16:10:28.406,1.9775,1.97765,4.80,0.50
2008.01.17 16:10:28.631,1.9774,1.9777,15.10,6.00
2008.01.17 16:10:28.870,1.97745,1.9777,3.00,0.50
2008.01.17 16:10:29.092,1.9774,1.9777,16.70,0.50
2008.01.17 16:10:29.321,1.9774,1.9777,16.70,0.50
2008.01.17 16:10:29.543,1.9774,1.9777,16.70,0.50
2008.01.17 16:10:29.837,1.9774,1.9777,16.70,0.50
2008.01.17 16:10:30.344,1.9774,1.9777,16.70,0.50
2008.01.17 16:10:30.637,1.9774,1.9777,16.70,0.50
2008.01.17 16:10:30.878,1.97745,1.9777,5.10,0.50
2008.01.17 16:10:31.287,1.9774,1.9777,16.70,0.50
2008.01.17 16:10:31.304,1.97745,1.9777,0.60,0.50
2008.01.17 16:10:31.716,1.9774,1.9777,17.20,0.50
2008.01.17 16:10:31.994,1.9774,1.9777,16.70,0.50
2008.01.17 16:10:32.272,1.9774,1.9777,16.70,0.50
2008.01.17 16:10:32.734,1.97745,1.9777,1.50,0.50
2008.01.17 16:10:33.191,1.9774,1.9777,16.80,0.50
2008.01.17 16:10:33.629,1.97745,1.9777,4.50,0.50
2008.01.17 16:10:33.853,1.9774,1.9777,16.80,0.50
2008.01.17 16:10:34.077,1.9774,1.9777,16.80,0.50
2008.01.17 16:10:34.304,1.9774,1.9777,16.80,0.50
2008.01.17 16:10:35.884,1.97745,1.9777,8.00,0.70
2008.01.17 16:10:36.156,1.97745,1.9777,7.20,6.50
2008.01.17 16:10:36.230,1.97745,1.97765,7.20,0.50
2008.01.17 16:10:36.470,1.97745,1.9777,7.60,6.50
2008.01.17 16:10:36.542,1.97745,1.97765,7.60,0.50
2008.01.17 16:10:36.794,1.97745,1.9777,7.60,6.50
2008.01.17 16:10:36.867,1.97745,1.97765,7.60,0.50
2008.01.17 16:10:37.200,1.97745,1.9777,7.60,6.50
2008.01.17 16:10:37.745,1.97745,1.9777,7.60,6.50
2008.01.17 16:10:38.076,1.97745,1.9777,5.20,6.50
2008.01.17 16:10:38.305,1.97745,1.97765,5.30,0.50
2008.01.17 16:10:38.488,1.97745,1.9777,5.30,6.50
2008.01.17 16:10:38.713,1.97745,1.9777,5.30,6.50
2008.01.17 16:10:38.896,1.97745,1.97765,5.30,0.50
2008.01.17 16:10:39.169,1.97745,1.9777,5.30,6.50
2008.01.17 16:10:39.416,1.97745,1.97765,5.30,0.50
2008.01.17 16:10:39.795,1.97745,1.9777,5.30,6.50
2008.01.17 16:10:40.043,1.97745,1.9777,5.30,6.50
2008.01.17 16:10:40.277,1.97745,1.9777,6.90,6.50
2008.01.17 16:10:40.694,1.97745,1.9777,6.90,6.50
2008.01.17 16:10:40.718,1.9775,1.9777,0.80,0.50
2008.01.17 16:10:41.121,1.9775,1.9778,0.80,3.30
2008.01.17 16:10:41.570,1.9775,1.9778,0.80,3.30
2008.01.17 16:10:41.808,1.9775,1.9778,0.80,1.00
2008.01.17 16:10:42.047,1.9775,1.97775,0.80,0.50
2008.01.17 16:10:42.500,1.97755,1.9778,0.80,1.00
2008.01.17 16:10:42.773,1.97755,1.97785,1.60,13.70
2008.01.17 16:10:43.047,1.97755,1.97785,4.00,13.70
2008.01.17 16:10:43.529,1.97755,1.9778,4.70,0.50
2008.01.17 16:10:43.742,1.97755,1.97785,4.30,13.70
2008.01.17 16:10:43.987,1.97755,1.97785,4.30,13.70
2008.01.17 16:10:44.198,1.97755,1.9778,4.00,0.50
2008.01.17 16:10:44.431,1.97755,1.97785,4.00,13.70
2008.01.17 16:10:44.873,1.97755,1.9778,4.50,0.50
2008.01.17 16:10:45.106,1.97755,1.97785,4.50,13.70
2008.01.17 16:10:45.340,1.97755,1.97785,4.50,13.70
2008.01.17 16:10:45.571,1.97755,1.9778,4.60,0.50
2008.01.17 16:10:45.804,1.97755,1.97785,4.60,13.70
2008.01.17 16:10:46.057,1.97755,1.97785,4.60,13.70
2008.01.17 16:10:46.310,1.97755,1.9778,4.60,0.50
2008.01.17 16:10:46.564,1.97755,1.9778,4.60,0.50
2008.01.17 16:10:46.819,1.97755,1.97785,6.30,12.10
2008.01.17 16:10:47.097,1.97755,1.97785,6.30,12.10
2008.01.17 16:10:47.376,1.97755,1.97785,6.20,12.10
2008.01.17 16:10:47.653,1.97755,1.97785,6.20,12.10
2008.01.17 16:10:47.912,1.97755,1.97785,7.00,12.10
2008.01.17 16:10:48.326,1.97755,1.9778,6.30,0.50
2008.01.17 16:10:48.723,1.97755,1.97785,6.30,12.10
2008.01.17 16:10:48.750,1.97755,1.97785,6.30,12.10
2008.01.17 16:10:49.235,1.97755,1.9778,6.30,0.50
2008.01.17 16:10:49.509,1.97765,1.97785,1.60,0.60
2008.01.17 16:10:49.781,1.9776,1.9779,1.60,8.80
2008.01.17 16:10:50.211,1.97755,1.9778,11.40,0.50
2008.01.17 16:10:50.423,1.97755,1.97785,8.70,9.70
2008.01.17 16:10:50.661,1.97755,1.97785,8.70,9.70
2008.01.17 16:10:51.082,1.97755,1.9778,8.90,0.50
2008.01.17 16:10:51.153,1.97755,1.97785,8.90,9.70
2008.01.17 16:10:51.592,1.97755,1.97785,7.60,9.70
2008.01.17 16:10:52.076,1.97755,1.97785,7.60,12.10
2008.01.17 16:10:52.095,1.97755,1.97785,7.40,12.10
2008.01.17 16:10:52.537,1.97755,1.97785,7.30,12.10
2008.01.17 16:10:52.966,1.97755,1.97785,7.30,12.10
2008.01.17 16:10:53.190,1.97755,1.97785,8.00,9.70
2008.01.17 16:10:53.425,1.97755,1.97785,8.00,9.70
2008.01.17 16:10:53.659,1.97755,1.9778,8.00,0.50
2008.01.17 16:10:53.891,1.97755,1.9778,8.00,0.50
2008.01.17 16:10:54.125,1.97755,1.9778,8.00,0.50
2008.01.17 16:10:54.373,1.97755,1.9778,8.00,0.50
2008.01.17 16:10:54.833,1.9776,1.9779,0.80,5.60
2008.01.17 16:10:55.083,1.9776,1.9779,0.80,1.00
2008.01.17 16:10:55.332,1.9776,1.97785,0.80,0.50
2008.01.17 16:10:55.590,1.9776,1.9779,0.80,1.00
2008.01.17 16:10:55.847,1.9776,1.9779,0.80,1.00
2008.01.17 16:10:56.104,1.9776,1.97785,0.80,0.50
2008.01.17 16:10:56.364,1.9776,1.9779,0.80,1.00
2008.01.17 16:10:56.759,1.97765,1.97795,0.80,2.50
2008.01.17 16:10:57.023,1.97765,1.9779,0.80,0.50
2008.01.17 16:10:57.286,1.9776,1.97785,0.80,0.50
2008.01.17 16:10:57.695,1.9776,1.9779,0.80,1.00
2008.01.17 16:10:58.076,1.9776,1.97785,0.80,0.50
2008.01.17 16:10:58.089,1.9776,1.97785,0.80,0.50
2008.01.17 16:10:58.266,1.9776,1.9779,0.80,1.00
2008.01.17 16:10:58.602,1.9776,1.9779,0.80,1.00
2008.01.17 16:10:58.860,1.9776,1.9779,0.80,1.00
2008.01.17 16:10:59.118,1.9776,1.97785,0.80,0.50
2008.01.17 16:10:59.591,1.9776,1.97785,0.80,0.50
2008.01.17 16:10:59.608,1.9776,1.97785,0.80,0.50
2008.01.17 16:11:00.038,1.9776,1.9779,0.80,1.00
2008.01.17 16:11:00.267,1.9776,1.9779,0.80,1.00
2008.01.17 16:11:00.493,1.9776,1.9779,0.80,1.00
2008.01.17 16:11:00.716,1.9776,1.97785,0.80,0.50
2008.01.17 16:11:00.941,1.9776,1.97785,0.80,0.50
2008.01.17 16:11:01.390,1.9776,1.9779,0.80,1.00
2008.01.17 16:11:01.645,1.9776,1.97785,0.80,0.50
2008.01.17 16:11:01.897,1.9776,1.9779,0.80,5.70
2008.01.17 16:11:02.342,1.9776,1.9779,0.80,5.70
2008.01.17 16:11:02.594,1.9776,1.97785,0.80,0.70
2008.01.17 16:11:02.852,1.9776,1.97785,0.80,0.50
2008.01.17 16:11:03.089,1.9776,1.9779,0.80,5.70
2008.01.17 16:11:03.328,1.9776,1.9779,0.80,5.70
2008.01.17 16:11:03.779,1.9776,1.97785,0.80,0.80
2008.01.17 16:11:04.017,1.9776,1.9779,0.80,5.70
2008.01.17 16:11:04.272,1.9776,1.9779,0.80,5.70
2008.01.17 16:11:04.703,1.9776,1.9779,0.80,5.70
2008.01.17 16:11:05.137,1.9776,1.9779,0.80,5.70
2008.01.17 16:11:05.205,1.9776,1.97785,0.80,0.60
2008.01.17 16:11:05.698,1.9776,1.9779,0.80,5.70
2008.01.17 16:11:05.773,1.9776,1.9779,0.80,5.70
2008.01.17 16:11:06.056,1.9776,1.97785,0.80,5.20
2008.01.17 16:11:06.292,1.9776,1.97785,0.80,5.20
2008.01.17 16:11:06.668,1.9776,1.97785,0.80,5.20
2008.01.17 16:11:06.837,1.9776,1.97785,0.80,5.20
2008.01.17 16:11:07.218,1.9776,1.97785,0.80,5.20
2008.01.17 16:11:07.460,1.9776,1.97785,0.80,5.20
2008.01.17 16:11:07.704,1.9776,1.97785,0.80,5.20
2008.01.17 16:11:07.949,1.9776,1.97785,0.80,5.20
2008.01.17 16:11:08.193,1.9776,1.97785,0.80,5.20
2008.01.17 16:11:08.437,1.9776,1.97785,0.80,5.20
2008.01.17 16:11:08.694,1.9776,1.97785,0.80,5.20
2008.01.17 16:11:08.953,1.9776,1.9778,0.80,4.80
2008.01.17 16:11:09.212,1.97755,1.97775,6.40,4.00
2008.01.17 16:11:09.668,1.97755,1.9778,0.80,0.50
2008.01.17 16:11:09.880,1.97755,1.9778,0.80,0.50
2008.01.17 16:11:10.113,1.97755,1.9778,0.80,0.50
2008.01.17 16:11:10.327,1.97755,1.9778,0.80,0.50
2008.01.17 16:11:10.613,1.97755,1.9778,0.80,0.50
2008.01.17 16:11:10.798,1.9775,1.9778,3.20,0.50
2008.01.17 16:11:10.825,1.9775,1.9778,3.20,0.50
2008.01.17 16:11:11.066,1.97755,1.9778,0.80,0.50
2008.01.17 16:11:11.499,1.9774,1.9777,12.10,0.50
2008.01.17 16:11:11.935,1.97755,1.97775,6.40,2.40
2008.01.17 16:11:12.464,1.97755,1.97775,0.50,0.50
2008.01.17 16:11:12.782,1.97745,1.9777,3.90,0.50
2008.01.17 16:11:13.018,1.97745,1.9777,3.60,0.50
2008.01.17 16:11:13.425,1.97745,1.97775,11.30,7.60
2008.01.17 16:11:13.448,1.9775,1.97775,1.30,0.50
2008.01.17 16:11:13.865,1.97755,1.9778,0.80,0.50
2008.01.17 16:11:14.083,1.9775,1.9778,4.40,0.50
2008.01.17 16:11:14.328,1.9775,1.9778,4.30,0.50
2008.01.17 16:11:14.758,1.97755,1.9778,1.60,0.50
2008.01.17 16:11:15.191,1.9775,1.9778,10.20,0.50
2008.01.17 16:11:15.204,1.9775,1.9778,10.20,0.50
2008.01.17 16:11:15.669,1.9775,1.9778,7.80,5.20
2008.01.17 16:11:16.100,1.9775,1.9778,8.60,1.20
2008.01.17 16:11:16.577,1.97755,1.9778,2.00,0.50
2008.01.17 16:11:16.839,1.9775,1.9778,8.90,0.50
2008.01.17 16:11:17.102,1.9775,1.9778,8.90,0.50
2008.01.17 16:11:17.538,1.9775,1.9778,8.90,0.50
2008.01.17 16:11:17.761,1.97755,1.9778,2.70,0.50
2008.01.17 16:11:17.998,1.97755,1.9778,3.30,0.50
2008.01.17 16:11:18.224,1.97755,1.97775,0.70,0.50
2008.01.17 16:11:18.484,1.9775,1.97775,0.80,2.80
2008.01.17 16:11:18.956,1.9775,1.97775,0.80,2.80
2008.01.17 16:11:19.218,1.9775,1.97775,0.80,0.50
2008.01.17 16:11:19.483,1.97745,1.97775,13.20,5.20
2008.01.17 16:11:19.894,1.97745,1.97775,13.20,5.20
2008.01.17 16:11:20.103,1.9774,1.9777,15.60,0.50
2008.01.17 16:11:20.340,1.97745,1.9777,1.80,0.50
