2008.01.30 06:00:00.003,1.99,1.9903,1.80,2.40
2008.01.30 06:00:00.281,1.99,1.9903,1.80,2.40
2008.01.30 06:00:00.559,1.9901,1.9903,0.80,2.40
2008.01.30 06:00:00.864,1.9901,1.9904,0.80,2.40
2008.01.30 06:00:01.143,1.9901,1.9904,0.90,2.40
2008.01.30 06:00:01.527,1.99,1.9904,4.10,2.40
2008.01.30 06:00:01.839,1.9901,1.9904,1.70,2.40
2008.01.30 06:00:02.188,1.9901,1.9904,1.70,2.40
2008.01.30 06:00:02.854,1.9901,1.9904,1.70,2.40
2008.01.30 06:00:03.519,1.9901,1.9904,1.70,2.40
2008.01.30 06:00:03.851,1.9901,1.9904,1.70,2.40
2008.01.30 06:00:04.182,1.9901,1.9904,1.70,2.40
2008.01.30 06:00:04.514,1.9901,1.9904,1.70,2.40
2008.01.30 06:00:04.905,1.9901,1.9904,1.70,2.40
2008.01.30 06:00:05.235,1.9901,1.9904,1.70,2.40
2008.01.30 06:00:05.428,1.9904,1.9906,0.80,2.40
2008.01.30 06:00:05.606,1.9905,1.9906,2.40,2.40
2008.01.30 06:00:05.947,1.9905,1.9906,2.40,2.20
2008.01.30 06:00:06.278,1.9905,1.9906,4.80,2.20
2008.01.30 06:00:06.609,1.9905,1.9906,4.80,2.20
2008.01.30 06:00:06.864,1.9905,1.9906,4.80,2.20
2008.01.30 06:00:07.273,1.9905,1.9906,4.80,2.20
2008.01.30 06:00:07.940,1.9905,1.9906,4.80,2.20
2008.01.30 06:00:08.601,1.9905,1.9906,4.80,2.20
2008.01.30 06:00:08.933,1.9905,1.9906,4.80,2.20
2008.01.30 06:00:09.266,1.9905,1.9906,4.80,2.20
2008.01.30 06:00:09.598,1.9905,1.9906,4.80,2.20
2008.01.30 06:00:09.839,1.9905,1.9906,4.80,2.20
2008.01.30 06:00:10.007,1.9905,1.9906,2.40,2.20
2008.01.30 06:00:10.295,1.9905,1.9906,2.40,2.20
2008.01.30 06:00:10.627,1.9905,1.9906,2.40,2.20
2008.01.30 06:00:10.957,1.9905,1.9906,2.40,2.20
2008.01.30 06:00:11.290,1.9905,1.9906,2.40,2.20
2008.01.30 06:00:11.621,1.9905,1.9906,2.40,2.20
2008.01.30 06:00:11.954,1.9905,1.9906,2.40,2.20
2008.01.30 06:00:12.287,1.9905,1.9906,2.40,2.20
2008.01.30 06:00:12.620,1.9905,1.9906,2.40,2.20
2008.01.30 06:00:12.897,1.9905,1.9906,2.40,2.20
2008.01.30 06:00:13.176,1.9903,1.9906,0.40,4.60
2008.01.30 06:00:13.632,1.9903,1.9905,0.40,2.40
2008.01.30 06:00:14.034,1.9903,1.9905,0.40,2.40
2008.01.30 06:00:14.405,1.9903,1.9905,0.40,2.40
2008.01.30 06:00:14.657,1.9903,1.9904,0.40,2.40
2008.01.30 06:00:15.068,1.9903,1.9904,0.40,2.40
2008.01.30 06:00:15.400,1.9903,1.9904,0.40,2.40
2008.01.30 06:00:15.731,1.9903,1.9904,0.40,2.40
2008.01.30 06:00:16.065,1.9903,1.9904,0.40,2.40
2008.01.30 06:00:16.314,1.9903,1.9904,0.40,2.40
2008.01.30 06:00:16.482,1.9903,1.9904,0.40,2.40
2008.01.30 06:00:16.800,1.9903,1.9904,0.40,2.40
2008.01.30 06:00:17.206,1.9903,1.9904,0.40,2.40
2008.01.30 06:00:17.524,1.9903,1.9904,0.40,2.40
2008.01.30 06:00:17.930,1.9903,1.9905,0.40,2.40
2008.01.30 06:00:18.260,1.9903,1.9906,0.40,4.60
2008.01.30 06:00:18.730,1.9903,1.9906,0.40,4.60
2008.01.30 06:00:19.063,1.9903,1.9906,0.40,4.60
2008.01.30 06:00:19.250,1.9903,1.9906,0.40,6.20
2008.01.30 06:00:19.726,1.9903,1.9906,0.40,6.20
2008.01.30 06:00:20.128,1.9903,1.9906,0.40,6.20
2008.01.30 06:00:20.458,1.9903,1.9906,0.40,6.20
2008.01.30 06:00:20.789,1.9903,1.9906,0.40,6.20
2008.01.30 06:00:21.120,1.9903,1.9906,0.40,6.20
2008.01.30 06:00:21.453,1.9903,1.9906,0.40,6.20
2008.01.30 06:00:21.730,1.9902,1.9906,4.40,6.20
2008.01.30 06:00:21.783,1.9902,1.9906,4.40,6.20
2008.01.30 06:00:22.115,1.9903,1.9906,0.40,6.20
2008.01.30 06:00:22.447,1.9903,1.9906,0.40,6.20
2008.01.30 06:00:22.779,1.9902,1.9906,4.40,6.20
2008.01.30 06:00:23.111,1.9902,1.9906,4.40,6.20
2008.01.30 06:00:23.443,1.9902,1.9906,4.40,6.20
2008.01.30 06:00:23.775,1.9902,1.9906,4.40,6.20
2008.01.30 06:00:24.107,1.9902,1.9906,4.40,6.20
2008.01.30 06:00:24.511,1.9903,1.9906,0.40,6.20
2008.01.30 06:00:24.772,1.9903,1.9906,0.40,6.20
2008.01.30 06:00:24.959,1.9903,1.9906,0.40,6.20
2008.01.30 06:00:25.436,1.9903,1.9906,0.40,6.20
2008.01.30 06:00:25.768,1.9902,1.9906,4.40,6.20
2008.01.30 06:00:26.101,1.9903,1.9906,0.40,6.20
2008.01.30 06:00:26.431,1.9902,1.9906,4.40,6.20
2008.01.30 06:00:26.764,1.9903,1.9906,0.40,6.20
2008.01.30 06:00:27.142,1.9902,1.9906,4.40,6.20
2008.01.30 06:00:27.474,1.9902,1.9906,4.40,6.20
2008.01.30 06:00:27.653,1.9902,1.9906,4.40,6.20
2008.01.30 06:00:28.015,1.9901,1.9906,3.10,6.20
2008.01.30 06:00:28.470,1.9902,1.9906,1.00,6.20
2008.01.30 06:00:28.803,1.9902,1.9906,1.40,6.20
2008.01.30 06:00:29.126,1.99,1.9906,19.10,6.20
2008.01.30 06:00:29.467,1.99,1.9906,19.10,6.20
2008.01.30 06:00:29.799,1.99,1.9906,19.10,6.20
2008.01.30 06:00:30.132,1.9902,1.9906,1.60,6.20
2008.01.30 06:00:30.463,1.99,1.9906,19.10,6.20
2008.01.30 06:00:30.795,1.99,1.9906,19.10,6.20
2008.01.30 06:00:31.128,1.9902,1.9906,1.00,6.20
2008.01.30 06:00:31.459,1.9902,1.9906,1.20,6.20
2008.01.30 06:00:31.792,1.99,1.9906,19.10,6.20
2008.01.30 06:00:31.978,1.99,1.9906,19.10,6.20
2008.01.30 06:00:32.455,1.9902,1.9906,1.00,6.20
2008.01.30 06:00:32.788,1.99,1.9906,19.10,6.20
2008.01.30 06:00:33.121,1.99,1.9906,19.10,6.20
2008.01.30 06:00:33.785,1.99,1.9906,19.10,6.20
2008.01.30 06:00:34.118,1.9902,1.9906,2.90,6.20
2008.01.30 06:00:34.448,1.9902,1.9906,2.90,6.20
2008.01.30 06:00:34.780,1.9902,1.9906,2.90,6.20
2008.01.30 06:00:35.112,1.9902,1.9906,2.90,6.20
2008.01.30 06:00:35.445,1.9903,1.9906,0.40,6.20
2008.01.30 06:00:35.813,1.9903,1.9906,0.40,6.20
2008.01.30 06:00:36.145,1.9903,1.9906,0.40,6.20
2008.01.30 06:00:36.476,1.9903,1.9906,0.40,6.20
2008.01.30 06:00:36.856,1.9903,1.9906,0.40,6.20
2008.01.30 06:00:37.188,1.9903,1.9906,0.40,6.20
2008.01.30 06:00:37.852,1.9903,1.9906,0.40,6.20
2008.01.30 06:00:38.574,1.9903,1.9906,0.40,6.20
2008.01.30 06:00:38.906,1.9902,1.9906,2.90,6.20
2008.01.30 06:00:39.236,1.9902,1.9906,2.90,6.20
2008.01.30 06:00:39.614,1.9902,1.9906,2.90,6.20
2008.01.30 06:00:39.945,1.9903,1.9906,0.40,6.20
2008.01.30 06:00:40.276,1.9902,1.9906,2.90,6.20
2008.01.30 06:00:40.609,1.9902,1.9906,2.90,6.20
2008.01.30 06:00:40.941,1.9902,1.9906,2.90,6.20
2008.01.30 06:00:41.272,1.9903,1.9906,0.40,6.20
2008.01.30 06:00:41.604,1.9902,1.9906,2.90,6.20
2008.01.30 06:00:41.974,1.9903,1.9906,0.40,6.20
2008.01.30 06:00:42.347,1.9903,1.9906,0.40,6.20
2008.01.30 06:00:42.678,1.9903,1.9906,0.40,6.20
2008.01.30 06:00:43.009,1.9902,1.9906,2.90,6.20
2008.01.30 06:00:43.342,1.9903,1.9906,0.40,6.20
2008.01.30 06:00:43.673,1.9903,1.9906,0.40,6.20
2008.01.30 06:00:44.006,1.9903,1.9906,0.40,6.20
2008.01.30 06:00:44.337,1.9902,1.9906,2.90,6.20
2008.01.30 06:00:44.669,1.9902,1.9906,2.90,6.20
2008.01.30 06:00:45.001,1.9903,1.9906,0.40,6.20
2008.01.30 06:00:45.333,1.9903,1.9906,0.40,6.20
2008.01.30 06:00:45.707,1.9902,1.9906,2.90,6.20
2008.01.30 06:00:46.099,1.9902,1.9906,2.90,6.20
2008.01.30 06:00:46.430,1.9902,1.9906,2.90,6.20
2008.01.30 06:00:46.762,1.9902,1.9906,2.90,6.20
2008.01.30 06:00:47.094,1.9902,1.9906,2.90,6.20
2008.01.30 06:00:47.425,1.9902,1.9906,2.90,6.20
2008.01.30 06:00:47.806,1.9902,1.9906,2.90,6.20
2008.01.30 06:00:48.136,1.9902,1.9906,2.90,6.20
2008.01.30 06:00:48.511,1.9903,1.9905,0.40,18.40
2008.01.30 06:00:48.623,1.9903,1.9904,0.40,6.40
2008.01.30 06:00:48.812,1.9903,1.9904,0.40,9.60
2008.01.30 06:00:49.119,1.9903,1.9904,0.40,12.00
2008.01.30 06:00:49.536,1.9903,1.9904,0.40,12.00
2008.01.30 06:00:49.838,1.9903,1.9904,0.40,13.60
2008.01.30 06:00:50.142,1.9903,1.9904,0.40,13.60
2008.01.30 06:00:50.531,1.9903,1.9904,0.40,13.60
2008.01.30 06:00:50.683,1.9903,1.9904,0.40,14.40
2008.01.30 06:00:50.870,1.9903,1.9904,0.40,14.40
2008.01.30 06:00:51.251,1.9903,1.9904,0.40,14.40
2008.01.30 06:00:51.498,1.9901,1.9904,0.20,14.40
2008.01.30 06:00:51.919,1.9901,1.9904,0.20,14.40
2008.01.30 06:00:52.300,1.9901,1.9904,0.20,14.40
2008.01.30 06:00:52.632,1.9901,1.9904,0.20,14.40
2008.01.30 06:00:52.964,1.9901,1.9904,0.20,14.40
2008.01.30 06:00:53.257,1.9901,1.9904,0.20,14.40
2008.01.30 06:00:53.629,1.9901,1.9904,0.20,14.40
2008.01.30 06:00:53.961,1.9901,1.9904,0.20,14.40
2008.01.30 06:00:54.323,1.9901,1.9904,0.20,14.40
2008.01.30 06:00:54.654,1.9901,1.9904,0.20,14.40
2008.01.30 06:00:55.053,1.9901,1.9904,0.20,14.40
2008.01.30 06:00:55.384,1.9901,1.9904,0.20,14.40
2008.01.30 06:00:55.716,1.9901,1.9904,0.20,14.40
2008.01.30 06:00:56.082,1.9901,1.9904,0.20,14.40
2008.01.30 06:00:56.479,1.9901,1.9904,0.20,14.40
2008.01.30 06:00:56.810,1.9901,1.9904,0.20,14.40
2008.01.30 06:00:57.143,1.9901,1.9904,0.20,14.40
2008.01.30 06:00:57.507,1.9901,1.9904,0.20,14.40
2008.01.30 06:00:57.837,1.9901,1.9904,0.20,14.40
2008.01.30 06:00:57.977,1.9901,1.9904,0.20,0.60
2008.01.30 06:00:58.170,1.9901,1.9905,0.20,34.40
2008.01.30 06:00:58.501,1.9901,1.9905,0.20,34.40
2008.01.30 06:00:58.833,1.9901,1.9904,0.20,0.60
2008.01.30 06:00:59.164,1.9901,1.9905,0.20,34.40
2008.01.30 06:00:59.495,1.9901,1.9905,0.20,34.40
2008.01.30 06:00:59.826,1.9901,1.9905,0.20,34.40
2008.01.30 06:01:00.157,1.9901,1.9904,0.20,0.90
2008.01.30 06:01:00.490,1.9901,1.9904,0.20,0.60
2008.01.30 06:01:00.822,1.9901,1.9905,0.20,34.40
2008.01.30 06:01:01.009,1.9901,1.9905,0.20,34.40
2008.01.30 06:01:01.184,1.9901,1.9903,0.20,0.90
2008.01.30 06:01:01.322,1.9901,1.9903,0.20,0.70
2008.01.30 06:01:01.515,1.9901,1.9904,0.20,22.40
2008.01.30 06:01:01.848,1.9901,1.9903,0.20,0.90
2008.01.30 06:01:02.179,1.9901,1.9904,0.20,22.40
2008.01.30 06:01:02.512,1.9901,1.9904,0.20,22.40
2008.01.30 06:01:02.843,1.9901,1.9904,0.20,22.40
2008.01.30 06:01:03.174,1.9901,1.9903,0.20,0.50
2008.01.30 06:01:03.838,1.9901,1.9904,0.20,22.40
2008.01.30 06:01:04.525,1.9901,1.9904,0.20,22.40
2008.01.30 06:01:04.934,1.9901,1.9904,0.20,22.40
2008.01.30 06:01:05.191,1.9901,1.9903,0.20,0.80
2008.01.30 06:01:05.524,1.9901,1.9904,0.20,22.40
2008.01.30 06:01:05.856,1.9901,1.9904,0.20,22.40
2008.01.30 06:01:06.188,1.9901,1.9903,0.20,0.50
2008.01.30 06:01:06.521,1.9901,1.9904,0.20,22.40
2008.01.30 06:01:06.924,1.9901,1.9903,0.20,0.60
2008.01.30 06:01:07.255,1.9901,1.9903,0.20,0.90
2008.01.30 06:01:07.588,1.9901,1.9903,0.20,0.90
2008.01.30 06:01:07.920,1.9901,1.9903,0.20,0.50
2008.01.30 06:01:08.253,1.9901,1.9903,0.20,0.50
2008.01.30 06:01:08.916,1.9901,1.9904,0.20,22.40
2008.01.30 06:01:09.578,1.9901,1.9904,0.20,22.40
2008.01.30 06:01:09.910,1.9901,1.9903,0.20,0.80
2008.01.30 06:01:10.242,1.9901,1.9904,0.20,22.40
2008.01.30 06:01:10.573,1.9901,1.9903,0.20,0.60
2008.01.30 06:01:10.905,1.9901,1.9903,0.20,0.50
2008.01.30 06:01:11.237,1.9901,1.9904,0.20,22.40
2008.01.30 06:01:11.568,1.9901,1.9904,0.20,22.40
2008.01.30 06:01:11.899,1.9901,1.9904,0.20,22.40
2008.01.30 06:01:12.232,1.9901,1.9903,0.20,0.70
2008.01.30 06:01:12.968,1.9901,1.9904,0.20,22.40
2008.01.30 06:01:13.629,1.9901,1.9904,0.20,22.40
2008.01.30 06:01:13.963,1.9901,1.9904,0.20,22.40
2008.01.30 06:01:14.296,1.9901,1.9904,0.20,22.40
2008.01.30 06:01:14.653,1.9901,1.9903,0.20,0.60
2008.01.30 06:01:14.984,1.9901,1.9904,0.20,22.40
2008.01.30 06:01:15.317,1.9901,1.9903,0.20,0.80
2008.01.30 06:01:15.597,1.9901,1.9904,0.20,0.50
2008.01.30 06:01:15.835,1.9901,1.9904,0.20,16.80
2008.01.30 06:01:16.324,1.9901,1.9904,0.20,16.80
2008.01.30 06:01:16.655,1.9901,1.9904,0.20,16.80
2008.01.30 06:01:16.983,1.9901,1.9904,0.20,16.80
2008.01.30 06:01:17.319,1.9901,1.9904,0.20,16.80
2008.01.30 06:01:17.652,1.9901,1.99035,0.20,0.70
2008.01.30 06:01:18.314,1.9901,1.99035,0.20,0.60
2008.01.30 06:01:18.647,1.9901,1.99035,0.20,9.40
2008.01.30 06:01:18.840,1.99,1.99035,9.20,10.20
2008.01.30 06:01:18.975,1.99,1.99035,9.20,10.20
2008.01.30 06:01:19.109,1.99,1.99035,9.20,12.60
2008.01.30 06:01:19.308,1.99,1.99035,9.20,12.60
2008.01.30 06:01:19.668,1.99,1.9903,9.20,0.80
2008.01.30 06:01:20.000,1.99,1.9903,9.20,0.90
2008.01.30 06:01:20.331,1.99,1.99035,9.20,12.60
2008.01.30 06:01:20.664,1.99,1.9903,9.20,0.60
2008.01.30 06:01:20.995,1.99,1.99035,9.20,12.60
2008.01.30 06:01:21.350,1.99,1.9903,9.20,0.80
2008.01.30 06:01:21.678,1.99,1.99035,9.20,12.60
2008.01.30 06:01:21.983,1.99,1.99035,9.20,12.60
2008.01.30 06:01:22.345,1.99,1.99035,9.20,12.60
2008.01.30 06:01:22.594,1.99005,1.9903,0.60,0.80
2008.01.30 06:01:22.927,1.9901,1.9904,0.20,16.80
2008.01.30 06:01:23.343,1.9901,1.9904,0.20,16.80
2008.01.30 06:01:24.063,1.9901,1.99035,0.20,0.90
2008.01.30 06:01:24.393,1.9901,1.9904,0.20,16.80
2008.01.30 06:01:24.542,1.9901,1.9904,0.20,29.40
2008.01.30 06:01:24.796,1.99,1.99035,9.10,10.20
2008.01.30 06:01:25.058,1.99,1.99035,9.20,10.20
2008.01.30 06:01:25.390,1.99,1.99035,9.20,12.60
2008.01.30 06:01:25.720,1.99,1.99035,9.20,12.60
2008.01.30 06:01:26.052,1.99,1.99035,9.20,12.60
2008.01.30 06:01:26.422,1.99005,1.9903,0.60,0.60
2008.01.30 06:01:26.555,1.99005,1.9903,0.60,5.60
2008.01.30 06:01:26.689,1.99005,1.9903,0.60,4.00
2008.01.30 06:01:26.887,1.9901,1.99035,0.20,3.20
2008.01.30 06:01:27.090,1.9901,1.99035,0.20,3.20
2008.01.30 06:01:27.422,1.9901,1.99035,0.20,3.20
2008.01.30 06:01:27.815,1.9901,1.99035,0.20,3.20
2008.01.30 06:01:28.493,1.9901,1.99035,0.20,3.20
2008.01.30 06:01:29.229,1.9901,1.99035,0.20,3.20
2008.01.30 06:01:29.592,1.9901,1.99035,0.20,3.20
2008.01.30 06:01:29.924,1.9901,1.99035,0.20,3.20
2008.01.30 06:01:30.255,1.9901,1.99035,0.20,3.20
2008.01.30 06:01:30.588,1.9901,1.99035,0.20,3.20
2008.01.30 06:01:30.876,1.9901,1.99035,0.60,3.80
2008.01.30 06:01:31.140,1.9901,1.9903,0.60,1.60
2008.01.30 06:01:31.402,1.9901,1.9903,0.60,1.60
2008.01.30 06:01:31.846,1.9901,1.9903,0.60,1.60
2008.01.30 06:01:32.113,1.9902,1.9903,0.30,1.60
2008.01.30 06:01:32.581,1.9902,1.9903,0.30,1.60
2008.01.30 06:01:32.850,1.9902,1.9903,0.30,1.60
2008.01.30 06:01:33.028,1.9902,1.9903,0.30,1.60
2008.01.30 06:01:33.362,1.9902,1.9903,0.30,6.40
2008.01.30 06:01:33.695,1.9902,1.9903,0.30,8.80
2008.01.30 06:01:34.110,1.9902,1.9903,0.30,8.80
2008.01.30 06:01:34.311,1.9902,1.9903,0.30,8.80
2008.01.30 06:01:34.489,1.9902,1.9903,0.30,8.80
2008.01.30 06:01:34.976,1.9902,1.9903,0.30,8.80
2008.01.30 06:01:35.382,1.9902,1.9903,0.30,8.80
2008.01.30 06:01:35.639,1.9902,1.9903,0.30,8.80
2008.01.30 06:01:35.972,1.9902,1.9903,0.30,8.80
2008.01.30 06:01:36.224,1.9902,1.9903,0.30,8.80
2008.01.30 06:01:36.635,1.9902,1.9903,0.30,8.80
2008.01.30 06:01:37.020,1.9902,1.9903,0.30,8.80
2008.01.30 06:01:37.425,1.9902,1.9903,0.30,8.80
2008.01.30 06:01:37.757,1.9902,1.9903,0.30,8.80
2008.01.30 06:01:38.089,1.9902,1.9903,0.30,8.80
2008.01.30 06:01:38.504,1.9902,1.9903,0.30,8.80
2008.01.30 06:01:38.596,1.9902,1.9903,0.30,8.80
2008.01.30 06:01:39.085,1.9902,1.9903,0.30,8.80
2008.01.30 06:01:39.416,1.9902,1.9903,0.30,8.80
2008.01.30 06:01:39.748,1.9902,1.9903,0.30,8.80
2008.01.30 06:01:40.080,1.9902,1.9903,0.30,8.80
2008.01.30 06:01:40.301,1.9902,1.9903,0.30,8.80
2008.01.30 06:01:40.629,1.9902,1.9903,0.30,0.80
2008.01.30 06:01:40.957,1.9902,1.9903,0.30,4.80
2008.01.30 06:01:41.409,1.9902,1.9903,0.30,4.80
2008.01.30 06:01:41.740,1.9901,1.9903,3.80,4.80
2008.01.30 06:01:42.003,1.9901,1.9903,3.80,4.80
2008.01.30 06:01:42.404,1.9902,1.9903,0.30,4.80
2008.01.30 06:01:42.735,1.9901,1.9903,3.80,4.80
2008.01.30 06:01:43.068,1.9902,1.9903,0.30,4.80
2008.01.30 06:01:43.399,1.9902,1.9903,0.30,4.80
2008.01.30 06:01:43.731,1.9901,1.9903,3.80,4.80
2008.01.30 06:01:44.104,1.9902,1.9903,0.30,4.80
2008.01.30 06:01:44.436,1.9901,1.9903,3.80,4.80
2008.01.30 06:01:44.768,1.9901,1.9903,3.80,4.80
2008.01.30 06:01:45.100,1.9901,1.9903,3.80,4.80
2008.01.30 06:01:45.432,1.9902,1.9903,0.30,4.80
2008.01.30 06:01:45.764,1.9901,1.9903,3.80,4.80
2008.01.30 06:01:46.096,1.9902,1.9903,0.30,4.80
2008.01.30 06:01:46.490,1.9901,1.9903,3.80,4.80
2008.01.30 06:01:46.801,1.9902,1.9903,0.50,4.80
2008.01.30 06:01:47.017,1.9902,1.9903,0.30,4.80
2008.01.30 06:01:47.485,1.9901,1.9903,3.80,4.80
2008.01.30 06:01:47.818,1.9901,1.9903,3.80,4.80
2008.01.30 06:01:48.149,1.9901,1.9903,3.80,4.80
2008.01.30 06:01:50.345,1.9902,1.9903,0.30,4.80
2008.01.30 06:01:50.713,1.9901,1.9903,3.80,4.80
2008.01.30 06:01:50.837,1.9902,1.9903,0.30,4.80
2008.01.30 06:01:50.964,1.9902,1.9903,0.30,4.80
2008.01.30 06:01:51.000,1.9902,1.9903,0.30,3.20
2008.01.30 06:01:51.333,1.99005,1.99035,3.80,3.10
2008.01.30 06:01:51.666,1.9903,1.99035,0.20,3.10
2008.01.30 06:01:52.001,1.9902,1.9903,0.30,3.10
2008.01.30 06:01:52.433,1.9902,1.9903,0.30,3.10
2008.01.30 06:01:52.765,1.9902,1.9903,0.30,3.10
2008.01.30 06:01:52.878,1.9902,1.9903,0.30,3.10
2008.01.30 06:01:53.097,1.9902,1.9903,0.30,3.10
2008.01.30 06:01:53.812,1.9902,1.9903,0.30,3.10
2008.01.30 06:01:54.475,1.9902,1.9903,0.30,3.10
2008.01.30 06:01:56.247,1.9903,1.9904,0.20,27.80
2008.01.30 06:01:56.311,1.9902,1.9903,0.30,0.60
2008.01.30 06:01:56.574,1.9902,1.9903,0.30,0.70
2008.01.30 06:01:56.905,1.9902,1.9903,0.30,0.90
2008.01.30 06:01:57.116,1.9902,1.9903,0.30,0.50
2008.01.30 06:01:57.306,1.9902,1.9903,0.30,0.90
2008.01.30 06:01:57.639,1.9902,1.9903,0.30,0.70
2008.01.30 06:01:58.036,1.9902,1.9903,0.30,0.70
2008.01.30 06:01:58.369,1.99005,1.9904,3.80,16.50
2008.01.30 06:01:58.696,1.99005,1.9904,3.80,16.50
2008.01.30 06:01:59.028,1.9902,1.99035,0.30,0.90
2008.01.30 06:01:59.361,1.99005,1.9904,3.80,16.50
2008.01.30 06:01:59.694,1.99005,1.9904,3.80,16.50
2008.01.30 06:02:00.039,1.99005,1.9904,3.80,16.50
2008.01.30 06:02:00.371,1.9902,1.99035,0.30,0.80
2008.01.30 06:02:00.704,1.99005,1.9904,3.80,16.50
2008.01.30 06:02:00.867,1.9902,1.99035,0.30,0.60
2008.01.30 06:02:01.031,1.9902,1.99035,0.30,0.50
2008.01.30 06:02:01.369,1.9902,1.99035,0.30,0.80
2008.01.30 06:02:01.723,1.99005,1.9904,3.80,16.60
2008.01.30 06:02:02.046,1.99005,1.9904,3.80,16.60
2008.01.30 06:02:02.387,1.9902,1.99035,0.30,0.90
2008.01.30 06:02:03.122,1.9902,1.99035,0.30,0.70
2008.01.30 06:02:03.713,1.99005,1.9904,3.80,16.60
2008.01.30 06:02:04.045,1.9902,1.99035,0.30,0.90
2008.01.30 06:02:04.234,1.9902,1.9903,0.30,0.50
2008.01.30 06:02:04.457,1.9902,1.9903,0.30,0.50
2008.01.30 06:02:04.669,1.9902,1.9903,0.30,0.70
2008.01.30 06:02:04.909,1.9902,1.9903,0.30,0.90
2008.01.30 06:02:05.186,1.9902,1.9903,0.30,0.50
2008.01.30 06:02:05.425,1.9902,1.9903,0.30,0.90
2008.01.30 06:02:05.794,1.9902,1.9903,0.30,0.90
2008.01.30 06:02:06.053,1.9902,1.9903,0.30,0.70
2008.01.30 06:02:06.385,1.9902,1.9903,0.30,0.90
2008.01.30 06:02:06.717,1.9902,1.9903,0.30,0.50
2008.01.30 06:02:07.050,1.9902,1.9903,0.30,0.80
2008.01.30 06:02:07.383,1.9902,1.9903,0.30,0.50
2008.01.30 06:02:07.715,1.9902,1.9903,0.30,0.80
2008.01.30 06:02:08.047,1.9902,1.9903,0.30,0.90
2008.01.30 06:02:08.379,1.9902,1.9903,0.30,0.50
2008.01.30 06:02:08.775,1.9902,1.9903,0.30,0.70
2008.01.30 06:02:09.106,1.9902,1.99035,0.30,12.60
2008.01.30 06:02:09.440,1.9902,1.99035,0.30,12.60
2008.01.30 06:02:09.772,1.9902,1.9903,0.30,0.80
2008.01.30 06:02:09.974,1.9902,1.99035,0.30,12.60
2008.01.30 06:02:10.227,1.9902,1.9903,0.30,0.60
2008.01.30 06:02:10.436,1.9901,1.99035,2.40,12.60
2008.01.30 06:02:10.769,1.9901,1.9903,2.40,0.50
2008.01.30 06:02:11.019,1.9901,1.9903,2.40,0.60
2008.01.30 06:02:11.268,1.9901,1.9903,2.40,0.60
2008.01.30 06:02:11.516,1.9901,1.99035,2.40,10.40
2008.01.30 06:02:11.827,1.9901,1.9903,4.80,0.90
2008.01.30 06:02:12.078,1.9901,1.99035,4.80,10.40
2008.01.30 06:02:12.223,1.9901,1.9903,4.80,0.70
2008.01.30 06:02:12.505,1.9901,1.9903,4.80,0.50
2008.01.30 06:02:12.838,1.9901,1.99035,4.80,8.00
2008.01.30 06:02:13.243,1.9901,1.99035,4.80,8.00
2008.01.30 06:02:13.501,1.9901,1.99035,4.80,8.00
2008.01.30 06:02:13.833,1.9901,1.9903,4.80,0.70
2008.01.30 06:02:14.166,1.9901,1.9903,4.80,0.70
2008.01.30 06:02:14.497,1.9901,1.99035,4.80,8.00
2008.01.30 06:02:14.828,1.9901,1.9903,4.80,0.80
2008.01.30 06:02:15.190,1.9901,1.99035,4.80,8.00
2008.01.30 06:02:15.520,1.9901,1.99035,4.80,8.00
2008.01.30 06:02:15.853,1.9901,1.9903,4.80,0.80
2008.01.30 06:02:16.057,1.99015,1.99035,2.40,0.70
2008.01.30 06:02:16.264,1.99015,1.9904,2.40,18.40
2008.01.30 06:02:16.516,1.99015,1.9904,2.40,18.40
2008.01.30 06:02:16.722,1.99015,1.99035,2.40,11.80
2008.01.30 06:02:16.923,1.9901,1.9903,3.20,0.70
2008.01.30 06:02:17.181,1.9901,1.9903,2.40,0.50
2008.01.30 06:02:17.514,1.9901,1.99035,2.40,12.60
2008.01.30 06:02:17.846,1.9901,1.99035,2.40,12.60
2008.01.30 06:02:18.178,1.9901,1.99035,2.40,12.60
2008.01.30 06:02:18.840,1.9901,1.99035,2.40,12.60
2008.01.30 06:02:19.175,1.99015,1.9903,2.40,0.80
2008.01.30 06:02:19.274,1.99015,1.9904,2.40,16.80
2008.01.30 06:02:19.504,1.99015,1.9904,2.40,16.80
2008.01.30 06:02:19.833,1.99015,1.9904,2.40,16.80
2008.01.30 06:02:20.165,1.99015,1.99035,2.40,0.60
2008.01.30 06:02:20.567,1.99015,1.9904,2.40,16.80
2008.01.30 06:02:20.900,1.99015,1.99035,2.40,0.90
2008.01.30 06:02:21.232,1.99015,1.99035,2.40,0.90
2008.01.30 06:02:21.502,1.99015,1.9904,2.40,16.80
2008.01.30 06:02:21.626,1.99005,1.9904,3.50,16.80
2008.01.30 06:02:21.980,1.99005,1.99035,3.50,0.90
2008.01.30 06:02:22.098,1.99005,1.99035,3.50,0.90
2008.01.30 06:02:22.640,1.99005,1.9904,3.50,16.80
2008.01.30 06:02:22.972,1.99005,1.99035,3.50,0.80
2008.01.30 06:02:23.303,1.99005,1.9904,3.50,16.80
2008.01.30 06:02:23.635,1.99005,1.9904,3.50,16.80
2008.01.30 06:02:24.039,1.99005,1.99035,3.50,0.80
2008.01.30 06:02:24.299,1.99005,1.99035,3.50,0.80
2008.01.30 06:02:24.631,1.99005,1.9904,3.50,16.80
2008.01.30 06:02:24.964,1.99005,1.9904,3.50,16.80
2008.01.30 06:02:25.297,1.99005,1.9904,3.50,16.80
2008.01.30 06:02:25.627,1.99005,1.99035,3.50,0.50
2008.01.30 06:02:25.934,1.99005,1.9904,3.50,16.80
2008.01.30 06:02:26.293,1.99005,1.9904,3.50,16.80
2008.01.30 06:02:26.627,1.99005,1.9904,3.50,16.80
2008.01.30 06:02:26.957,1.99005,1.99035,3.50,0.80
2008.01.30 06:02:27.128,1.99015,1.9904,2.40,16.80
2008.01.30 06:02:27.295,1.99015,1.9904,2.40,16.80
2008.01.30 06:02:27.953,1.99015,1.9904,2.40,16.80
2008.01.30 06:02:28.618,1.99015,1.9904,2.40,16.80
2008.01.30 06:02:28.950,1.99015,1.9904,2.40,16.80
2008.01.30 06:02:29.283,1.99015,1.99035,2.40,0.80
2008.01.30 06:02:29.436,1.99015,1.99035,2.40,0.90
2008.01.30 06:02:29.948,1.99015,1.99035,2.40,0.80
2008.01.30 06:02:30.280,1.99015,1.9904,2.40,16.80
2008.01.30 06:02:30.612,1.99015,1.9904,2.40,16.80
2008.01.30 06:02:30.943,1.99015,1.9904,2.40,16.80
2008.01.30 06:02:31.275,1.99015,1.9904,2.40,16.80
2008.01.30 06:02:31.608,1.99015,1.9904,2.40,16.80
2008.01.30 06:02:31.941,1.99015,1.99035,2.40,0.80
2008.01.30 06:02:32.099,1.99015,1.99035,2.40,0.50
2008.01.30 06:02:32.274,1.99015,1.99035,2.40,0.50
2008.01.30 06:02:32.605,1.99015,1.99035,2.40,0.60
2008.01.30 06:02:33.116,1.99015,1.99035,2.40,4.80
2008.01.30 06:02:33.452,1.99005,1.9903,2.40,12.80
2008.01.30 06:02:33.933,1.99005,1.9903,2.40,12.80
2008.01.30 06:02:34.323,1.99005,1.99025,2.40,0.50
2008.01.30 06:02:34.655,1.99005,1.99025,2.40,0.70
2008.01.30 06:02:34.986,1.99005,1.9903,2.40,12.80
2008.01.30 06:02:35.319,1.99005,1.9903,2.40,12.80
2008.01.30 06:02:35.650,1.99005,1.99025,2.40,0.60
2008.01.30 06:02:35.982,1.99005,1.9903,2.40,12.80
2008.01.30 06:02:36.314,1.99005,1.9903,2.40,12.80
2008.01.30 06:02:36.646,1.99005,1.99025,2.40,0.60
2008.01.30 06:02:36.978,1.99005,1.9903,2.40,12.80
2008.01.30 06:02:37.310,1.99005,1.99025,2.40,0.60
2008.01.30 06:02:37.673,1.99005,1.99025,2.40,0.80
2008.01.30 06:02:38.005,1.99005,1.99025,2.40,0.50
2008.01.30 06:02:38.379,1.99005,1.9903,2.40,12.80
2008.01.30 06:02:38.711,1.99005,1.9903,2.40,12.80
2008.01.30 06:02:39.044,1.99005,1.9903,2.40,12.80
2008.01.30 06:02:39.376,1.99005,1.9903,2.40,12.80
2008.01.30 06:02:39.708,1.99005,1.99025,2.40,0.50
2008.01.30 06:02:40.039,1.99005,1.9903,2.40,12.80
2008.01.30 06:02:40.371,1.99005,1.99025,2.40,0.50
2008.01.30 06:02:40.703,1.99005,1.9903,2.40,12.80
2008.01.30 06:02:41.035,1.99005,1.99025,2.40,0.80
2008.01.30 06:02:41.320,1.99005,1.9902,2.40,0.70
2008.01.30 06:02:41.699,1.99005,1.9902,2.40,0.70
2008.01.30 06:02:42.031,1.99005,1.9902,2.40,0.80
2008.01.30 06:02:42.363,1.99005,1.99025,2.40,9.60
2008.01.30 06:02:42.694,1.99005,1.99025,2.40,9.60
2008.01.30 06:02:43.026,1.99005,1.99025,2.40,9.60
2008.01.30 06:02:43.349,1.99015,1.9903,2.40,7.30
2008.01.30 06:02:43.672,1.99015,1.99035,2.40,5.60
2008.01.30 06:02:44.022,1.99015,1.99035,2.40,5.60
2008.01.30 06:02:44.274,1.99015,1.99035,2.40,5.60
2008.01.30 06:02:44.424,1.99015,1.99035,2.40,5.60
2008.01.30 06:02:44.687,1.99015,1.99035,2.40,5.60
2008.01.30 06:02:45.018,1.99015,1.99035,2.40,5.60
2008.01.30 06:02:45.351,1.99015,1.99035,2.40,5.60
2008.01.30 06:02:45.683,1.99015,1.9903,2.40,0.60
2008.01.30 06:02:46.014,1.99015,1.9903,2.40,0.70
2008.01.30 06:02:46.346,1.99015,1.9903,2.40,0.50
2008.01.30 06:02:46.677,1.99015,1.99035,2.40,5.60
2008.01.30 06:02:47.009,1.99015,1.99035,2.40,5.60
2008.01.30 06:02:47.341,1.99015,1.99035,2.40,5.60
2008.01.30 06:02:47.673,1.99015,1.9903,2.40,2.40
2008.01.30 06:02:48.005,1.99015,1.9903,2.40,2.40
2008.01.30 06:02:48.337,1.99015,1.9903,2.40,2.40
2008.01.30 06:02:49.030,1.99015,1.9903,2.40,2.40
2008.01.30 06:02:49.427,1.99015,1.9903,2.40,2.40
2008.01.30 06:02:49.758,1.99015,1.9903,2.40,2.40
2008.01.30 06:02:50.090,1.99015,1.9903,2.40,2.40
2008.01.30 06:02:50.473,1.99015,1.9903,2.40,2.40
2008.01.30 06:02:50.695,1.9901,1.9903,0.80,2.40
2008.01.30 06:02:50.917,1.99005,1.9903,3.50,2.40
2008.01.30 06:02:51.229,1.99005,1.9903,3.50,2.40
2008.01.30 06:02:51.482,1.99005,1.9903,3.50,2.40
2008.01.30 06:02:51.952,1.99005,1.9903,3.50,2.40
2008.01.30 06:02:52.265,1.9901,1.9903,0.80,2.40
2008.01.30 06:02:52.534,1.99015,1.9903,2.40,2.40
2008.01.30 06:02:52.803,1.99005,1.9903,3.50,2.40
2008.01.30 06:02:53.280,1.99005,1.9903,3.50,2.40
2008.01.30 06:02:53.608,1.99005,1.9903,3.50,2.40
2008.01.30 06:02:53.937,1.9901,1.9903,0.60,4.00
2008.01.30 06:02:54.276,1.9901,1.9903,0.60,4.00
2008.01.30 06:02:54.449,1.9901,1.9903,3.50,7.20
2008.01.30 06:02:54.695,1.9901,1.9903,0.60,4.00
2008.01.30 06:02:54.890,1.9901,1.9903,0.60,4.00
2008.01.30 06:02:55.063,1.9901,1.9903,0.60,1.60
2008.01.30 06:02:55.344,1.9901,1.9903,0.60,1.60
2008.01.30 06:02:55.604,1.9901,1.9903,0.60,1.60
2008.01.30 06:02:55.935,1.9901,1.9903,0.60,1.60
2008.01.30 06:02:56.268,1.9901,1.9903,0.60,1.60
2008.01.30 06:02:56.600,1.9901,1.9903,0.60,1.60
2008.01.30 06:02:56.933,1.9901,1.9903,0.60,1.60
2008.01.30 06:02:57.144,1.9901,1.9903,0.60,1.60
2008.01.30 06:02:57.596,1.9901,1.9903,0.60,1.60
2008.01.30 06:02:58.259,1.9901,1.9903,0.60,1.60
2008.01.30 06:02:58.659,1.99005,1.9903,3.50,1.60
2008.01.30 06:02:58.838,1.99005,1.9903,3.50,1.60
2008.01.30 06:02:58.976,1.9901,1.9903,3.00,3.20
2008.01.30 06:02:59.395,1.9901,1.9903,3.00,3.20
2008.01.30 06:02:59.727,1.9901,1.9903,3.00,3.20
2008.01.30 06:03:00.060,1.9901,1.9903,3.00,3.20
2008.01.30 06:03:00.313,1.9901,1.9903,3.00,8.70
2008.01.30 06:03:00.727,1.9901,1.9903,3.00,8.70
2008.01.30 06:03:00.958,1.99,1.9903,11.50,11.90
2008.01.30 06:03:01.390,1.99,1.9903,11.50,11.90
2008.01.30 06:03:01.723,1.99,1.9903,11.50,11.90
2008.01.30 06:03:02.055,1.99,1.9903,11.50,11.90
2008.01.30 06:03:02.387,1.99,1.9903,11.50,11.90
2008.01.30 06:03:02.556,1.99,1.99035,11.50,12.50
2008.01.30 06:03:03.051,1.99,1.99035,11.50,12.50
2008.01.30 06:03:03.716,1.99,1.9903,11.50,0.70
2008.01.30 06:03:03.880,1.99005,1.9903,0.60,0.90
2008.01.30 06:03:04.075,1.99005,1.9903,3.50,12.50
2008.01.30 06:03:04.406,1.99005,1.9903,3.50,12.50
2008.01.30 06:03:04.737,1.99005,1.9903,3.50,12.50
2008.01.30 06:03:05.072,1.99005,1.99025,3.50,0.60
2008.01.30 06:03:05.404,1.99005,1.9903,3.50,12.50
2008.01.30 06:03:05.736,1.99005,1.9903,3.50,12.50
2008.01.30 06:03:06.068,1.99005,1.9903,3.50,12.50
2008.01.30 06:03:06.399,1.99005,1.99025,3.50,0.70
2008.01.30 06:03:06.731,1.99005,1.9903,3.50,12.50
2008.01.30 06:03:07.061,1.99005,1.9903,3.50,12.50
2008.01.30 06:03:07.395,1.99005,1.99025,3.50,0.80
2008.01.30 06:03:07.725,1.99005,1.9903,3.50,12.50
2008.01.30 06:03:08.387,1.99005,1.99025,3.50,0.70
2008.01.30 06:03:08.743,1.99005,1.9903,3.50,12.50
2008.01.30 06:03:08.828,1.99005,1.9903,3.50,12.60
2008.01.30 06:03:09.073,1.99005,1.9903,3.50,12.60
2008.01.30 06:03:09.406,1.99005,1.9903,3.50,12.60
2008.01.30 06:03:09.737,1.99005,1.9903,3.50,12.60
2008.01.30 06:03:10.070,1.99005,1.9903,3.50,12.60
2008.01.30 06:03:10.623,1.99005,1.99025,3.00,0.70
2008.01.30 06:03:10.821,1.99005,1.9903,3.00,10.40
2008.01.30 06:03:11.063,1.99,1.99035,12.30,11.00
2008.01.30 06:03:11.404,1.99,1.99035,12.30,11.00
2008.01.30 06:03:11.656,1.99005,1.9904,0.60,28.80
2008.01.30 06:03:11.894,1.99005,1.9903,0.60,0.60
2008.01.30 06:03:12.133,1.99005,1.99035,3.50,0.90
2008.01.30 06:03:12.396,1.99005,1.9904,3.50,16.80
2008.01.30 06:03:12.754,1.99005,1.9904,3.50,16.80
2008.01.30 06:03:13.087,1.99005,1.99035,3.50,0.50
2008.01.30 06:03:13.421,1.99005,1.99035,3.50,0.80
2008.01.30 06:03:14.086,1.99005,1.99035,3.50,0.60
2008.01.30 06:03:14.419,1.99005,1.9904,3.50,16.80
2008.01.30 06:03:14.812,1.99005,1.9904,3.50,16.80
2008.01.30 06:03:15.144,1.99005,1.9904,3.50,16.80
2008.01.30 06:03:15.477,1.99005,1.9904,3.50,16.80
2008.01.30 06:03:15.866,1.99005,1.9904,3.50,16.80
2008.01.30 06:03:16.195,1.99005,1.99035,3.50,0.70
2008.01.30 06:03:16.528,1.99005,1.9904,3.50,16.80
2008.01.30 06:03:16.882,1.99005,1.99035,3.50,0.60
2008.01.30 06:03:17.182,1.99005,1.9904,3.50,16.80
2008.01.30 06:03:17.545,1.99005,1.99035,3.50,0.90
2008.01.30 06:03:17.878,1.99005,1.99035,3.50,0.90
2008.01.30 06:03:18.211,1.99005,1.9904,3.50,16.80
2008.01.30 06:03:18.615,1.99005,1.9904,3.50,16.80
2008.01.30 06:03:18.876,1.99005,1.9904,3.50,16.80
2008.01.30 06:03:19.284,1.99005,1.99035,3.50,0.70
2008.01.30 06:03:19.540,1.99005,1.99035,3.50,0.90
2008.01.30 06:03:19.742,1.99005,1.99035,3.50,0.90
2008.01.30 06:03:20.221,1.99005,1.99035,3.50,0.60
2008.01.30 06:03:20.552,1.99005,1.9904,3.50,16.80
2008.01.30 06:03:20.781,1.99005,1.9904,3.50,16.00
2008.01.30 06:03:21.234,1.99005,1.99035,3.50,0.90
2008.01.30 06:03:21.565,1.99005,1.99035,3.50,0.50
2008.01.30 06:03:21.897,1.99005,1.9904,3.50,16.00
2008.01.30 06:03:22.101,1.99005,1.99035,3.50,0.60
2008.01.30 06:03:22.619,1.99005,1.99035,3.50,0.50
2008.01.30 06:03:22.949,1.99005,1.9904,3.50,16.00
2008.01.30 06:03:23.281,1.99005,1.9904,3.50,16.00
2008.01.30 06:03:23.579,1.99005,1.99035,3.50,0.90
2008.01.30 06:03:23.944,1.99005,1.99035,3.50,0.60
2008.01.30 06:03:24.349,1.99005,1.9904,3.50,16.00
2008.01.30 06:03:24.608,1.99005,1.9904,3.50,16.00
2008.01.30 06:03:24.939,1.99005,1.9904,3.50,16.00
2008.01.30 06:03:25.270,1.99005,1.9904,3.50,16.00
2008.01.30 06:03:25.603,1.99005,1.9904,3.50,16.00
2008.01.30 06:03:25.935,1.99005,1.99035,3.50,0.50
2008.01.30 06:03:26.267,1.99005,1.9904,3.50,16.00
2008.01.30 06:03:26.599,1.99005,1.9904,3.50,16.00
2008.01.30 06:03:26.931,1.99005,1.99035,3.50,0.80
2008.01.30 06:03:27.212,1.99005,1.9904,3.50,16.00
2008.01.30 06:03:27.595,1.99005,1.9904,3.50,16.00
2008.01.30 06:03:28.001,1.99005,1.99035,3.50,0.70
2008.01.30 06:03:28.260,1.99005,1.9904,3.50,16.00
2008.01.30 06:03:28.592,1.99005,1.9904,3.50,16.00
2008.01.30 06:03:28.923,1.99005,1.99035,3.50,0.90
2008.01.30 06:03:29.255,1.99005,1.99035,3.50,0.60
2008.01.30 06:03:29.587,1.99005,1.99035,3.50,0.80
2008.01.30 06:03:29.982,1.99005,1.99035,3.50,0.50
2008.01.30 06:03:30.181,1.99015,1.99035,2.40,0.80
2008.01.30 06:03:30.380,1.99015,1.99035,2.40,0.90
2008.01.30 06:03:30.718,1.99015,1.99045,2.40,13.40
2008.01.30 06:03:31.050,1.99015,1.99045,2.40,13.40
2008.01.30 06:03:31.274,1.99015,1.9904,2.40,0.80
2008.01.30 06:03:31.496,1.99015,1.99045,2.40,13.40
2008.01.30 06:03:32.014,1.9901,1.9904,10.70,12.00
2008.01.30 06:03:32.256,1.9901,1.9904,7.80,12.60
2008.01.30 06:03:32.500,1.99005,1.99035,3.50,3.20
2008.01.30 06:03:33.062,1.99005,1.99035,3.50,3.20
2008.01.30 06:03:33.394,1.99005,1.99035,3.50,3.20
2008.01.30 06:03:33.727,1.99005,1.99035,3.50,3.20
2008.01.30 06:03:34.073,1.9901,1.99035,0.60,3.80
2008.01.30 06:03:34.196,1.9901,1.9903,0.60,1.60
2008.01.30 06:03:34.320,1.9901,1.9903,0.60,1.60
2008.01.30 06:03:34.736,1.9901,1.99035,0.60,2.20
2008.01.30 06:03:35.068,1.9901,1.99035,0.60,2.20
2008.01.30 06:03:35.400,1.9901,1.9903,0.60,0.50
2008.01.30 06:03:35.733,1.9901,1.99035,0.60,2.20
2008.01.30 06:03:36.065,1.9901,1.99035,0.60,2.20
2008.01.30 06:03:36.412,1.9901,1.9903,0.60,0.50
2008.01.30 06:03:36.744,1.9901,1.9903,0.60,0.80
2008.01.30 06:03:37.075,1.9901,1.9903,0.60,0.60
2008.01.30 06:03:37.407,1.9901,1.99035,0.60,2.20
2008.01.30 06:03:37.740,1.9901,1.99035,0.60,2.20
2008.01.30 06:03:38.403,1.9901,1.99035,0.60,2.20
2008.01.30 06:03:38.736,1.9901,1.9903,0.60,0.80
2008.01.30 06:03:38.864,1.9901,1.99035,0.60,2.20
2008.01.30 06:03:39.140,1.9901,1.99035,0.60,2.20
2008.01.30 06:03:39.399,1.9901,1.9903,0.60,0.80
2008.01.30 06:03:39.731,1.9901,1.99035,0.60,2.20
2008.01.30 06:03:40.064,1.9901,1.99035,0.60,2.20
2008.01.30 06:03:40.395,1.9901,1.99035,0.60,2.20
2008.01.30 06:03:40.729,1.9901,1.99035,0.60,2.20
2008.01.30 06:03:41.060,1.9901,1.9903,0.60,0.70
2008.01.30 06:03:41.392,1.9901,1.99035,0.60,2.20
2008.01.30 06:03:41.724,1.9901,1.99035,0.60,2.20
2008.01.30 06:03:42.057,1.9901,1.99035,0.60,2.20
2008.01.30 06:03:42.389,1.9901,1.99035,0.60,2.20
2008.01.30 06:03:42.720,1.9901,1.99035,0.60,2.20
2008.01.30 06:03:43.052,1.9901,1.99035,0.60,2.20
2008.01.30 06:03:43.384,1.9901,1.99035,0.60,2.20
2008.01.30 06:03:43.715,1.9901,1.9903,0.60,0.60
2008.01.30 06:03:44.047,1.9901,1.99035,0.60,2.20
2008.01.30 06:03:44.171,1.99005,1.99045,0.60,15.60
2008.01.30 06:03:44.453,1.99005,1.99045,0.60,15.60
2008.01.30 06:03:44.600,1.99005,1.99045,0.60,15.60
2008.01.30 06:03:44.787,1.9901,1.9904,3.00,16.00
2008.01.30 06:03:45.377,1.9901,1.9904,3.00,16.00
2008.01.30 06:03:45.709,1.9901,1.9904,3.00,16.00
2008.01.30 06:03:46.042,1.9901,1.9904,3.00,16.00
2008.01.30 06:03:46.373,1.9901,1.9903,3.00,0.60
2008.01.30 06:03:46.567,1.99015,1.9904,2.40,16.00
2008.01.30 06:03:46.761,1.99015,1.9903,2.40,0.50
2008.01.30 06:03:47.037,1.99015,1.9903,2.40,0.50
2008.01.30 06:03:47.370,1.99015,1.9904,2.40,16.00
2008.01.30 06:03:47.701,1.99015,1.9904,2.40,16.00
2008.01.30 06:03:48.105,1.99015,1.9903,2.40,0.80
2008.01.30 06:03:48.366,1.99015,1.9904,2.40,16.00
2008.01.30 06:03:48.669,1.99015,1.9903,2.40,0.50
2008.01.30 06:03:48.971,1.99015,1.9904,2.40,16.00
2008.01.30 06:03:49.359,1.99015,1.9904,2.40,16.00
2008.01.30 06:03:49.691,1.99015,1.9904,2.40,16.00
2008.01.30 06:03:50.023,1.99015,1.9904,2.40,16.00
2008.01.30 06:03:50.357,1.99015,1.99035,2.40,0.60
2008.01.30 06:03:50.687,1.99015,1.99035,2.40,0.60
2008.01.30 06:03:51.056,1.99015,1.9904,2.40,16.00
2008.01.30 06:03:51.386,1.99015,1.9904,2.40,16.00
2008.01.30 06:03:51.719,1.99015,1.99035,2.40,0.90
2008.01.30 06:03:52.051,1.99015,1.9904,2.40,16.00
2008.01.30 06:03:52.284,1.99015,1.99035,2.40,0.70
2008.01.30 06:03:52.713,1.99015,1.9904,2.40,16.00
2008.01.30 06:03:53.044,1.99015,1.9904,2.40,16.00
2008.01.30 06:03:53.437,1.99015,1.99035,2.40,0.90
2008.01.30 06:03:53.769,1.99015,1.99035,2.40,0.70
2008.01.30 06:03:54.097,1.99015,1.99035,2.40,0.60
2008.01.30 06:03:54.506,1.99015,1.99035,2.40,0.80
2008.01.30 06:03:54.838,1.99015,1.9904,2.40,16.00
2008.01.30 06:03:55.170,1.99015,1.9904,2.40,16.00
2008.01.30 06:03:55.501,1.99015,1.99035,2.40,0.80
2008.01.30 06:03:55.833,1.99015,1.9904,2.40,16.00
2008.01.30 06:03:56.077,1.99005,1.9904,3.50,16.00
2008.01.30 06:03:56.583,1.99005,1.99035,3.50,0.70
2008.01.30 06:03:56.913,1.99005,1.99035,3.50,0.50
2008.01.30 06:03:57.245,1.99005,1.9904,3.50,16.00
2008.01.30 06:03:57.555,1.9901,1.9904,0.80,16.00
2008.01.30 06:03:57.805,1.99015,1.99035,2.40,0.60
2008.01.30 06:03:58.126,1.99015,1.9904,2.40,0.90
2008.01.30 06:03:58.608,1.99015,1.9904,2.40,0.50
2008.01.30 06:03:58.940,1.99015,1.9904,2.40,0.90
2008.01.30 06:03:59.272,1.99015,1.99045,2.40,13.40
2008.01.30 06:03:59.604,1.99015,1.9904,2.40,0.70
2008.01.30 06:03:59.935,1.99015,1.99045,2.40,13.40
2008.01.30 06:04:00.266,1.99015,1.99045,2.40,13.40
2008.01.30 06:04:00.598,1.99015,1.9904,2.40,0.90
2008.01.30 06:04:00.931,1.99015,1.9904,2.40,0.60
2008.01.30 06:04:01.262,1.99015,1.99045,2.40,13.40
2008.01.30 06:04:01.667,1.99015,1.99045,2.40,13.40
2008.01.30 06:04:01.925,1.99015,1.9904,2.40,0.80
2008.01.30 06:04:02.259,1.99015,1.9904,2.40,12.00
2008.01.30 06:04:02.590,1.99015,1.9904,2.40,12.00
2008.01.30 06:04:02.922,1.99015,1.9904,2.40,12.00
2008.01.30 06:04:03.256,1.99015,1.9904,2.40,12.00
2008.01.30 06:04:03.919,1.99015,1.9904,2.40,12.00
2008.01.30 06:04:04.252,1.99015,1.9904,2.40,12.00
2008.01.30 06:04:04.585,1.99015,1.9904,2.40,12.00
2008.01.30 06:04:04.917,1.99015,1.9904,2.40,12.00
2008.01.30 06:04:05.259,1.99015,1.9904,2.40,12.00
2008.01.30 06:04:05.591,1.99015,1.9904,2.40,12.00
2008.01.30 06:04:05.923,1.99015,1.9904,2.40,12.00
2008.01.30 06:04:06.255,1.99015,1.9904,2.40,12.00
2008.01.30 06:04:06.586,1.99015,1.9904,2.40,12.00
2008.01.30 06:04:06.953,1.99015,1.9904,2.40,12.00
2008.01.30 06:04:07.284,1.99015,1.9904,2.40,12.00
2008.01.30 06:04:07.617,1.99015,1.9904,2.40,12.00
2008.01.30 06:04:07.949,1.99015,1.9904,2.40,12.00
2008.01.30 06:04:08.281,1.99015,1.9904,2.40,12.00
2008.01.30 06:04:08.656,1.99015,1.9904,2.40,12.00
2008.01.30 06:04:09.376,1.99015,1.9904,2.40,12.00
2008.01.30 06:04:10.039,1.99015,1.9904,2.40,12.00
2008.01.30 06:04:10.370,1.99015,1.9904,2.40,12.00
2008.01.30 06:04:10.701,1.99015,1.9904,2.40,12.00
2008.01.30 06:04:11.032,1.99015,1.9904,2.40,12.00
2008.01.30 06:04:11.365,1.99015,1.9904,2.40,12.00
2008.01.30 06:04:11.698,1.99015,1.9904,2.40,12.00
2008.01.30 06:04:12.031,1.99015,1.9904,2.40,12.00
2008.01.30 06:04:12.354,1.99015,1.9904,2.40,12.00
2008.01.30 06:04:12.706,1.99015,1.9904,2.40,12.00
2008.01.30 06:04:13.038,1.99015,1.9904,2.40,12.00
2008.01.30 06:04:13.368,1.99015,1.9904,2.40,12.00
2008.01.30 06:04:13.701,1.99015,1.9904,2.40,12.00
2008.01.30 06:04:14.033,1.99015,1.9904,2.40,12.00
2008.01.30 06:04:14.406,1.99015,1.9904,2.40,12.00
2008.01.30 06:04:14.737,1.99015,1.9904,2.40,12.00
2008.01.30 06:04:15.068,1.99015,1.9904,2.40,12.00
2008.01.30 06:04:15.400,1.99015,1.9904,2.40,12.00
2008.01.30 06:04:15.732,1.99015,1.9904,2.40,12.00
2008.01.30 06:04:16.065,1.99015,1.9904,2.40,12.00
2008.01.30 06:04:16.396,1.99015,1.9904,2.40,12.00
2008.01.30 06:04:16.727,1.99015,1.9904,2.40,12.00
2008.01.30 06:04:17.060,1.99015,1.9904,2.40,12.00
2008.01.30 06:04:17.301,1.99015,1.9904,2.40,12.00
2008.01.30 06:04:17.633,1.99015,1.9904,2.40,12.00
2008.01.30 06:04:17.951,1.99015,1.9904,2.40,12.00
2008.01.30 06:04:18.388,1.99015,1.9904,2.40,12.00
2008.01.30 06:04:18.720,1.99015,1.9904,2.40,12.00
2008.01.30 06:04:19.052,1.99015,1.9904,2.40,12.00
2008.01.30 06:04:19.385,1.99015,1.9904,2.40,12.00
2008.01.30 06:04:19.719,1.99015,1.9904,2.40,12.00
2008.01.30 06:04:20.050,1.99015,1.9904,2.40,12.00
2008.01.30 06:04:20.383,1.99015,1.9904,2.40,12.00
2008.01.30 06:04:20.716,1.99015,1.9904,2.40,12.00
2008.01.30 06:04:20.939,1.99015,1.9904,2.40,12.00
2008.01.30 06:04:21.116,1.9902,1.9904,2.40,12.00
2008.01.30 06:04:21.318,1.9902,1.9904,2.40,11.20
2008.01.30 06:04:21.496,1.9902,1.9904,2.40,9.60
2008.01.30 06:04:21.806,1.9902,1.9904,2.40,6.40
2008.01.30 06:04:21.965,1.9902,1.9904,2.40,6.40
2008.01.30 06:04:22.176,1.9902,1.9904,2.40,0.70
2008.01.30 06:04:22.311,1.9902,1.9904,4.80,0.80
2008.01.30 06:04:22.802,1.9902,1.99045,4.80,8.80
2008.01.30 06:04:23.074,1.9902,1.99045,7.20,8.80
2008.01.30 06:04:23.464,1.9902,1.99045,7.20,8.80
2008.01.30 06:04:23.767,1.9902,1.99045,7.20,8.80
2008.01.30 06:04:24.125,1.9902,1.99045,7.20,8.80
2008.01.30 06:04:24.461,1.9902,1.9904,7.20,0.90
2008.01.30 06:04:24.578,1.9902,1.9904,7.20,0.70
2008.01.30 06:04:24.793,1.9902,1.9904,7.20,0.70
2008.01.30 06:04:25.126,1.9902,1.9904,7.20,0.70
2008.01.30 06:04:25.460,1.9903,1.99045,3.20,0.90
2008.01.30 06:04:25.793,1.9903,1.99055,5.60,12.80
2008.01.30 06:04:26.458,1.9903,1.9905,5.60,0.70
2008.01.30 06:04:26.790,1.9903,1.9905,5.60,0.60
2008.01.30 06:04:27.120,1.9903,1.99055,5.60,12.80
2008.01.30 06:04:27.452,1.9903,1.9905,5.60,0.70
2008.01.30 06:04:27.763,1.9903,1.99055,6.00,12.80
2008.01.30 06:04:28.086,1.99035,1.99055,2.40,0.50
2008.01.30 06:04:28.396,1.9904,1.99055,0.60,0.60
2008.01.30 06:04:28.705,1.9904,1.9906,8.30,0.70
2008.01.30 06:04:29.013,1.9904,1.9906,8.30,0.80
2008.01.30 06:04:29.506,1.9904,1.9907,8.30,17.40
2008.01.30 06:04:29.793,1.9904,1.9906,8.30,0.70
2008.01.30 06:04:30.211,1.9904,1.9907,8.30,17.40
2008.01.30 06:04:30.542,1.9904,1.9906,8.30,0.60
2008.01.30 06:04:30.875,1.9904,1.9907,8.30,17.40
2008.01.30 06:04:31.207,1.9904,1.9907,8.30,17.40
2008.01.30 06:04:31.539,1.9904,1.9907,8.30,17.40
2008.01.30 06:04:31.871,1.9904,1.9907,8.30,17.40
2008.01.30 06:04:32.202,1.9904,1.9906,8.30,0.90
2008.01.30 06:04:32.533,1.9904,1.9907,8.30,17.40
2008.01.30 06:04:32.866,1.9904,1.9907,8.30,17.40
2008.01.30 06:04:33.268,1.9904,1.9906,8.30,0.90
2008.01.30 06:04:33.710,1.9904,1.9907,8.30,0.70
2008.01.30 06:04:34.274,1.9904,1.9907,8.30,0.70
2008.01.30 06:04:34.623,1.9904,1.99075,8.30,15.80
2008.01.30 06:04:34.954,1.9904,1.9907,8.30,0.80
2008.01.30 06:04:35.286,1.9904,1.99075,8.30,15.80
2008.01.30 06:04:35.621,1.9904,1.9907,8.30,0.70
2008.01.30 06:04:35.951,1.9904,1.99075,8.30,15.80
2008.01.30 06:04:36.284,1.9904,1.99075,8.30,15.80
2008.01.30 06:04:36.617,1.9904,1.99075,8.30,15.80
2008.01.30 06:04:36.949,1.9904,1.99075,8.30,15.80
2008.01.30 06:04:37.280,1.9904,1.9907,8.30,0.90
2008.01.30 06:04:37.612,1.9904,1.99075,8.30,15.80
2008.01.30 06:04:37.944,1.9904,1.99075,8.30,15.80
2008.01.30 06:04:38.276,1.9904,1.99075,8.30,15.80
2008.01.30 06:04:38.609,1.9904,1.99075,8.30,15.80
2008.01.30 06:04:38.940,1.9904,1.99075,8.30,15.80
2008.01.30 06:04:39.272,1.9904,1.99075,8.30,15.80
2008.01.30 06:04:39.590,1.9905,1.99075,2.40,19.80
2008.01.30 06:04:39.786,1.9905,1.99075,2.40,19.20
2008.01.30 06:04:40.001,1.99055,1.99075,2.40,12.00
2008.01.30 06:04:40.176,1.99055,1.99075,2.40,7.20
2008.01.30 06:04:40.349,1.99055,1.99075,2.40,7.20
2008.01.30 06:04:40.532,1.99055,1.9908,2.40,19.20
2008.01.30 06:04:40.771,1.9905,1.9908,3.50,19.20
2008.01.30 06:04:41.029,1.9905,1.9908,5.90,19.20
2008.01.30 06:04:41.326,1.9905,1.9907,5.90,0.70
2008.01.30 06:04:41.658,1.9905,1.9907,5.90,0.80
2008.01.30 06:04:41.991,1.9905,1.9908,5.90,19.20
2008.01.30 06:04:42.323,1.9905,1.9908,5.90,19.20
2008.01.30 06:04:42.654,1.9905,1.9908,5.90,19.20
2008.01.30 06:04:42.952,1.9905,1.9907,5.90,0.80
2008.01.30 06:04:43.317,1.9905,1.9908,5.40,19.80
2008.01.30 06:04:43.617,1.99045,1.9907,3.50,0.80
2008.01.30 06:04:43.982,1.99045,1.99075,3.50,7.20
2008.01.30 06:04:44.314,1.99045,1.9907,3.50,0.50
2008.01.30 06:04:44.472,1.99045,1.9907,3.00,0.90
2008.01.30 06:04:44.630,1.9904,1.99075,9.10,14.20
2008.01.30 06:04:44.847,1.9904,1.99075,5.90,17.40
2008.01.30 06:04:45.061,1.9904,1.99075,8.30,19.80
2008.01.30 06:04:45.311,1.9904,1.9907,8.30,0.80
2008.01.30 06:04:45.643,1.9904,1.99075,8.30,19.80
2008.01.30 06:04:45.975,1.9904,1.9907,8.30,0.50
2008.01.30 06:04:46.286,1.99045,1.99075,0.60,20.40
2008.01.30 06:04:46.524,1.99045,1.9907,0.60,0.90
2008.01.30 06:04:46.973,1.99045,1.99075,0.60,17.20
2008.01.30 06:04:47.378,1.99045,1.9907,0.60,0.90
2008.01.30 06:04:47.637,1.99045,1.9907,0.60,0.50
2008.01.30 06:04:47.969,1.99045,1.99075,0.60,17.20
2008.01.30 06:04:48.301,1.99045,1.99075,0.60,17.20
2008.01.30 06:04:48.634,1.99045,1.99075,0.60,17.20
2008.01.30 06:04:48.947,1.99045,1.9907,0.60,0.50
2008.01.30 06:04:49.061,1.99045,1.9907,0.60,0.50
2008.01.30 06:04:49.298,1.99045,1.9908,0.60,20.60
2008.01.30 06:04:49.700,1.99045,1.9908,0.60,20.60
2008.01.30 06:04:49.961,1.99045,1.9908,0.60,20.60
2008.01.30 06:04:50.180,1.99045,1.9907,0.60,0.50
2008.01.30 06:04:50.627,1.99045,1.9907,0.60,4.00
2008.01.30 06:04:50.958,1.99045,1.9907,0.60,4.00
2008.01.30 06:04:51.290,1.99045,1.9907,0.60,4.00
2008.01.30 06:04:51.622,1.99045,1.9907,0.60,4.00
2008.01.30 06:04:52.026,1.99045,1.9907,0.60,4.00
2008.01.30 06:04:52.357,1.99045,1.9907,0.60,4.00
2008.01.30 06:04:52.689,1.99045,1.9907,0.60,4.00
2008.01.30 06:04:53.038,1.99045,1.9907,0.60,4.00
2008.01.30 06:04:53.374,1.99045,1.9907,0.60,4.00
2008.01.30 06:04:53.707,1.99045,1.9907,0.60,4.00
2008.01.30 06:04:54.039,1.99045,1.9907,0.60,4.00
2008.01.30 06:04:54.372,1.99045,1.9907,0.60,4.00
2008.01.30 06:04:54.752,1.99045,1.9907,0.60,4.00
2008.01.30 06:04:55.081,1.99045,1.9907,0.60,4.00
2008.01.30 06:04:55.413,1.99045,1.9907,0.60,4.00
2008.01.30 06:04:55.745,1.99045,1.9907,0.60,4.00
2008.01.30 06:04:56.063,1.9905,1.9907,0.60,4.00
2008.01.30 06:04:56.252,1.9905,1.9907,0.60,5.60
2008.01.30 06:04:56.439,1.9905,1.9907,3.50,8.80
2008.01.30 06:04:56.741,1.9905,1.9907,3.50,8.80
2008.01.30 06:04:57.073,1.9905,1.9907,3.50,8.80
2008.01.30 06:04:57.362,1.9905,1.9907,3.50,8.80
2008.01.30 06:04:57.773,1.9905,1.9907,3.50,8.80
2008.01.30 06:04:58.104,1.9905,1.9907,3.50,8.80
2008.01.30 06:04:58.436,1.9905,1.9907,3.50,8.80
2008.01.30 06:04:58.768,1.9905,1.9907,3.50,8.80
2008.01.30 06:04:59.100,1.9905,1.9907,3.50,8.80
2008.01.30 06:04:59.433,1.9905,1.9907,3.50,8.80
2008.01.30 06:04:59.765,1.9905,1.9907,3.50,8.80
2008.01.30 06:05:00.007,1.9905,1.9907,3.00,8.80
2008.01.30 06:05:00.155,1.9905,1.9907,3.00,7.20
2008.01.30 06:05:00.487,1.99045,1.9907,0.60,4.00
2008.01.30 06:05:00.819,1.99045,1.9907,0.60,4.00
2008.01.30 06:05:01.151,1.99045,1.9907,0.60,4.00
2008.01.30 06:05:01.483,1.99045,1.9907,0.60,4.00
2008.01.30 06:05:01.815,1.99045,1.9907,0.60,4.00
2008.01.30 06:05:02.147,1.99045,1.9907,0.60,4.00
2008.01.30 06:05:02.376,1.99045,1.9907,0.60,4.00
2008.01.30 06:05:02.813,1.99045,1.9907,0.60,4.00
2008.01.30 06:05:03.145,1.99045,1.9907,0.60,4.00
2008.01.30 06:05:03.810,1.99045,1.9907,0.60,4.00
2008.01.30 06:05:04.143,1.99045,1.9907,0.60,4.00
2008.01.30 06:05:04.804,1.99045,1.9907,0.60,4.00
2008.01.30 06:05:05.137,1.99045,1.9907,0.60,4.00
2008.01.30 06:05:05.470,1.99045,1.9907,0.60,4.00
2008.01.30 06:05:05.803,1.99045,1.9907,0.60,4.00
2008.01.30 06:05:06.135,1.99045,1.9907,0.60,4.00
2008.01.30 06:05:06.468,1.99045,1.9907,0.60,4.00
2008.01.30 06:05:06.800,1.99045,1.9907,0.60,4.00
2008.01.30 06:05:07.132,1.99045,1.9907,0.60,4.00
2008.01.30 06:05:07.465,1.99045,1.9907,0.60,4.00
2008.01.30 06:05:07.865,1.99045,1.9907,0.60,4.00
2008.01.30 06:05:08.126,1.99045,1.9907,0.60,4.00
2008.01.30 06:05:08.458,1.99045,1.9907,0.60,4.00
2008.01.30 06:05:08.791,1.99045,1.9907,0.60,4.00
2008.01.30 06:05:09.455,1.99045,1.9907,0.60,4.00
2008.01.30 06:05:09.785,1.99045,1.9907,0.60,4.00
2008.01.30 06:05:10.036,1.9905,1.9907,0.60,4.00
2008.01.30 06:05:10.145,1.9905,1.9907,0.60,5.60
2008.01.30 06:05:10.238,1.9905,1.9907,0.60,5.60
2008.01.30 06:05:10.474,1.9905,1.9907,0.60,5.60
2008.01.30 06:05:10.807,1.9905,1.9907,0.60,5.60
2008.01.30 06:05:11.140,1.9905,1.9907,0.60,5.60
2008.01.30 06:05:11.472,1.9905,1.9907,0.60,5.60
2008.01.30 06:05:11.804,1.9905,1.9907,0.60,5.60
2008.01.30 06:05:12.134,1.9905,1.9907,0.60,5.60
2008.01.30 06:05:12.481,1.9905,1.9907,0.60,5.60
2008.01.30 06:05:12.865,1.9905,1.9907,0.60,5.60
2008.01.30 06:05:13.194,1.9905,1.9907,0.60,5.60
2008.01.30 06:05:13.372,1.9905,1.9907,0.60,5.60
2008.01.30 06:05:13.525,1.99045,1.9907,4.10,5.60
2008.01.30 06:05:13.856,1.9905,1.9907,0.60,5.60
2008.01.30 06:05:14.188,1.9905,1.9907,0.60,5.60
2008.01.30 06:05:14.520,1.9905,1.9907,0.60,5.60
2008.01.30 06:05:14.823,1.99045,1.9907,4.10,5.60
2008.01.30 06:05:14.977,1.99045,1.9907,3.90,5.60
2008.01.30 06:05:15.162,1.9905,1.9907,3.60,5.60
2008.01.30 06:05:15.516,1.9905,1.9907,3.60,5.60
2008.01.30 06:05:15.848,1.9905,1.9907,3.60,5.60
2008.01.30 06:05:16.181,1.9905,1.9907,3.60,5.60
2008.01.30 06:05:16.514,1.9905,1.9907,3.60,5.60
2008.01.30 06:05:16.847,1.9905,1.9907,3.60,5.60
2008.01.30 06:05:17.072,1.9905,1.9907,1.60,9.60
2008.01.30 06:05:17.229,1.9905,1.9907,1.40,12.80
2008.01.30 06:05:17.492,1.99045,1.9907,3.20,12.80
2008.01.30 06:05:17.649,1.9905,1.9907,0.80,15.20
2008.01.30 06:05:17.916,1.99045,1.9907,3.20,15.20
2008.01.30 06:05:18.177,1.9905,1.9907,1.10,15.20
2008.01.30 06:05:18.840,1.99045,1.9907,3.20,15.20
2008.01.30 06:05:19.171,1.99045,1.9907,3.20,15.20
2008.01.30 06:05:19.504,1.9905,1.9907,0.70,15.20
2008.01.30 06:05:19.832,1.99045,1.9907,3.20,15.20
2008.01.30 06:05:20.165,1.99045,1.9907,3.20,15.20
2008.01.30 06:05:20.497,1.99045,1.9907,3.20,15.20
2008.01.30 06:05:20.829,1.99045,1.9907,3.20,15.20
2008.01.30 06:05:21.035,1.9904,1.9907,11.50,15.20
2008.01.30 06:05:21.208,1.99035,1.9907,12.10,16.00
2008.01.30 06:05:21.494,1.99035,1.9907,12.10,16.00
2008.01.30 06:05:21.828,1.9904,1.9907,3.80,16.00
2008.01.30 06:05:22.160,1.99035,1.9907,12.10,16.00
2008.01.30 06:05:22.479,1.9904,1.9907,0.70,16.00
2008.01.30 06:05:22.824,1.9904,1.9907,5.80,16.00
2008.01.30 06:05:23.155,1.99035,1.9907,12.10,16.00
2008.01.30 06:05:23.487,1.99035,1.9907,12.10,16.00
2008.01.30 06:05:23.818,1.9904,1.9907,0.60,16.00
2008.01.30 06:05:24.151,1.9904,1.9907,5.30,16.00
2008.01.30 06:05:24.481,1.9904,1.9907,2.00,16.00
2008.01.30 06:05:24.812,1.99035,1.9907,12.10,16.00
2008.01.30 06:05:25.145,1.9904,1.9907,4.20,16.00
2008.01.30 06:05:25.477,1.99035,1.9907,12.10,16.00
2008.01.30 06:05:25.809,1.99035,1.9907,12.10,16.00
2008.01.30 06:05:26.142,1.99035,1.9907,12.10,16.00
2008.01.30 06:05:26.315,1.99035,1.9907,12.10,12.00
2008.01.30 06:05:26.806,1.9904,1.9907,5.30,12.00
2008.01.30 06:05:27.138,1.99035,1.9907,12.10,12.00
2008.01.30 06:05:27.420,1.9904,1.9907,2.20,12.00
2008.01.30 06:05:27.803,1.99035,1.9907,12.10,12.00
2008.01.30 06:05:28.177,1.9904,1.9907,0.50,12.00
2008.01.30 06:05:28.506,1.9904,1.9907,5.00,12.00
2008.01.30 06:05:28.839,1.9904,1.9907,4.30,12.00
2008.01.30 06:05:29.171,1.99035,1.9907,12.10,12.00
2008.01.30 06:05:29.503,1.9904,1.9907,3.20,12.00
2008.01.30 06:05:29.912,1.99035,1.9907,12.10,12.00
2008.01.30 06:05:30.243,1.99035,1.9907,12.10,12.00
2008.01.30 06:05:30.573,1.99035,1.9907,12.10,12.00
2008.01.30 06:05:30.905,1.99035,1.9907,12.10,12.00
2008.01.30 06:05:31.238,1.99035,1.9907,12.10,12.00
2008.01.30 06:05:31.570,1.9904,1.9907,5.60,12.00
2008.01.30 06:05:31.913,1.99035,1.9907,12.10,12.00
2008.01.30 06:05:32.245,1.9904,1.9907,0.50,12.00
2008.01.30 06:05:32.504,1.99035,1.9907,12.10,12.00
2008.01.30 06:05:32.934,1.99035,1.9907,12.10,12.00
2008.01.30 06:05:33.264,1.99035,1.9907,12.10,12.00
2008.01.30 06:05:33.596,1.99035,1.9907,12.10,12.00
2008.01.30 06:05:33.928,1.99035,1.9907,12.10,12.00
2008.01.30 06:05:34.260,1.9904,1.9907,3.00,12.00
2008.01.30 06:05:34.618,1.99035,1.9907,12.10,12.00
2008.01.30 06:05:34.947,1.9904,1.9907,5.10,12.00
2008.01.30 06:05:35.279,1.9904,1.9907,0.80,12.00
2008.01.30 06:05:35.612,1.99035,1.9907,12.10,12.00
2008.01.30 06:05:35.943,1.99035,1.9907,12.10,12.00
2008.01.30 06:05:36.275,1.99035,1.9907,12.10,12.00
2008.01.30 06:05:36.429,1.9904,1.9907,4.50,12.60
2008.01.30 06:05:36.583,1.99035,1.9906,8.40,4.00
2008.01.30 06:05:36.735,1.9904,1.9906,0.80,4.00
2008.01.30 06:05:36.939,1.9904,1.9906,2.10,4.00
2008.01.30 06:05:37.093,1.9904,1.9906,0.70,4.00
2008.01.30 06:05:37.271,1.99035,1.9906,8.30,4.00
2008.01.30 06:05:37.604,1.99035,1.9906,8.30,4.00
2008.01.30 06:05:37.943,1.99035,1.9906,8.30,4.00
2008.01.30 06:05:38.273,1.99035,1.9906,8.30,4.00
2008.01.30 06:05:38.605,1.99035,1.9906,8.30,4.00
2008.01.30 06:05:38.938,1.9904,1.9906,2.20,4.00
2008.01.30 06:05:39.269,1.9904,1.9906,2.20,4.00
2008.01.30 06:05:39.557,1.99035,1.9906,10.30,4.00
2008.01.30 06:05:39.655,1.9904,1.99065,9.90,4.80
2008.01.30 06:05:39.934,1.99045,1.99065,0.60,4.80
2008.01.30 06:05:40.266,1.9904,1.99065,9.90,4.80
2008.01.30 06:05:40.486,1.99045,1.99065,2.80,4.80
2008.01.30 06:05:40.716,1.9905,1.9907,4.80,4.00
2008.01.30 06:05:41.073,1.9905,1.9907,4.80,4.00
2008.01.30 06:05:41.360,1.9905,1.9907,4.80,4.00
2008.01.30 06:05:41.588,1.9905,1.9907,4.80,4.00
2008.01.30 06:05:42.000,1.9905,1.9907,4.80,4.00
2008.01.30 06:05:42.259,1.9905,1.9907,4.80,4.00
2008.01.30 06:05:42.591,1.9905,1.9907,4.80,4.00
2008.01.30 06:05:42.924,1.9905,1.9907,4.80,4.00
2008.01.30 06:05:43.259,1.9905,1.9907,4.80,4.00
2008.01.30 06:05:43.547,1.9905,1.99075,5.20,4.00
2008.01.30 06:05:43.836,1.99055,1.9908,0.60,14.20
2008.01.30 06:05:43.979,1.99055,1.9908,0.60,12.60
2008.01.30 06:05:44.256,1.99055,1.9907,0.60,2.40
2008.01.30 06:05:44.587,1.99055,1.9907,0.60,2.40
2008.01.30 06:05:44.920,1.99055,1.9907,0.60,2.40
2008.01.30 06:05:45.297,1.99055,1.9907,0.60,2.40
2008.01.30 06:05:45.568,1.9905,1.9907,7.50,2.40
2008.01.30 06:05:45.881,1.9905,1.9907,5.90,2.40
2008.01.30 06:05:46.291,1.9905,1.9907,5.90,2.40
2008.01.30 06:05:46.624,1.9905,1.9907,5.90,2.40
2008.01.30 06:05:47.029,1.9905,1.9907,5.90,2.40
2008.01.30 06:05:47.431,1.9905,1.9907,5.90,2.40
2008.01.30 06:05:47.706,1.9905,1.9907,5.90,2.40
2008.01.30 06:05:48.443,1.9905,1.9907,5.90,2.40
2008.01.30 06:05:48.703,1.99065,1.99085,2.40,4.80
2008.01.30 06:05:49.036,1.99065,1.99085,2.40,4.80
2008.01.30 06:05:49.365,1.99065,1.9908,2.40,2.40
2008.01.30 06:05:49.553,1.9906,1.9908,9.90,2.40
2008.01.30 06:05:49.696,1.99065,1.9908,2.40,2.40
2008.01.30 06:05:50.028,1.99065,1.9908,2.40,2.40
2008.01.30 06:05:50.418,1.99065,1.9908,2.40,2.40
2008.01.30 06:05:50.748,1.99065,1.9908,2.40,2.40
2008.01.30 06:05:51.080,1.99065,1.9908,2.40,2.40
2008.01.30 06:05:51.413,1.99065,1.9908,2.40,2.40
2008.01.30 06:05:51.744,1.99065,1.9908,2.40,2.40
2008.01.30 06:05:52.152,1.99065,1.9908,2.40,2.40
2008.01.30 06:05:52.408,1.99065,1.9908,2.40,2.40
2008.01.30 06:05:52.741,1.99065,1.9908,2.40,2.40
2008.01.30 06:05:53.073,1.99065,1.9908,2.40,2.40
2008.01.30 06:05:53.406,1.99065,1.9908,2.40,2.40
2008.01.30 06:05:53.737,1.99065,1.9908,2.40,2.40
2008.01.30 06:05:54.051,1.9906,1.9908,5.40,8.00
2008.01.30 06:05:54.164,1.9905,1.9907,9.10,2.40
2008.01.30 06:05:54.400,1.9905,1.9907,9.10,2.40
2008.01.30 06:05:54.518,1.9907,1.9908,0.60,13.60
2008.01.30 06:05:54.694,1.99075,1.9908,0.60,3.20
2008.01.30 06:05:54.808,1.99075,1.9909,0.60,9.60
2008.01.30 06:05:55.131,1.9907,1.99085,4.00,4.80
2008.01.30 06:05:55.454,1.9905,1.9907,4.00,2.40
2008.01.30 06:05:55.778,1.9905,1.9908,2.40,2.40
2008.01.30 06:05:56.103,1.9905,1.9908,2.40,3.20
2008.01.30 06:05:56.306,1.9905,1.9908,2.40,3.20
2008.01.30 06:05:56.508,1.9906,1.9908,2.40,3.20
2008.01.30 06:05:56.804,1.9906,1.9908,2.40,3.20
2008.01.30 06:05:57.018,1.9906,1.9908,2.40,3.20
2008.01.30 06:05:57.193,1.9906,1.9908,2.40,3.20
2008.01.30 06:05:57.468,1.9906,1.9908,2.40,3.20
2008.01.30 06:05:57.799,1.9906,1.9908,2.40,3.20
2008.01.30 06:05:57.997,1.9906,1.9908,2.40,3.20
2008.01.30 06:05:58.463,1.9906,1.9908,2.40,3.20
2008.01.30 06:05:58.797,1.9907,1.991,7.80,4.80
2008.01.30 06:05:59.130,1.9907,1.991,10.20,4.80
2008.01.30 06:05:59.459,1.9908,1.991,2.40,4.80
2008.01.30 06:05:59.639,1.9908,1.991,2.40,4.80
2008.01.30 06:05:59.791,1.9908,1.991,2.40,4.80
2008.01.30 06:06:00.123,1.9908,1.991,2.40,4.80
2008.01.30 06:06:00.455,1.9908,1.991,2.40,4.80
2008.01.30 06:06:00.787,1.9908,1.991,2.40,4.80
2008.01.30 06:06:01.118,1.9908,1.991,2.40,4.80
2008.01.30 06:06:01.450,1.9908,1.991,2.40,4.80
2008.01.30 06:06:01.781,1.9908,1.991,2.40,4.80
2008.01.30 06:06:02.114,1.9908,1.991,2.40,4.80
2008.01.30 06:06:02.461,1.9908,1.991,2.40,4.80
2008.01.30 06:06:02.861,1.9908,1.991,2.40,4.80
2008.01.30 06:06:03.192,1.9908,1.991,2.40,4.80
2008.01.30 06:06:03.525,1.9908,1.991,2.40,4.80
2008.01.30 06:06:03.856,1.9908,1.991,2.40,4.80
2008.01.30 06:06:04.187,1.9908,1.991,2.40,4.80
2008.01.30 06:06:04.519,1.9908,1.991,2.40,4.80
2008.01.30 06:06:04.627,1.9908,1.991,2.40,4.80
2008.01.30 06:06:04.850,1.9908,1.991,2.40,4.80
2008.01.30 06:06:05.181,1.9908,1.991,2.40,4.80
2008.01.30 06:06:05.514,1.9908,1.991,2.40,4.80
2008.01.30 06:06:05.757,1.9907,1.9908,5.40,2.40
2008.01.30 06:06:06.179,1.9907,1.9908,5.40,2.40
2008.01.30 06:06:06.511,1.9907,1.9908,5.40,2.40
2008.01.30 06:06:06.843,1.9907,1.9908,5.40,2.40
2008.01.30 06:06:07.088,1.9907,1.9908,7.80,2.40
2008.01.30 06:06:07.499,1.9907,1.9908,7.80,2.40
2008.01.30 06:06:07.839,1.9907,1.9908,7.80,2.40
2008.01.30 06:06:08.127,1.9908,1.991,2.40,4.80
2008.01.30 06:06:08.502,1.9908,1.991,2.40,4.80
2008.01.30 06:06:08.816,1.9907,1.991,10.20,1.60
2008.01.30 06:06:09.139,1.9907,1.991,10.20,1.60
2008.01.30 06:06:09.568,1.9907,1.991,10.20,1.60
2008.01.30 06:06:09.900,1.9907,1.991,10.20,1.60
2008.01.30 06:06:10.231,1.9907,1.991,10.20,1.60
2008.01.30 06:06:10.563,1.9907,1.991,10.20,1.60
2008.01.30 06:06:10.916,1.9907,1.991,10.20,1.60
2008.01.30 06:06:11.247,1.9907,1.991,10.20,1.60
2008.01.30 06:06:11.579,1.9907,1.991,10.20,1.60
2008.01.30 06:06:11.910,1.9907,1.991,10.20,1.60
2008.01.30 06:06:12.266,1.9907,1.991,10.20,1.60
2008.01.30 06:06:12.507,1.9907,1.991,10.20,1.60
2008.01.30 06:06:12.928,1.9907,1.991,10.20,1.60
2008.01.30 06:06:13.260,1.9907,1.991,10.20,1.60
2008.01.30 06:06:13.592,1.9907,1.991,10.20,1.60
2008.01.30 06:06:14.268,1.9907,1.991,10.20,1.60
2008.01.30 06:06:14.624,1.9907,1.991,7.80,1.60
2008.01.30 06:06:14.933,1.9907,1.991,7.80,1.60
2008.01.30 06:06:15.265,1.9907,1.991,7.80,1.60
2008.01.30 06:06:15.596,1.9907,1.991,7.80,1.60
2008.01.30 06:06:15.927,1.9907,1.991,7.80,1.60
2008.01.30 06:06:16.259,1.9907,1.991,7.80,1.60
2008.01.30 06:06:16.593,1.9907,1.991,7.80,1.60
2008.01.30 06:06:16.923,1.9907,1.991,7.80,1.60
2008.01.30 06:06:17.255,1.9907,1.991,7.80,1.60
2008.01.30 06:06:17.572,1.9907,1.991,7.80,1.60
2008.01.30 06:06:17.882,1.9907,1.991,5.40,1.60
2008.01.30 06:06:18.253,1.9907,1.991,5.40,1.60
2008.01.30 06:06:18.587,1.9907,1.991,5.40,1.60
2008.01.30 06:06:18.900,1.9907,1.991,5.40,6.40
2008.01.30 06:06:19.250,1.9907,1.991,5.40,6.40
2008.01.30 06:06:19.562,1.9907,1.991,5.40,6.40
2008.01.30 06:06:19.692,1.9907,1.991,5.40,9.60
2008.01.30 06:06:19.914,1.9907,1.991,5.40,9.60
2008.01.30 06:06:20.236,1.9907,1.991,5.40,14.40
2008.01.30 06:06:20.578,1.9907,1.991,5.40,14.40
2008.01.30 06:06:20.983,1.9907,1.991,5.40,14.40
2008.01.30 06:06:21.243,1.9907,1.991,5.40,14.40
2008.01.30 06:06:21.457,1.9907,1.9909,5.40,2.40
2008.01.30 06:06:21.907,1.9907,1.9909,5.40,2.40
2008.01.30 06:06:22.245,1.9907,1.9909,5.40,2.40
2008.01.30 06:06:22.507,1.9907,1.9909,5.40,2.40
2008.01.30 06:06:22.906,1.9907,1.9909,5.40,2.40
2008.01.30 06:06:23.236,1.9907,1.9909,5.40,9.60
2008.01.30 06:06:23.564,1.9907,1.9909,2.40,9.60
2008.01.30 06:06:23.891,1.9907,1.9908,2.40,2.40
2008.01.30 06:06:24.234,1.9907,1.9908,2.40,2.40
2008.01.30 06:06:24.567,1.9907,1.9908,2.40,2.40
2008.01.30 06:06:24.899,1.9907,1.9908,2.40,2.40
2008.01.30 06:06:25.230,1.9907,1.9908,2.40,2.40
2008.01.30 06:06:25.561,1.9907,1.9908,2.40,2.40
2008.01.30 06:06:25.894,1.9907,1.9908,2.40,2.40
2008.01.30 06:06:26.082,1.9907,1.9908,2.40,2.40
2008.01.30 06:06:26.271,1.99055,1.9908,3.20,4.80
2008.01.30 06:06:26.544,1.99065,1.9908,2.40,4.80
2008.01.30 06:06:26.808,1.99065,1.9908,2.40,4.80
2008.01.30 06:06:27.045,1.9906,1.9908,0.80,4.80
2008.01.30 06:06:27.315,1.9906,1.9908,0.80,4.80
2008.01.30 06:06:27.551,1.99055,1.9908,3.20,4.80
2008.01.30 06:06:27.883,1.99055,1.9908,3.20,4.80
2008.01.30 06:06:28.215,1.99055,1.9908,3.20,4.80
2008.01.30 06:06:28.548,1.99055,1.9908,3.20,4.80
2008.01.30 06:06:28.880,1.99055,1.9908,3.20,4.80
2008.01.30 06:06:29.212,1.99055,1.9908,3.20,4.80
2008.01.30 06:06:29.545,1.99055,1.9908,3.20,4.80
2008.01.30 06:06:29.875,1.99055,1.9908,3.20,4.80
2008.01.30 06:06:30.208,1.99055,1.9908,3.20,4.80
2008.01.30 06:06:30.539,1.99055,1.9908,3.20,4.80
2008.01.30 06:06:30.728,1.99055,1.9908,3.20,4.80
2008.01.30 06:06:31.204,1.99055,1.9908,3.20,4.80
2008.01.30 06:06:31.537,1.99055,1.9908,3.20,4.80
2008.01.30 06:06:31.710,1.99055,1.9908,3.20,2.40
2008.01.30 06:06:31.882,1.99055,1.9908,3.20,2.40
2008.01.30 06:06:32.203,1.99055,1.9908,3.20,2.40
2008.01.30 06:06:32.559,1.99055,1.9908,3.20,2.40
2008.01.30 06:06:32.911,1.99055,1.9908,3.20,2.40
2008.01.30 06:06:33.242,1.99055,1.9908,3.20,2.40
2008.01.30 06:06:33.570,1.99055,1.9908,3.20,2.40
2008.01.30 06:06:33.906,1.99055,1.9908,3.20,2.40
2008.01.30 06:06:34.239,1.99055,1.9908,3.20,2.40
2008.01.30 06:06:34.571,1.99055,1.9908,3.20,2.40
2008.01.30 06:06:34.903,1.99055,1.9908,3.20,2.40
2008.01.30 06:06:35.235,1.99055,1.9908,3.20,2.40
2008.01.30 06:06:35.568,1.99055,1.9908,3.20,2.40
2008.01.30 06:06:35.762,1.9907,1.9908,2.40,2.40
2008.01.30 06:06:35.956,1.9907,1.9908,2.40,2.40
2008.01.30 06:06:36.232,1.9907,1.9908,2.40,2.40
2008.01.30 06:06:36.565,1.9907,1.9908,2.40,2.40
2008.01.30 06:06:36.799,1.9907,1.9908,2.40,2.40
2008.01.30 06:06:37.230,1.9907,1.9908,2.40,2.40
2008.01.30 06:06:37.540,1.9907,1.9908,2.40,2.40
2008.01.30 06:06:37.876,1.99065,1.9908,0.80,2.40
2008.01.30 06:06:38.066,1.99065,1.9908,0.80,2.40
2008.01.30 06:06:38.200,1.99065,1.9909,0.80,5.60
2008.01.30 06:06:38.370,1.9907,1.9909,3.00,2.40
2008.01.30 06:06:38.557,1.9907,1.9909,3.50,2.40
2008.01.30 06:06:38.965,1.9908,1.9909,2.40,3.20
2008.01.30 06:06:39.553,1.9908,1.9909,2.40,3.20
2008.01.30 06:06:39.884,1.9908,1.9909,2.40,3.20
2008.01.30 06:06:40.266,1.9908,1.9909,2.40,3.20
2008.01.30 06:06:40.595,1.9908,1.9909,2.40,3.20
2008.01.30 06:06:40.768,1.9908,1.991,2.40,6.40
2008.01.30 06:06:41.002,1.9908,1.991,2.40,4.80
2008.01.30 06:06:41.282,1.9908,1.991,2.40,4.80
2008.01.30 06:06:41.515,1.9908,1.991,2.40,4.80
2008.01.30 06:06:41.946,1.9908,1.991,2.40,4.80
2008.01.30 06:06:42.278,1.9908,1.991,2.40,4.80
2008.01.30 06:06:42.546,1.9908,1.991,2.40,4.80
2008.01.30 06:06:42.973,1.9908,1.991,2.40,4.80
2008.01.30 06:06:43.379,1.9908,1.991,2.40,4.80
2008.01.30 06:06:43.969,1.9908,1.991,2.40,4.80
2008.01.30 06:06:44.300,1.9908,1.991,2.40,4.80
2008.01.30 06:06:44.632,1.9908,1.991,2.40,4.80
2008.01.30 06:06:44.965,1.9908,1.991,2.40,4.80
2008.01.30 06:06:45.171,1.9908,1.991,2.40,4.80
2008.01.30 06:06:45.375,1.9908,1.991,2.40,0.80
2008.01.30 06:06:45.654,1.9908,1.9911,2.40,2.40
2008.01.30 06:06:46.058,1.9908,1.9911,2.40,2.40
2008.01.30 06:06:46.189,1.9908,1.9911,2.40,2.40
2008.01.30 06:06:46.394,1.9908,1.9911,2.40,2.40
2008.01.30 06:06:46.649,1.9908,1.9911,2.40,2.40
2008.01.30 06:06:47.027,1.9908,1.9911,2.40,2.40
2008.01.30 06:06:47.360,1.9908,1.9911,2.40,2.40
2008.01.30 06:06:47.690,1.9908,1.9911,2.40,2.40
2008.01.30 06:06:48.058,1.9908,1.9911,2.40,2.40
2008.01.30 06:06:48.389,1.9908,1.9911,2.40,2.40
2008.01.30 06:06:48.721,1.9908,1.9911,2.40,2.40
2008.01.30 06:06:49.045,1.9908,1.9911,2.40,2.40
2008.01.30 06:06:49.385,1.9908,1.9911,2.40,2.40
2008.01.30 06:06:49.788,1.9908,1.9911,2.40,2.40
2008.01.30 06:06:50.050,1.9908,1.9911,2.40,2.40
2008.01.30 06:06:50.381,1.9908,1.9911,2.40,2.40
2008.01.30 06:06:50.695,1.9908,1.9911,2.40,4.00
2008.01.30 06:06:50.901,1.9907,1.9911,5.90,4.00
2008.01.30 06:06:51.008,1.9908,1.9911,1.40,4.00
2008.01.30 06:06:51.269,1.9907,1.9911,13.90,4.00
2008.01.30 06:06:51.456,1.9907,1.9911,13.90,2.40
2008.01.30 06:06:51.709,1.9907,1.9911,13.90,2.40
2008.01.30 06:06:52.113,1.9908,1.9911,1.20,2.40
2008.01.30 06:06:52.373,1.9908,1.9911,0.50,2.40
2008.01.30 06:06:52.669,1.9908,1.9911,0.50,2.40
2008.01.30 06:06:53.036,1.9908,1.9911,0.70,2.40
2008.01.30 06:06:53.440,1.9907,1.9911,13.90,2.40
2008.01.30 06:06:53.773,1.9907,1.9911,16.30,2.40
2008.01.30 06:06:54.106,1.9907,1.9911,13.90,2.40
2008.01.30 06:06:54.457,1.9907,1.9911,13.90,2.40
2008.01.30 06:06:54.661,1.9907,1.9911,17.80,2.40
2008.01.30 06:06:55.068,1.99085,1.9911,0.60,2.40
2008.01.30 06:06:55.271,1.9908,1.9911,8.10,2.40
2008.01.30 06:06:55.519,1.9908,1.9911,7.90,2.40
2008.01.30 06:06:55.825,1.9908,1.9911,7.90,2.40
2008.01.30 06:06:56.163,1.99085,1.9911,1.90,2.40
2008.01.30 06:06:56.496,1.99085,1.9911,0.80,2.40
2008.01.30 06:06:56.830,1.9908,1.9911,7.90,2.40
2008.01.30 06:06:57.126,1.9908,1.9911,8.70,2.40
2008.01.30 06:06:57.554,1.99085,1.9911,1.60,2.40
2008.01.30 06:06:57.768,1.9908,1.9911,3.60,11.20
2008.01.30 06:06:57.980,1.99075,1.9911,4.10,15.20
2008.01.30 06:06:58.273,1.9908,1.9911,1.10,15.20
2008.01.30 06:06:58.487,1.99075,1.991,4.10,2.40
2008.01.30 06:06:58.939,1.9908,1.991,2.00,2.40
2008.01.30 06:06:59.274,1.9908,1.991,7.50,2.40
2008.01.30 06:06:59.639,1.9908,1.991,7.00,2.40
2008.01.30 06:06:59.796,1.99085,1.991,0.80,2.40
2008.01.30 06:06:59.960,1.99075,1.991,3.50,2.40
2008.01.30 06:07:00.296,1.99075,1.991,3.50,2.40
2008.01.30 06:07:00.552,1.99075,1.991,3.90,2.40
2008.01.30 06:07:00.786,1.9908,1.991,1.00,2.40
2008.01.30 06:07:01.018,1.99075,1.991,4.10,2.40
2008.01.30 06:07:01.299,1.99075,1.991,4.10,2.40
2008.01.30 06:07:01.633,1.9908,1.991,1.60,2.40
2008.01.30 06:07:01.965,1.99075,1.991,4.10,2.40
2008.01.30 06:07:02.297,1.9908,1.991,1.60,2.40
2008.01.30 06:07:02.590,1.99075,1.991,4.10,2.40
2008.01.30 06:07:02.758,1.99075,1.991,4.10,2.40
2008.01.30 06:07:03.014,1.9908,1.991,1.90,2.40
2008.01.30 06:07:03.346,1.99075,1.991,4.10,2.40
2008.01.30 06:07:03.638,1.9908,1.991,4.10,2.40
2008.01.30 06:07:03.971,1.9908,1.9911,11.10,2.40
2008.01.30 06:07:04.383,1.99085,1.9911,1.70,2.40
2008.01.30 06:07:05.044,1.9908,1.9911,11.10,2.40
2008.01.30 06:07:05.391,1.9908,1.9911,11.10,2.40
2008.01.30 06:07:05.722,1.99085,1.9911,0.70,2.40
2008.01.30 06:07:06.055,1.9908,1.9911,11.10,2.40
2008.01.30 06:07:06.388,1.99085,1.9911,1.90,2.40
2008.01.30 06:07:06.728,1.99085,1.9911,1.20,2.40
2008.01.30 06:07:07.060,1.99085,1.9911,1.60,2.40
2008.01.30 06:07:07.202,1.99085,1.9911,0.60,2.40
2008.01.30 06:07:07.326,1.99075,1.9911,5.70,9.60
2008.01.30 06:07:07.449,1.9908,1.9911,1.00,15.20
2008.01.30 06:07:07.586,1.9908,1.9911,0.90,15.20
2008.01.30 06:07:07.709,1.9908,1.9911,5.70,15.80
2008.01.30 06:07:07.902,1.99085,1.9911,0.60,12.60
2008.01.30 06:07:08.167,1.9907,1.991,27.80,2.40
2008.01.30 06:07:08.555,1.9907,1.991,0.50,4.80
2008.01.30 06:07:08.888,1.99065,1.991,15.00,2.40
2008.01.30 06:07:09.103,1.9907,1.991,15.00,2.40
2008.01.30 06:07:09.435,1.9908,1.991,0.80,2.40
2008.01.30 06:07:09.768,1.9907,1.991,15.00,2.40
2008.01.30 06:07:10.175,1.9907,1.991,15.00,2.40
2008.01.30 06:07:10.432,1.9907,1.991,15.00,2.40
2008.01.30 06:07:10.611,1.9907,1.991,0.80,2.40
2008.01.30 06:07:10.789,1.99065,1.991,3.00,2.40
2008.01.30 06:07:11.097,1.99065,1.991,3.00,2.40
2008.01.30 06:07:11.430,1.99065,1.991,3.00,2.40
2008.01.30 06:07:11.615,1.9908,1.991,1.20,2.40
2008.01.30 06:07:11.798,1.9908,1.991,8.00,2.40
2008.01.30 06:07:12.119,1.9908,1.991,8.00,2.40
2008.01.30 06:07:12.274,1.9908,1.9911,12.70,9.60
2008.01.30 06:07:12.601,1.9908,1.9911,12.70,9.60
2008.01.30 06:07:13.119,1.99085,1.9911,0.70,9.60
2008.01.30 06:07:13.785,1.9908,1.9911,12.70,9.60
2008.01.30 06:07:14.448,1.9908,1.9911,12.70,9.60
2008.01.30 06:07:14.780,1.9908,1.9911,12.70,9.60
2008.01.30 06:07:15.113,1.99085,1.9911,0.70,9.60
2008.01.30 06:07:15.445,1.9908,1.9911,12.70,9.60
2008.01.30 06:07:15.778,1.99085,1.9911,0.90,9.60
2008.01.30 06:07:16.111,1.99085,1.9911,0.70,9.60
2008.01.30 06:07:16.442,1.9908,1.9911,12.70,9.60
2008.01.30 06:07:16.773,1.9908,1.9911,12.70,9.60
2008.01.30 06:07:17.106,1.99085,1.9911,1.00,9.60
2008.01.30 06:07:17.438,1.9908,1.9911,12.70,9.60
2008.01.30 06:07:17.636,1.9909,1.9911,0.60,9.60
2008.01.30 06:07:17.779,1.9909,1.9911,0.60,11.20
2008.01.30 06:07:18.101,1.99085,1.9911,4.10,11.20
2008.01.30 06:07:18.433,1.99085,1.9911,4.10,11.20
2008.01.30 06:07:18.766,1.9909,1.9911,0.60,11.20
2008.01.30 06:07:19.099,1.99085,1.9911,4.10,11.20
2008.01.30 06:07:19.504,1.9909,1.9911,0.60,11.20
2008.01.30 06:07:19.835,1.9909,1.9911,0.60,11.20
2008.01.30 06:07:20.166,1.9909,1.9911,0.60,11.20
2008.01.30 06:07:20.498,1.9909,1.9911,0.60,11.20
2008.01.30 06:07:20.831,1.9909,1.9911,0.60,11.20
2008.01.30 06:07:21.164,1.9909,1.9911,0.60,11.20
2008.01.30 06:07:21.496,1.9909,1.9911,0.60,11.20
2008.01.30 06:07:21.829,1.9909,1.9911,0.60,11.20
2008.01.30 06:07:22.159,1.9909,1.9911,0.60,11.20
2008.01.30 06:07:22.503,1.9909,1.9911,0.60,11.20
2008.01.30 06:07:22.876,1.9909,1.9911,0.60,11.20
2008.01.30 06:07:23.206,1.9909,1.9911,0.60,11.20
2008.01.30 06:07:23.537,1.9909,1.9911,0.60,11.20
2008.01.30 06:07:24.209,1.9909,1.9911,0.60,11.20
2008.01.30 06:07:24.897,1.9909,1.9911,0.60,11.20
2008.01.30 06:07:25.228,1.9909,1.9911,0.60,11.20
2008.01.30 06:07:25.559,1.9909,1.9911,0.60,11.20
2008.01.30 06:07:25.798,1.9909,1.9911,0.60,11.20
2008.01.30 06:07:26.224,1.9909,1.9911,0.60,11.20
2008.01.30 06:07:26.557,1.9909,1.9911,0.60,11.20
2008.01.30 06:07:26.889,1.9909,1.9911,0.60,11.20
2008.01.30 06:07:27.153,1.99085,1.9911,3.00,11.20
2008.01.30 06:07:27.367,1.9908,1.991,3.50,2.40
2008.01.30 06:07:27.581,1.99085,1.991,0.60,2.40
2008.01.30 06:07:27.789,1.99085,1.991,3.50,2.40
2008.01.30 06:07:28.073,1.99085,1.99115,3.50,5.60
2008.01.30 06:07:28.236,1.99085,1.99115,3.50,5.60
2008.01.30 06:07:28.445,1.99085,1.9911,3.50,0.70
2008.01.30 06:07:28.900,1.99085,1.99115,3.50,5.60
2008.01.30 06:07:29.633,1.99085,1.9911,3.50,0.90
2008.01.30 06:07:29.967,1.99085,1.9911,3.00,0.80
2008.01.30 06:07:30.295,1.9908,1.99115,3.50,16.60
2008.01.30 06:07:30.652,1.9908,1.99115,3.50,16.60
2008.01.30 06:07:30.982,1.9908,1.9911,3.50,0.70
2008.01.30 06:07:31.366,1.9908,1.9911,3.50,0.80
2008.01.30 06:07:31.695,1.9908,1.9911,3.50,0.70
2008.01.30 06:07:32.028,1.9908,1.9911,3.50,0.80
2008.01.30 06:07:32.358,1.9908,1.99115,3.50,16.60
2008.01.30 06:07:32.640,1.9908,1.99115,3.50,16.60
2008.01.30 06:07:33.085,1.9908,1.9911,3.50,0.50
2008.01.30 06:07:33.415,1.9908,1.99115,3.50,16.60
2008.01.30 06:07:33.748,1.9908,1.99115,3.50,16.60
2008.01.30 06:07:34.079,1.9908,1.99115,3.50,16.60
2008.01.30 06:07:34.273,1.9908,1.9911,5.10,0.50
2008.01.30 06:07:34.466,1.9908,1.99115,5.10,15.00
2008.01.30 06:07:34.744,1.9908,1.99115,5.10,15.00
2008.01.30 06:07:35.077,1.9908,1.99115,5.10,15.00
2008.01.30 06:07:35.355,1.991,1.99115,0.30,14.70
2008.01.30 06:07:35.791,1.991,1.9911,0.30,0.50
2008.01.30 06:07:36.122,1.991,1.99115,0.30,14.70
2008.01.30 06:07:36.455,1.991,1.99115,0.30,14.70
2008.01.30 06:07:36.789,1.991,1.9911,0.30,0.70
2008.01.30 06:07:37.120,1.991,1.99115,0.30,14.70
2008.01.30 06:07:37.453,1.991,1.99115,0.30,14.70
2008.01.30 06:07:37.786,1.991,1.9911,0.30,0.80
2008.01.30 06:07:38.117,1.991,1.9911,0.30,0.80
2008.01.30 06:07:38.780,1.991,1.9911,0.30,0.80
2008.01.30 06:07:39.517,1.991,1.99115,0.30,14.70
2008.01.30 06:07:39.775,1.991,1.99115,0.30,14.70
2008.01.30 06:07:40.141,1.991,1.9911,0.30,0.90
2008.01.30 06:07:40.470,1.991,1.9911,0.30,0.70
2008.01.30 06:07:40.802,1.991,1.99115,0.30,14.70
2008.01.30 06:07:41.135,1.991,1.9911,0.30,0.90
2008.01.30 06:07:41.518,1.991,1.9911,0.30,0.70
2008.01.30 06:07:41.810,1.991,1.99115,0.30,15.40
2008.01.30 06:07:42.124,1.991,1.99115,0.30,10.80
2008.01.30 06:07:42.329,1.991,1.99115,0.30,13.80
2008.01.30 06:07:42.734,1.991,1.99115,0.30,13.80
2008.01.30 06:07:43.251,1.991,1.99115,0.30,13.80
2008.01.30 06:07:43.511,1.991,1.99115,0.30,13.80
2008.01.30 06:07:43.843,1.991,1.99115,0.30,13.80
2008.01.30 06:07:44.175,1.991,1.9911,0.30,0.60
2008.01.30 06:07:44.506,1.991,1.9911,0.30,0.60
2008.01.30 06:07:44.838,1.991,1.99115,0.30,13.80
2008.01.30 06:07:45.234,1.991,1.99115,0.30,13.80
2008.01.30 06:07:45.566,1.991,1.9911,0.30,0.80
2008.01.30 06:07:45.903,1.991,1.9911,0.30,0.60
2008.01.30 06:07:46.235,1.991,1.9911,0.30,0.90
2008.01.30 06:07:46.567,1.991,1.99115,0.30,13.80
2008.01.30 06:07:46.899,1.991,1.99115,0.30,13.80
2008.01.30 06:07:47.249,1.991,1.99115,0.30,13.80
2008.01.30 06:07:47.580,1.991,1.99115,0.30,13.80
2008.01.30 06:07:47.916,1.991,1.9911,0.30,0.80
2008.01.30 06:07:48.248,1.991,1.9911,0.30,0.70
2008.01.30 06:07:48.911,1.991,1.99115,0.30,13.80
2008.01.30 06:07:49.576,1.991,1.99115,0.30,13.80
2008.01.30 06:07:49.909,1.991,1.9911,0.30,0.50
2008.01.30 06:07:50.301,1.991,1.9911,0.30,0.90
2008.01.30 06:07:50.632,1.991,1.9911,0.30,0.50
2008.01.30 06:07:50.965,1.991,1.9911,0.30,0.70
2008.01.30 06:07:51.297,1.991,1.9911,0.30,0.80
2008.01.30 06:07:51.628,1.991,1.99115,0.30,13.80
2008.01.30 06:07:51.786,1.991,1.99115,0.30,13.80
2008.01.30 06:07:51.944,1.991,1.99105,0.30,0.70
2008.01.30 06:07:52.365,1.991,1.9911,0.30,15.60
2008.01.30 06:07:52.624,1.991,1.9911,0.30,15.60
2008.01.30 06:07:52.956,1.991,1.9911,0.30,15.60
2008.01.30 06:07:53.288,1.991,1.9911,0.30,15.60
2008.01.30 06:07:53.621,1.991,1.99105,0.30,0.60
2008.01.30 06:07:53.952,1.991,1.9911,0.30,15.60
2008.01.30 06:07:54.645,1.991,1.99105,0.30,0.80
2008.01.30 06:07:54.978,1.991,1.9911,0.30,15.60
2008.01.30 06:07:55.238,1.991,1.9911,0.30,15.60
2008.01.30 06:07:55.641,1.991,1.9911,0.30,15.60
2008.01.30 06:07:55.973,1.991,1.9911,0.30,15.60
2008.01.30 06:07:56.208,1.991,1.99105,0.30,0.50
2008.01.30 06:07:56.381,1.991,1.9911,0.30,14.80
2008.01.30 06:07:56.639,1.991,1.99105,0.30,3.20
2008.01.30 06:07:56.812,1.991,1.99105,0.30,3.20
2008.01.30 06:07:57.030,1.991,1.99105,0.30,3.20
2008.01.30 06:07:57.302,1.991,1.9911,0.30,6.40
2008.01.30 06:07:57.635,1.991,1.9911,0.30,6.40
2008.01.30 06:07:57.854,1.991,1.9911,0.30,6.40
2008.01.30 06:07:58.027,1.991,1.9911,0.30,6.40
2008.01.30 06:07:58.300,1.991,1.9911,0.30,6.40
2008.01.30 06:07:58.474,1.991,1.9911,0.30,7.00
2008.01.30 06:07:58.647,1.991,1.9911,0.30,9.40
2008.01.30 06:07:58.964,1.991,1.9911,0.30,9.40
2008.01.30 06:07:59.296,1.991,1.9911,0.30,9.40
2008.01.30 06:07:59.627,1.991,1.9911,0.30,9.40
2008.01.30 06:08:00.326,1.991,1.9911,0.30,9.40
2008.01.30 06:08:00.659,1.991,1.9911,0.30,9.40
2008.01.30 06:08:00.992,1.991,1.9911,0.30,9.40
2008.01.30 06:08:01.324,1.991,1.9911,0.30,9.40
2008.01.30 06:08:01.588,1.991,1.9911,0.30,5.40
2008.01.30 06:08:01.851,1.991,1.9911,0.30,12.60
2008.01.30 06:08:02.033,1.991,1.9911,0.30,14.20
2008.01.30 06:08:02.292,1.991,1.9911,0.30,13.60
2008.01.30 06:08:02.456,1.991,1.9911,0.30,6.40
2008.01.30 06:08:02.694,1.991,1.9911,0.30,6.40
2008.01.30 06:08:02.855,1.991,1.9911,0.30,9.40
2008.01.30 06:08:03.163,1.991,1.9911,0.30,9.40
2008.01.30 06:08:03.690,1.991,1.9911,0.30,9.40
2008.01.30 06:08:04.022,1.991,1.9911,0.30,9.40
2008.01.30 06:08:04.352,1.991,1.9911,0.30,9.40
2008.01.30 06:08:04.551,1.991,1.9911,0.30,5.40
2008.01.30 06:08:04.750,1.991,1.9911,0.30,9.40
2008.01.30 06:08:04.948,1.991,1.9911,0.30,14.20
2008.01.30 06:08:05.157,1.991,1.9911,0.30,14.20
2008.01.30 06:08:05.365,1.991,1.9911,0.30,6.40
2008.01.30 06:08:05.577,1.991,1.9911,0.30,2.40
2008.01.30 06:08:05.790,1.991,1.9911,0.30,6.40
2008.01.30 06:08:06.009,1.991,1.9911,0.30,10.20
2008.01.30 06:08:06.244,1.991,1.9911,0.30,14.20
2008.01.30 06:08:06.478,1.991,1.9911,0.30,9.40
2008.01.30 06:08:06.909,1.991,1.9911,0.30,9.40
2008.01.30 06:08:07.142,1.991,1.9911,0.30,9.40
2008.01.30 06:08:07.365,1.991,1.9911,0.30,11.00
2008.01.30 06:08:07.645,1.991,1.9911,0.30,15.00
2008.01.30 06:08:07.869,1.991,1.9911,0.30,15.60
2008.01.30 06:08:08.092,1.991,1.99105,0.30,3.20
2008.01.30 06:08:08.367,1.991,1.99105,0.30,3.20
2008.01.30 06:08:08.665,1.991,1.9911,0.30,15.60
2008.01.30 06:08:09.031,1.991,1.9911,0.30,15.60
2008.01.30 06:08:09.364,1.991,1.9911,0.30,15.60
2008.01.30 06:08:09.696,1.991,1.9911,0.30,15.60
2008.01.30 06:08:10.029,1.991,1.9911,0.30,15.60
2008.01.30 06:08:10.362,1.991,1.9911,0.30,15.60
2008.01.30 06:08:10.694,1.991,1.9911,0.30,15.60
2008.01.30 06:08:10.894,1.991,1.9911,1.80,7.00
2008.01.30 06:08:11.138,1.991,1.9912,1.80,8.10
2008.01.30 06:08:11.360,1.991,1.9912,1.80,8.10
2008.01.30 06:08:11.691,1.991,1.9912,1.80,8.10
2008.01.30 06:08:12.022,1.991,1.9912,1.80,8.10
2008.01.30 06:08:12.362,1.991,1.9912,1.80,8.10
2008.01.30 06:08:12.769,1.991,1.9912,1.80,8.10
2008.01.30 06:08:13.036,1.991,1.9912,1.80,8.10
2008.01.30 06:08:13.368,1.991,1.9912,1.80,8.10
2008.01.30 06:08:13.700,1.991,1.9912,1.80,8.10
2008.01.30 06:08:14.366,1.991,1.9912,1.80,8.10
2008.01.30 06:08:14.563,1.991,1.9912,1.80,0.70
2008.01.30 06:08:15.031,1.991,1.99125,1.80,14.50
2008.01.30 06:08:15.364,1.991,1.99125,1.80,14.50
2008.01.30 06:08:15.692,1.991,1.9912,1.80,0.80
2008.01.30 06:08:16.026,1.9911,1.9912,3.20,3.20
2008.01.30 06:08:16.359,1.9911,1.9912,3.20,3.50
2008.01.30 06:08:16.693,1.9911,1.9912,0.80,0.90
2008.01.30 06:08:16.836,1.99115,1.9912,0.60,0.20
2008.01.30 06:08:16.981,1.9912,1.99135,5.90,4.80
2008.01.30 06:08:17.125,1.9912,1.9913,7.40,0.50
2008.01.30 06:08:17.270,1.99125,1.9913,0.60,0.90
2008.01.30 06:08:17.413,1.99125,1.9915,0.60,0.80
2008.01.30 06:08:17.737,1.9912,1.99165,5.00,13.60
2008.01.30 06:08:17.966,1.9913,1.9915,2.40,4.20
2008.01.30 06:08:18.194,1.9913,1.9915,2.40,4.10
2008.01.30 06:08:18.422,1.9912,1.9913,3.50,0.90
2008.01.30 06:08:18.717,1.9912,1.9913,3.50,0.60
2008.01.30 06:08:19.047,1.9912,1.9915,5.90,0.60
2008.01.30 06:08:19.375,1.9912,1.9914,3.50,0.80
2008.01.30 06:08:19.715,1.9912,1.9915,3.50,12.00
2008.01.30 06:08:20.060,1.9912,1.9915,3.50,12.00
2008.01.30 06:08:20.390,1.9912,1.9914,3.50,0.60
2008.01.30 06:08:20.513,1.9912,1.9915,3.50,12.00
2008.01.30 06:08:20.721,1.9912,1.9915,3.50,12.00
2008.01.30 06:08:21.053,1.9912,1.9914,3.50,0.90
2008.01.30 06:08:21.385,1.9912,1.9915,3.50,12.00
2008.01.30 06:08:21.592,1.9912,1.9915,3.50,12.80
2008.01.30 06:08:22.116,1.9912,1.9914,3.50,0.90
2008.01.30 06:08:22.304,1.9912,1.9914,3.50,0.80
2008.01.30 06:08:22.736,1.9912,1.9915,3.50,12.80
2008.01.30 06:08:23.113,1.9912,1.9914,3.50,0.80
2008.01.30 06:08:23.444,1.9912,1.9915,3.50,12.80
2008.01.30 06:08:23.775,1.9912,1.9915,3.50,12.80
2008.01.30 06:08:24.054,1.9912,1.9915,3.50,13.40
2008.01.30 06:08:24.439,1.9912,1.9915,3.50,13.40
2008.01.30 06:08:24.771,1.9912,1.9915,3.50,13.40
2008.01.30 06:08:25.103,1.9912,1.9915,3.50,13.40
2008.01.30 06:08:25.262,1.9912,1.9914,3.50,0.60
2008.01.30 06:08:25.436,1.9912,1.9915,3.50,13.40
2008.01.30 06:08:25.726,1.99125,1.99145,0.60,3.00
2008.01.30 06:08:25.900,1.99125,1.99145,0.60,3.00
2008.01.30 06:08:26.136,1.99125,1.99145,0.60,3.00
2008.01.30 06:08:26.467,1.99125,1.99145,0.60,3.00
2008.01.30 06:08:26.797,1.99125,1.99145,0.60,3.00
2008.01.30 06:08:27.006,1.99125,1.9914,0.60,0.80
2008.01.30 06:08:27.250,1.99125,1.99145,0.60,3.00
2008.01.30 06:08:27.461,1.99125,1.99145,0.60,3.00
2008.01.30 06:08:27.800,1.99125,1.9914,0.60,0.50
2008.01.30 06:08:28.024,1.9912,1.9915,5.10,13.60
2008.01.30 06:08:28.176,1.9912,1.9915,3.50,13.60
2008.01.30 06:08:28.459,1.9912,1.9915,3.50,13.60
2008.01.30 06:08:28.791,1.9912,1.9915,3.50,13.60
2008.01.30 06:08:29.124,1.9912,1.9915,3.50,13.60
2008.01.30 06:08:29.787,1.9912,1.9914,3.50,0.60
2008.01.30 06:08:30.451,1.9912,1.9915,3.50,13.60
2008.01.30 06:08:30.804,1.9912,1.9915,3.50,13.60
2008.01.30 06:08:31.132,1.9912,1.9915,3.50,13.60
2008.01.30 06:08:31.465,1.9912,1.9915,3.50,13.60
2008.01.30 06:08:31.798,1.9912,1.9914,3.50,0.80
2008.01.30 06:08:32.131,1.9912,1.9915,3.50,13.60
2008.01.30 06:08:32.463,1.9912,1.9915,3.50,13.60
2008.01.30 06:08:32.739,1.9912,1.9915,3.50,13.60
2008.01.30 06:08:33.154,1.9912,1.9915,3.50,13.60
2008.01.30 06:08:33.484,1.9912,1.9915,3.50,13.60
2008.01.30 06:08:33.820,1.9912,1.9914,3.50,0.60
2008.01.30 06:08:34.151,1.9912,1.9915,3.50,13.60
2008.01.30 06:08:34.469,1.99125,1.9915,1.20,11.20
2008.01.30 06:08:34.788,1.99125,1.99155,1.20,13.60
2008.01.30 06:08:35.200,1.99125,1.99155,1.20,13.60
2008.01.30 06:08:35.532,1.99125,1.99155,1.20,13.60
2008.01.30 06:08:35.726,1.99125,1.9915,1.20,0.90
2008.01.30 06:08:35.919,1.9913,1.9915,3.00,0.90
2008.01.30 06:08:36.195,1.9913,1.99155,3.00,16.80
2008.01.30 06:08:36.528,1.9913,1.9915,3.00,0.70
2008.01.30 06:08:36.784,1.9913,1.9915,3.00,0.50
2008.01.30 06:08:37.073,1.9912,1.9914,3.50,0.90
2008.01.30 06:08:37.524,1.9912,1.9915,3.50,16.80
2008.01.30 06:08:37.740,1.9912,1.9915,3.50,16.80
2008.01.30 06:08:38.243,1.9912,1.9915,3.50,16.80
2008.01.30 06:08:38.906,1.9912,1.9914,3.50,0.60
2008.01.30 06:08:39.642,1.9912,1.9915,3.50,16.80
2008.01.30 06:08:40.043,1.9912,1.9914,3.50,0.60
2008.01.30 06:08:40.307,1.99125,1.9915,0.60,17.40
2008.01.30 06:08:40.545,1.99125,1.9915,0.60,14.20
2008.01.30 06:08:41.036,1.99125,1.9915,0.60,14.20
2008.01.30 06:08:41.439,1.99125,1.9914,0.60,0.80
2008.01.30 06:08:41.700,1.99125,1.9914,0.60,2.40
2008.01.30 06:08:41.920,1.99125,1.9914,0.60,2.40
2008.01.30 06:08:42.137,1.99125,1.9914,0.60,2.40
2008.01.30 06:08:42.365,1.99125,1.9914,0.60,2.40
2008.01.30 06:08:42.698,1.99125,1.9914,0.60,2.40
2008.01.30 06:08:43.031,1.99125,1.9914,0.60,2.40
2008.01.30 06:08:43.362,1.99125,1.9914,0.60,2.40
2008.01.30 06:08:43.741,1.99125,1.9914,0.60,2.40
2008.01.30 06:08:44.407,1.99125,1.9914,0.60,2.40
2008.01.30 06:08:44.738,1.99125,1.9914,0.60,2.40
2008.01.30 06:08:45.109,1.99125,1.9914,0.60,2.40
2008.01.30 06:08:45.346,1.99125,1.9914,0.60,2.40
2008.01.30 06:08:45.652,1.99125,1.9914,0.60,2.40
2008.01.30 06:08:46.105,1.99125,1.9914,0.60,2.40
2008.01.30 06:08:46.435,1.99125,1.9914,0.60,2.40
2008.01.30 06:08:46.767,1.99125,1.9914,0.60,2.40
2008.01.30 06:08:47.099,1.99125,1.9914,0.60,2.40
2008.01.30 06:08:47.432,1.99125,1.9914,0.60,2.40
2008.01.30 06:08:47.788,1.9912,1.9914,3.50,2.40
2008.01.30 06:08:48.206,1.9912,1.9914,3.50,2.40
2008.01.30 06:08:48.489,1.9912,1.9914,7.50,2.40
2008.01.30 06:08:48.823,1.99125,1.9914,0.80,2.40
2008.01.30 06:08:49.201,1.99125,1.9914,0.80,2.40
2008.01.30 06:08:49.865,1.99125,1.9914,0.80,2.40
2008.01.30 06:08:50.197,1.99125,1.9914,0.80,2.40
2008.01.30 06:08:50.376,1.99125,1.9914,0.80,2.40
2008.01.30 06:08:50.605,1.99125,1.9914,0.80,2.40
2008.01.30 06:08:50.861,1.99125,1.9914,0.80,2.40
2008.01.30 06:08:51.194,1.99125,1.9914,0.80,2.40
2008.01.30 06:08:51.526,1.99125,1.9914,0.80,2.40
2008.01.30 06:08:51.859,1.99125,1.9914,0.80,2.40
2008.01.30 06:08:52.229,1.99125,1.9914,0.80,2.40
2008.01.30 06:08:52.605,1.99125,1.9914,0.80,2.40
2008.01.30 06:08:52.936,1.99125,1.9914,0.80,2.40
2008.01.30 06:08:53.204,1.99125,1.9914,0.80,2.40
2008.01.30 06:08:53.473,1.99125,1.9914,0.80,2.40
2008.01.30 06:08:53.931,1.99125,1.9914,0.80,2.40
2008.01.30 06:08:54.263,1.99125,1.9914,0.80,2.40
2008.01.30 06:08:54.595,1.99125,1.9914,0.80,2.40
2008.01.30 06:08:54.927,1.99125,1.9914,0.80,2.40
2008.01.30 06:08:55.259,1.99125,1.9914,0.80,2.40
2008.01.30 06:08:55.599,1.99125,1.9914,0.80,2.40
2008.01.30 06:08:56.000,1.99125,1.9914,0.80,2.40
2008.01.30 06:08:56.380,1.99125,1.9914,0.80,2.40
2008.01.30 06:08:56.713,1.99125,1.9914,0.80,2.40
2008.01.30 06:08:57.044,1.99125,1.9914,0.80,2.40
2008.01.30 06:08:57.377,1.99125,1.9914,0.80,2.40
2008.01.30 06:08:57.641,1.99125,1.9914,1.20,2.40
2008.01.30 06:08:57.877,1.99125,1.9914,3.50,2.40
2008.01.30 06:08:58.373,1.99125,1.9914,3.50,2.40
2008.01.30 06:08:58.704,1.99125,1.9914,3.50,2.40
2008.01.30 06:08:59.037,1.99125,1.9914,3.50,2.40
2008.01.30 06:08:59.369,1.99125,1.9914,3.50,2.40
2008.01.30 06:08:59.701,1.99125,1.9914,3.50,2.40
2008.01.30 06:09:00.033,1.99125,1.9914,3.50,2.40
2008.01.30 06:09:00.316,1.99125,1.9914,3.50,2.40
2008.01.30 06:09:00.424,1.99125,1.9914,3.50,2.40
2008.01.30 06:09:00.595,1.99125,1.9914,3.50,2.40
2008.01.30 06:09:00.988,1.99125,1.9915,3.50,9.60
2008.01.30 06:09:01.362,1.99125,1.9915,3.50,9.60
2008.01.30 06:09:01.695,1.99125,1.9915,3.50,9.60
2008.01.30 06:09:02.026,1.99125,1.9915,3.50,9.60
2008.01.30 06:09:02.359,1.99125,1.9915,3.50,9.60
2008.01.30 06:09:02.692,1.99125,1.9915,3.50,9.60
2008.01.30 06:09:03.025,1.99125,1.9915,3.50,9.60
2008.01.30 06:09:03.391,1.99125,1.9915,3.50,9.60
2008.01.30 06:09:03.721,1.99125,1.9915,3.50,9.60
2008.01.30 06:09:04.053,1.99125,1.9915,3.50,9.60
2008.01.30 06:09:04.715,1.99125,1.9915,3.50,9.60
2008.01.30 06:09:05.380,1.99125,1.9915,3.50,9.60
2008.01.30 06:09:05.749,1.99125,1.9915,3.50,9.60
2008.01.30 06:09:06.080,1.99125,1.9915,3.50,9.60
2008.01.30 06:09:06.412,1.99125,1.9915,3.50,9.60
2008.01.30 06:09:06.745,1.99125,1.9915,3.50,9.60
2008.01.30 06:09:07.077,1.99125,1.9915,3.50,9.60
2008.01.30 06:09:07.409,1.99125,1.9915,3.50,9.60
2008.01.30 06:09:07.781,1.99125,1.9915,3.50,9.60
2008.01.30 06:09:08.189,1.99125,1.9915,3.50,9.60
2008.01.30 06:09:08.446,1.99125,1.9915,3.50,9.60
2008.01.30 06:09:08.779,1.99125,1.9915,3.50,9.60
2008.01.30 06:09:09.111,1.99125,1.9915,3.50,9.60
2008.01.30 06:09:09.444,1.99125,1.9915,3.50,9.60
2008.01.30 06:09:09.776,1.99125,1.9915,3.50,9.60
2008.01.30 06:09:10.287,1.99125,1.9915,3.00,10.20
2008.01.30 06:09:10.449,1.99125,1.9915,3.00,12.60
2008.01.30 06:09:10.613,1.99125,1.9915,3.00,12.60
2008.01.30 06:09:10.776,1.9912,1.9914,3.50,2.40
2008.01.30 06:09:10.941,1.9912,1.9914,3.00,2.40
2008.01.30 06:09:10.981,1.9912,1.99145,3.00,4.60
2008.01.30 06:09:11.186,1.9912,1.9914,3.00,0.80
2008.01.30 06:09:11.435,1.99115,1.9914,3.50,0.60
2008.01.30 06:09:11.768,1.99115,1.9914,3.50,0.80
2008.01.30 06:09:12.099,1.99115,1.99145,3.50,15.00
2008.01.30 06:09:12.431,1.99115,1.99145,3.50,15.00
2008.01.30 06:09:12.765,1.99115,1.99145,3.50,15.00
2008.01.30 06:09:13.095,1.99115,1.99145,3.50,15.00
2008.01.30 06:09:13.426,1.99115,1.9914,3.50,0.90
2008.01.30 06:09:13.788,1.99115,1.99145,3.50,15.00
2008.01.30 06:09:14.120,1.99115,1.99145,3.50,15.00
2008.01.30 06:09:14.509,1.99115,1.99145,3.50,15.00
2008.01.30 06:09:14.840,1.99115,1.9914,3.50,0.90
2008.01.30 06:09:15.173,1.99115,1.99145,3.50,15.00
2008.01.30 06:09:15.505,1.99115,1.99145,3.50,15.00
2008.01.30 06:09:15.883,1.99115,1.99145,3.50,15.00
2008.01.30 06:09:16.213,1.99115,1.9914,3.50,0.50
2008.01.30 06:09:16.545,1.99115,1.9914,3.50,0.80
2008.01.30 06:09:16.877,1.99115,1.9914,3.50,0.90
2008.01.30 06:09:17.209,1.99115,1.99145,3.50,15.00
2008.01.30 06:09:17.541,1.99115,1.99145,3.50,15.00
2008.01.30 06:09:17.899,1.99115,1.9914,3.50,0.60
2008.01.30 06:09:18.297,1.99115,1.99145,3.50,15.00
2008.01.30 06:09:18.891,1.99115,1.9914,3.50,0.70
2008.01.30 06:09:19.629,1.99115,1.9914,3.50,0.80
2008.01.30 06:09:19.888,1.99115,1.9914,3.50,0.70
2008.01.30 06:09:20.219,1.99115,1.99145,3.50,15.00
2008.01.30 06:09:20.551,1.99115,1.9914,3.50,0.90
2008.01.30 06:09:20.865,1.9912,1.99145,2.40,15.00
2008.01.30 06:09:21.214,1.9912,1.99145,2.40,15.00
2008.01.30 06:09:21.546,1.9912,1.99145,2.40,15.00
2008.01.30 06:09:21.939,1.9912,1.99145,2.40,15.00
2008.01.30 06:09:22.272,1.9912,1.9914,2.40,0.60
2008.01.30 06:09:22.650,1.9912,1.99145,2.40,15.00
2008.01.30 06:09:22.982,1.9912,1.99145,2.40,15.00
2008.01.30 06:09:23.314,1.9912,1.99145,2.40,15.00
2008.01.30 06:09:23.646,1.9912,1.9914,2.40,0.60
2008.01.30 06:09:24.024,1.9912,1.99145,2.40,15.00
2008.01.30 06:09:24.354,1.9912,1.9914,2.40,0.70
2008.01.30 06:09:24.756,1.9912,1.99145,2.40,15.00
2008.01.30 06:09:25.159,1.9912,1.99145,2.40,15.00
2008.01.30 06:09:25.491,1.9912,1.9914,2.40,0.90
2008.01.30 06:09:25.822,1.9912,1.9914,2.40,0.60
2008.01.30 06:09:26.153,1.9912,1.99145,2.40,15.00
2008.01.30 06:09:26.485,1.9912,1.9914,2.40,0.80
2008.01.30 06:09:26.870,1.9912,1.99145,2.40,15.00
2008.01.30 06:09:27.201,1.9912,1.9914,2.40,0.50
2008.01.30 06:09:27.534,1.9912,1.9914,2.40,0.90
2008.01.30 06:09:27.829,1.9912,1.99145,2.40,15.00
2008.01.30 06:09:28.247,1.9912,1.9914,2.40,0.70
2008.01.30 06:09:28.578,1.9912,1.9914,2.40,0.90
2008.01.30 06:09:28.909,1.9912,1.9914,2.40,0.60
2008.01.30 06:09:29.323,1.9912,1.99145,2.40,15.00
2008.01.30 06:09:29.716,1.9912,1.99145,2.40,15.00
2008.01.30 06:09:30.048,1.9912,1.9914,2.40,0.60
2008.01.30 06:09:30.400,1.9912,1.9914,2.40,0.90
2008.01.30 06:09:30.726,1.9912,1.99145,2.40,15.00
2008.01.30 06:09:31.059,1.9912,1.99145,2.40,15.00
2008.01.30 06:09:31.392,1.9912,1.9914,2.40,0.70
2008.01.30 06:09:31.748,1.9912,1.9914,2.40,0.60
2008.01.30 06:09:32.079,1.9912,1.99145,2.40,15.00
2008.01.30 06:09:32.410,1.9912,1.9914,2.40,0.70
2008.01.30 06:09:32.743,1.9912,1.99145,2.40,15.00
2008.01.30 06:09:32.977,1.9912,1.9914,2.40,10.20
2008.01.30 06:09:33.211,1.9912,1.9913,2.40,0.80
2008.01.30 06:09:33.443,1.9911,1.99135,9.10,8.00
2008.01.30 06:09:33.739,1.9911,1.9913,9.10,0.80
2008.01.30 06:09:34.196,1.9911,1.99135,9.10,8.00
2008.01.30 06:09:34.732,1.9911,1.99135,9.10,8.00
2008.01.30 06:09:34.927,1.9911,1.9914,8.30,20.60
2008.01.30 06:09:35.096,1.9911,1.99135,3.20,11.80
2008.01.30 06:09:35.398,1.9911,1.9913,3.20,0.60
2008.01.30 06:09:35.620,1.9911,1.9914,3.20,22.20
2008.01.30 06:09:36.102,1.9911,1.9914,3.20,22.20
2008.01.30 06:09:36.406,1.9911,1.99135,3.60,0.50
2008.01.30 06:09:36.694,1.99115,1.99145,0.80,19.60
2008.01.30 06:09:36.966,1.99115,1.9914,0.80,0.60
2008.01.30 06:09:37.219,1.99115,1.99145,0.80,18.00
2008.01.30 06:09:37.527,1.99115,1.9914,0.80,0.60
2008.01.30 06:09:37.863,1.99115,1.99145,0.80,18.00
2008.01.30 06:09:38.096,1.99115,1.9914,0.80,0.70
2008.01.30 06:09:38.409,1.99115,1.99145,0.80,19.60
2008.01.30 06:09:38.791,1.99115,1.99145,0.80,19.60
2008.01.30 06:09:39.454,1.99115,1.9914,0.80,0.50
2008.01.30 06:09:39.787,1.99115,1.9914,0.80,0.50
2008.01.30 06:09:40.365,1.99115,1.99145,0.80,19.60
2008.01.30 06:09:40.509,1.99115,1.9914,0.60,18.80
2008.01.30 06:09:40.783,1.99115,1.9914,0.60,15.60
2008.01.30 06:09:41.122,1.99115,1.99135,0.60,0.60
2008.01.30 06:09:41.454,1.99115,1.99135,0.60,0.60
2008.01.30 06:09:41.788,1.99115,1.9914,0.60,15.60
2008.01.30 06:09:42.132,1.99115,1.9914,0.60,15.60
2008.01.30 06:09:42.496,1.99115,1.9914,0.60,15.60
2008.01.30 06:09:42.827,1.99115,1.9914,0.60,15.60
2008.01.30 06:09:43.061,1.9911,1.9914,3.50,0.70
2008.01.30 06:09:43.295,1.99115,1.9914,0.60,15.60
2008.01.30 06:09:43.824,1.99115,1.9914,0.60,15.60
2008.01.30 06:09:44.155,1.99115,1.9914,0.60,15.60
2008.01.30 06:09:44.490,1.99115,1.9914,0.60,15.60
2008.01.30 06:09:45.154,1.99115,1.9914,0.60,15.60
2008.01.30 06:09:45.293,1.99115,1.9914,0.60,15.60
2008.01.30 06:09:45.486,1.99115,1.9914,0.60,15.60
2008.01.30 06:09:45.819,1.99115,1.9914,0.60,15.60
2008.01.30 06:09:46.037,1.99115,1.9914,0.60,15.60
2008.01.30 06:09:46.444,1.99115,1.9914,0.60,15.60
2008.01.30 06:09:46.815,1.99115,1.99135,0.60,0.60
2008.01.30 06:09:47.196,1.99115,1.9914,0.60,15.60
2008.01.30 06:09:47.527,1.99115,1.9914,0.60,15.60
2008.01.30 06:09:47.858,1.99115,1.9914,0.60,15.60
2008.01.30 06:09:48.023,1.9911,1.9914,5.10,0.90
2008.01.30 06:09:48.191,1.9911,1.99145,5.10,14.80
2008.01.30 06:09:48.522,1.9911,1.9914,5.10,0.80
2008.01.30 06:09:49.186,1.9911,1.9914,5.10,0.60
2008.01.30 06:09:49.594,1.9911,1.99145,5.10,14.80
2008.01.30 06:09:49.850,1.9911,1.99145,7.50,14.80
2008.01.30 06:09:50.182,1.9911,1.99145,7.50,14.80
2008.01.30 06:09:50.411,1.99115,1.9914,0.60,11.60
2008.01.30 06:09:50.715,1.99115,1.9914,0.60,13.20
2008.01.30 06:09:51.223,1.99115,1.9914,0.60,13.20
2008.01.30 06:09:51.525,1.9911,1.9914,7.50,0.70
2008.01.30 06:09:51.658,1.9911,1.99145,7.50,11.80
2008.01.30 06:09:51.887,1.9911,1.99145,7.50,11.80
2008.01.30 06:09:52.287,1.9911,1.9914,7.50,0.70
2008.01.30 06:09:52.563,1.99115,1.9914,0.60,0.90
2008.01.30 06:09:52.796,1.99115,1.99145,0.60,14.00
2008.01.30 06:09:53.030,1.99115,1.99145,0.60,14.00
2008.01.30 06:09:53.282,1.99115,1.99145,0.60,14.00
2008.01.30 06:09:53.615,1.99115,1.9914,0.60,0.60
2008.01.30 06:09:53.947,1.99115,1.9914,0.60,0.70
2008.01.30 06:09:54.279,1.99115,1.9914,0.60,0.90
2008.01.30 06:09:54.611,1.99115,1.99145,0.60,14.00
2008.01.30 06:09:54.942,1.99115,1.99145,0.60,14.00
2008.01.30 06:09:55.290,1.99115,1.99145,0.60,14.00
2008.01.30 06:09:55.673,1.99115,1.9914,0.60,0.90
2008.01.30 06:09:56.002,1.99115,1.9914,0.60,0.80
2008.01.30 06:09:56.260,1.99115,1.99145,4.40,14.00
2008.01.30 06:09:56.517,1.9912,1.99145,0.80,13.20
2008.01.30 06:09:56.821,1.9912,1.99145,1.20,12.00
2008.01.30 06:09:57.121,1.9912,1.99145,4.40,7.20
2008.01.30 06:09:57.278,1.9912,1.99145,9.10,0.90
2008.01.30 06:09:57.662,1.9912,1.99145,9.10,0.50
2008.01.30 06:09:57.994,1.9912,1.99145,9.10,0.50
2008.01.30 06:09:58.332,1.9912,1.9915,9.10,17.60
2008.01.30 06:09:58.663,1.9912,1.9915,9.10,17.60
2008.01.30 06:09:58.994,1.9912,1.9915,9.10,17.60
2008.01.30 06:09:59.718,1.9912,1.99145,9.10,0.80
2008.01.30 06:10:00.104,1.9912,1.99145,9.10,0.80
2008.01.30 06:10:00.361,1.9912,1.9915,8.60,18.80
2008.01.30 06:10:00.614,1.9912,1.99145,8.60,7.80
2008.01.30 06:10:00.793,1.9911,1.99145,10.70,11.00
2008.01.30 06:10:00.970,1.9911,1.9914,10.20,0.80
2008.01.30 06:10:01.224,1.9911,1.9913,7.20,0.90
2008.01.30 06:10:01.553,1.9911,1.99135,5.60,5.60
2008.01.30 06:10:02.105,1.9911,1.99135,5.60,5.60
2008.01.30 06:10:02.435,1.9911,1.9913,5.60,0.90
2008.01.30 06:10:02.653,1.9911,1.99135,5.60,5.60
2008.01.30 06:10:02.871,1.9911,1.99135,5.60,8.00
2008.01.30 06:10:03.099,1.9911,1.9913,5.60,0.50
2008.01.30 06:10:03.292,1.9911,1.99135,5.60,8.00
2008.01.30 06:10:03.535,1.9911,1.99135,5.60,11.20
2008.01.30 06:10:03.830,1.9911,1.99135,5.60,11.20
2008.01.30 06:10:04.162,1.9911,1.99135,5.60,11.20
2008.01.30 06:10:04.493,1.9911,1.9913,5.60,0.80
2008.01.30 06:10:04.825,1.9911,1.9913,5.60,0.50
2008.01.30 06:10:05.158,1.9911,1.9913,5.60,0.50
2008.01.30 06:10:05.409,1.9912,1.9913,0.60,4.00
2008.01.30 06:10:05.504,1.9912,1.9913,2.80,4.00
2008.01.30 06:10:05.598,1.9912,1.99135,3.60,4.00
2008.01.30 06:10:05.691,1.9912,1.99135,6.00,4.00
2008.01.30 06:10:05.854,1.9912,1.9914,6.70,0.80
2008.01.30 06:10:05.947,1.9912,1.9914,6.20,0.80
2008.01.30 06:10:06.041,1.9912,1.9914,6.20,1.60
2008.01.30 06:10:06.327,1.9911,1.9914,9.10,12.00
2008.01.30 06:10:06.763,1.99115,1.9914,0.60,12.60
2008.01.30 06:10:07.047,1.99115,1.99135,3.50,3.20
2008.01.30 06:10:07.561,1.99115,1.99135,3.50,3.20
2008.01.30 06:10:07.892,1.99115,1.99135,3.50,3.20
2008.01.30 06:10:08.223,1.99115,1.99135,3.50,3.20
2008.01.30 06:10:08.558,1.99115,1.99135,3.50,3.20
2008.01.30 06:10:08.891,1.99115,1.9914,3.50,6.40
2008.01.30 06:10:09.224,1.9912,1.9914,5.40,7.20
2008.01.30 06:10:09.477,1.9912,1.9914,5.40,7.20
2008.01.30 06:10:09.580,1.9912,1.9914,5.40,7.20
2008.01.30 06:10:09.882,1.9912,1.9914,5.40,7.20
2008.01.30 06:10:10.213,1.9912,1.9914,5.40,7.20
2008.01.30 06:10:10.545,1.9912,1.9914,5.40,7.20
2008.01.30 06:10:10.878,1.9912,1.9914,5.40,7.20
2008.01.30 06:10:11.271,1.9912,1.9914,5.40,7.20
2008.01.30 06:10:11.519,1.9912,1.9914,5.40,9.60
2008.01.30 06:10:11.663,1.9912,1.9914,5.40,10.40
2008.01.30 06:10:11.991,1.9912,1.9914,5.40,10.40
2008.01.30 06:10:12.322,1.9912,1.9914,5.40,10.40
2008.01.30 06:10:12.654,1.9912,1.9914,5.40,10.40
2008.01.30 06:10:12.994,1.9912,1.9914,5.40,10.40
2008.01.30 06:10:13.319,1.9912,1.9914,5.40,10.40
2008.01.30 06:10:13.648,1.9912,1.9914,5.40,10.40
2008.01.30 06:10:13.937,1.9912,1.9914,2.80,8.80
2008.01.30 06:10:14.312,1.9912,1.9914,2.80,8.80
2008.01.30 06:10:14.645,1.9912,1.9914,2.80,8.80
2008.01.30 06:10:14.977,1.9912,1.9914,2.80,8.80
2008.01.30 06:10:15.308,1.9912,1.9914,2.80,8.80
2008.01.30 06:10:15.640,1.9912,1.9914,2.80,8.80
2008.01.30 06:10:15.973,1.9912,1.9914,2.80,8.80
2008.01.30 06:10:16.306,1.9912,1.9914,2.80,8.80
2008.01.30 06:10:16.601,1.9912,1.9914,2.80,6.40
2008.01.30 06:10:16.833,1.9912,1.9914,2.40,8.80
2008.01.30 06:10:17.013,1.9912,1.9914,2.40,7.20
2008.01.30 06:10:17.304,1.9912,1.9914,2.40,7.20
2008.01.30 06:10:17.634,1.9912,1.9914,2.40,7.20
2008.01.30 06:10:17.971,1.9912,1.9914,2.40,7.20
2008.01.30 06:10:18.302,1.9912,1.9914,2.40,7.20
2008.01.30 06:10:18.633,1.9912,1.9914,2.40,7.20
2008.01.30 06:10:19.297,1.9912,1.9914,2.40,7.20
2008.01.30 06:10:19.630,1.9912,1.9914,2.40,7.20
2008.01.30 06:10:19.962,1.9912,1.9914,2.40,7.20
2008.01.30 06:10:20.306,1.9912,1.9914,2.40,7.20
2008.01.30 06:10:20.638,1.9912,1.9914,2.40,7.20
2008.01.30 06:10:20.970,1.9912,1.9914,2.40,7.20
2008.01.30 06:10:21.196,1.9912,1.9914,2.80,7.20
2008.01.30 06:10:21.419,1.9912,1.9914,2.80,8.80
2008.01.30 06:10:21.567,1.9912,1.9914,2.80,8.80
2008.01.30 06:10:21.965,1.9912,1.9914,2.80,8.80
2008.01.30 06:10:22.188,1.9912,1.9914,2.80,8.80
2008.01.30 06:10:22.410,1.9912,1.9914,2.80,8.80
2008.01.30 06:10:22.659,1.9912,1.9914,2.80,8.80
2008.01.30 06:10:22.941,1.9912,1.9914,2.80,8.80
2008.01.30 06:10:23.322,1.9912,1.9914,2.80,8.80
2008.01.30 06:10:23.703,1.9912,1.9914,2.80,8.80
2008.01.30 06:10:24.017,1.9912,1.9914,2.80,8.80
2008.01.30 06:10:24.367,1.9912,1.9914,2.80,8.80
2008.01.30 06:10:24.700,1.9912,1.9914,2.80,8.80
2008.01.30 06:10:25.033,1.9912,1.9914,2.80,8.80
2008.01.30 06:10:25.366,1.9912,1.9914,2.80,8.80
2008.01.30 06:10:25.774,1.9912,1.9914,2.80,8.80
2008.01.30 06:10:26.032,1.9912,1.9914,2.80,8.80
2008.01.30 06:10:26.283,1.9912,1.9914,2.80,8.80
2008.01.30 06:10:26.584,1.9912,1.9914,2.80,8.80
2008.01.30 06:10:26.792,1.9912,1.9914,2.80,6.40
2008.01.30 06:10:27.085,1.9912,1.9914,2.80,6.40
2008.01.30 06:10:27.725,1.9912,1.9914,2.80,6.40
2008.01.30 06:10:28.014,1.9912,1.9914,2.80,6.40
2008.01.30 06:10:28.388,1.9912,1.9914,2.80,6.40
2008.01.30 06:10:28.721,1.9912,1.9914,2.80,6.40
2008.01.30 06:10:29.054,1.9912,1.9914,2.80,6.40
2008.01.30 06:10:29.718,1.9912,1.9914,2.80,6.40
2008.01.30 06:10:30.050,1.9912,1.9914,2.80,6.40
2008.01.30 06:10:30.383,1.9912,1.9914,2.80,6.40
2008.01.30 06:10:30.526,1.99115,1.9914,4.00,6.40
2008.01.30 06:10:30.716,1.99115,1.9914,4.00,6.40
2008.01.30 06:10:31.049,1.9912,1.9914,1.50,6.40
2008.01.30 06:10:31.324,1.99115,1.9914,3.60,6.40
2008.01.30 06:10:31.596,1.9912,1.9914,1.20,8.00
2008.01.30 06:10:32.048,1.99115,1.9914,6.00,8.00
2008.01.30 06:10:32.316,1.9912,1.9914,1.90,12.80
2008.01.30 06:10:32.713,1.99115,1.9914,3.60,12.80
2008.01.30 06:10:32.964,1.9912,1.9914,1.50,12.80
2008.01.30 06:10:33.377,1.99115,1.9914,3.60,12.80
2008.01.30 06:10:33.733,1.9912,1.9914,1.90,12.80
2008.01.30 06:10:34.065,1.9912,1.9914,1.10,12.80
2008.01.30 06:10:34.728,1.99115,1.9914,3.60,12.80
2008.01.30 06:10:35.391,1.99115,1.9914,3.60,12.80
2008.01.30 06:10:35.722,1.99115,1.9914,3.60,12.80
2008.01.30 06:10:36.064,1.99115,1.9914,3.60,12.80
2008.01.30 06:10:36.395,1.99115,1.9914,3.60,12.80
2008.01.30 06:10:36.727,1.9912,1.9914,0.80,12.80
2008.01.30 06:10:37.060,1.99115,1.9914,3.60,12.80
2008.01.30 06:10:37.391,1.99115,1.9914,3.60,12.80
2008.01.30 06:10:37.724,1.99115,1.9914,3.60,12.80
2008.01.30 06:10:37.967,1.99115,1.9914,3.60,12.80
2008.01.30 06:10:38.387,1.99115,1.9914,3.60,12.80
2008.01.30 06:10:38.742,1.9912,1.9914,0.80,12.80
2008.01.30 06:10:39.072,1.99115,1.9914,3.60,12.80
2008.01.30 06:10:39.770,1.99115,1.9914,3.60,12.80
2008.01.30 06:10:40.494,1.99115,1.9914,3.60,12.80
2008.01.30 06:10:40.825,1.9912,1.9914,0.80,12.80
2008.01.30 06:10:41.113,1.99115,1.9914,3.60,12.80
2008.01.30 06:10:41.261,1.99115,1.9914,7.40,8.80
2008.01.30 06:10:41.517,1.99115,1.9914,7.40,8.80
2008.01.30 06:10:41.666,1.99115,1.9914,7.40,11.20
2008.01.30 06:10:41.850,1.99115,1.9914,7.40,11.20
2008.01.30 06:10:42.130,1.9912,1.9914,2.10,11.20
2008.01.30 06:10:42.353,1.9912,1.9914,0.70,12.80
2008.01.30 06:10:42.577,1.99115,1.9914,8.70,9.60
2008.01.30 06:10:42.800,1.99115,1.9914,13.50,5.60
2008.01.30 06:10:43.024,1.99115,1.99145,13.50,7.20
2008.01.30 06:10:43.247,1.99115,1.99145,13.50,7.20
2008.01.30 06:10:43.844,1.99115,1.99145,13.50,7.20
2008.01.30 06:10:44.177,1.99115,1.99145,13.50,7.20
2008.01.30 06:10:44.510,1.99115,1.99145,13.50,7.20
2008.01.30 06:10:44.843,1.99115,1.99145,13.50,7.20
2008.01.30 06:10:44.943,1.99115,1.99145,13.00,7.20
2008.01.30 06:10:45.062,1.9912,1.99145,1.30,7.20
2008.01.30 06:10:45.154,1.99115,1.99145,13.00,7.20
2008.01.30 06:10:45.276,1.99115,1.9914,9.80,0.80
2008.01.30 06:10:45.671,1.9912,1.9914,0.60,3.20
2008.01.30 06:10:45.996,1.99115,1.9914,3.60,7.20
2008.01.30 06:10:46.504,1.99115,1.9914,3.60,7.20
2008.01.30 06:10:46.899,1.99115,1.9914,3.60,7.20
2008.01.30 06:10:47.229,1.99115,1.9914,3.60,7.20
2008.01.30 06:10:47.572,1.9912,1.9914,1.30,7.20
2008.01.30 06:10:47.735,1.99115,1.9914,3.60,6.40
2008.01.30 06:10:47.981,1.99115,1.9914,3.60,6.40
2008.01.30 06:10:48.145,1.9911,1.9914,16.70,8.80
2008.01.30 06:10:48.637,1.99115,1.9914,0.50,8.80
2008.01.30 06:10:49.301,1.9911,1.9914,16.70,8.80
2008.01.30 06:10:49.965,1.9911,1.9914,16.70,8.80
2008.01.30 06:10:50.298,1.99115,1.9914,0.90,8.80
2008.01.30 06:10:50.629,1.99115,1.9914,0.80,8.80
2008.01.30 06:10:50.961,1.9911,1.9914,16.70,8.80
2008.01.30 06:10:51.293,1.9911,1.9914,16.70,8.80
2008.01.30 06:10:51.697,1.99115,1.9914,0.50,8.80
2008.01.30 06:10:51.958,1.99115,1.9914,0.50,8.80
2008.01.30 06:10:52.110,1.9911,1.9914,16.70,8.80
2008.01.30 06:10:52.232,1.9911,1.9914,16.70,8.80
2008.01.30 06:10:52.414,1.9912,1.9914,1.90,12.00
