2011.04.20 10:00:00.313,1.63464,1.63478,1.50,3.63
2011.04.20 10:00:00.426,1.63464,1.63478,1.50,4.38
2011.04.20 10:00:01.416,1.6346,1.63476,1.50,2.25
2011.04.20 10:00:01.748,1.6346,1.63475,1.50,1.09
2011.04.20 10:00:02.516,1.63457,1.63473,3.75,1.09
2011.04.20 10:00:02.628,1.63457,1.63472,1.50,3.00
2011.04.20 10:00:02.740,1.63455,1.63469,3.00,1.09
2011.04.20 10:00:02.968,1.63453,1.63463,3.82,1.84
2011.04.20 10:00:03.950,1.63454,1.63467,1.13,1.09
2011.04.20 10:00:04.179,1.63455,1.63467,2.25,1.09
2011.04.20 10:00:04.299,1.63455,1.6347,3.30,1.50
2011.04.20 10:00:04.417,1.63457,1.63471,1.50,2.25
2011.04.20 10:00:04.529,1.6346,1.63474,1.50,1.50
2011.04.20 10:00:05.087,1.63463,1.63475,1.50,1.50
2011.04.20 10:00:05.636,1.63463,1.63476,1.50,1.50
2011.04.20 10:00:05.966,1.63463,1.63475,1.50,1.50
2011.04.20 10:00:07.297,1.63457,1.63473,3.00,1.09
2011.04.20 10:00:07.518,1.63462,1.63475,1.50,2.25
2011.04.20 10:00:09.337,1.63456,1.63473,1.95,1.50
2011.04.20 10:00:09.887,1.63455,1.63472,1.09,1.50
2011.04.20 10:00:10.105,1.63455,1.63472,1.09,2.25
2011.04.20 10:00:10.546,1.63454,1.63469,1.13,2.59
2011.04.20 10:00:11.095,1.63454,1.6347,1.05,2.25
2011.04.20 10:00:11.646,1.63454,1.63471,1.05,2.59
2011.04.20 10:00:12.196,1.63454,1.6347,1.05,2.25
2011.04.20 10:00:12.838,1.63454,1.6347,1.05,1.50
2011.04.20 10:00:13.737,1.63454,1.6347,1.05,2.25
2011.04.20 10:00:14.285,1.63454,1.6347,1.05,1.50
2011.04.20 10:00:14.727,1.63455,1.63471,1.50,1.09
2011.04.20 10:00:15.055,1.63454,1.63469,1.05,2.59
2011.04.20 10:00:15.635,1.63454,1.63468,1.05,1.09
2011.04.20 10:00:16.187,1.63454,1.63468,1.05,1.09
2011.04.20 10:00:16.736,1.63454,1.63468,1.05,1.09
2011.04.20 10:00:17.286,1.63454,1.63468,1.05,1.09
2011.04.20 10:00:18.225,1.63454,1.63468,1.05,1.09
2011.04.20 10:00:18.558,1.63454,1.63468,1.05,1.09
2011.04.20 10:00:19.156,1.63453,1.63466,1.05,1.50
2011.04.20 10:00:19.386,1.63453,1.63467,1.05,2.25
2011.04.20 10:00:20.137,1.63453,1.63466,1.05,1.50
2011.04.20 10:00:20.686,1.63451,1.63464,1.05,1.50
2011.04.20 10:00:20.797,1.63447,1.63463,1.20,2.33
2011.04.20 10:00:20.907,1.63444,1.6346,1.50,1.54
2011.04.20 10:00:21.129,1.63442,1.63454,1.20,1.50
2011.04.20 10:00:21.249,1.63438,1.63454,2.63,1.84
2011.04.20 10:00:21.477,1.63438,1.63454,1.50,4.09
2011.04.20 10:00:21.808,1.63437,1.63453,1.95,1.50
2011.04.20 10:00:22.466,1.63438,1.63454,1.50,1.09
2011.04.20 10:00:22.577,1.63438,1.63455,1.50,1.50
2011.04.20 10:00:22.907,1.63442,1.63455,1.50,1.50
2011.04.20 10:00:23.457,1.6344,1.63455,3.75,1.50
2011.04.20 10:00:23.788,1.63442,1.63458,1.50,2.59
2011.04.20 10:00:24.280,1.63442,1.63457,1.50,1.50
2011.04.20 10:00:24.506,1.6344,1.63457,2.25,2.25
2011.04.20 10:00:24.726,1.63442,1.63458,1.50,3.34
2011.04.20 10:00:24.835,1.63442,1.63458,1.50,3.34
2011.04.20 10:00:25.167,1.63442,1.63458,1.50,1.84
2011.04.20 10:00:25.716,1.63442,1.63458,1.50,1.50
2011.04.20 10:00:26.375,1.63442,1.63459,1.50,2.25
2011.04.20 10:00:26.928,1.63443,1.63459,3.00,1.50
2011.04.20 10:00:27.037,1.63444,1.6346,1.50,2.25
2011.04.20 10:00:28.155,1.63447,1.63461,1.50,3.34
2011.04.20 10:00:28.269,1.63447,1.63461,1.50,2.59
2011.04.20 10:00:30.095,1.63447,1.63461,1.50,2.59
2011.04.20 10:00:30.426,1.63445,1.63459,2.25,2.25
2011.04.20 10:00:30.758,1.6345,1.6346,1.50,1.84
2011.04.20 10:00:30.976,1.63447,1.63463,1.50,2.47
2011.04.20 10:00:31.305,1.63447,1.6346,1.50,1.84
2011.04.20 10:00:31.746,1.63445,1.63458,1.50,1.50
2011.04.20 10:00:31.968,1.63444,1.6346,1.50,1.50
2011.04.20 10:00:32.406,1.6345,1.63462,1.50,1.50
2011.04.20 10:00:32.526,1.63447,1.63462,1.50,1.84
2011.04.20 10:00:32.748,1.63447,1.63464,1.50,4.50
2011.04.20 10:00:33.077,1.63447,1.63461,1.50,1.09
2011.04.20 10:00:33.626,1.63447,1.63461,1.50,1.09
2011.04.20 10:00:33.959,1.63447,1.63461,1.50,3.34
2011.04.20 10:00:34.187,1.63443,1.6346,1.50,1.50
2011.04.20 10:00:34.735,1.63442,1.63459,1.50,2.25
2011.04.20 10:00:35.722,1.63442,1.63459,1.50,1.50
2011.04.20 10:00:35.946,1.63442,1.63459,1.50,1.50
2011.04.20 10:00:36.606,1.63442,1.63459,1.50,1.50
2011.04.20 10:00:37.156,1.63445,1.6346,2.25,1.50
2011.04.20 10:00:37.926,1.63447,1.63461,1.50,1.09
2011.04.20 10:00:38.843,1.63445,1.6346,2.25,2.25
2011.04.20 10:00:39.447,1.63447,1.63461,1.50,1.84
2011.04.20 10:00:39.886,1.63447,1.63461,1.50,1.09
2011.04.20 10:00:40.895,1.63447,1.63461,1.50,1.09
2011.04.20 10:00:41.116,1.6345,1.63462,1.50,1.50
2011.04.20 10:00:41.667,1.6345,1.63464,1.50,1.50
2011.04.20 10:00:43.187,1.6345,1.63464,1.50,1.50
2011.04.20 10:00:43.735,1.6345,1.63466,1.50,3.90
2011.04.20 10:00:44.877,1.6345,1.63466,1.50,3.90
2011.04.20 10:00:45.426,1.6345,1.63466,1.50,3.90
2011.04.20 10:00:46.346,1.6345,1.63466,1.50,3.15
2011.04.20 10:00:46.897,1.6345,1.63466,1.50,3.15
2011.04.20 10:00:47.445,1.6345,1.63466,1.50,3.15
2011.04.20 10:00:47.966,1.6345,1.63466,1.50,3.15
2011.04.20 10:00:49.285,1.6345,1.63465,1.50,1.50
2011.04.20 10:00:50.033,1.6345,1.63464,1.50,1.50
2011.04.20 10:00:50.369,1.6345,1.63464,1.50,1.50
2011.04.20 10:00:55.421,1.6345,1.63463,1.50,1.84
2011.04.20 10:00:55.756,1.6345,1.63462,1.50,1.50
2011.04.20 10:00:56.517,1.6345,1.63462,1.50,1.50
2011.04.20 10:00:57.495,1.6345,1.63462,1.50,1.50
2011.04.20 10:00:59.717,1.6345,1.63464,1.50,2.25
2011.04.20 10:01:00.266,1.6345,1.63464,1.50,2.25
2011.04.20 10:01:07.376,1.6345,1.63458,1.50,1.50
2011.04.20 10:01:07.599,1.63444,1.63457,1.20,1.50
2011.04.20 10:01:07.828,1.63442,1.63457,1.50,1.50
2011.04.20 10:01:08.046,1.6344,1.63457,1.50,1.50
2011.04.20 10:01:08.266,1.6344,1.63458,2.25,1.50
2011.04.20 10:01:08.485,1.6344,1.63458,2.25,1.50
2011.04.20 10:01:10.717,1.6344,1.63456,1.50,1.50
2011.04.20 10:01:11.297,1.6344,1.63456,1.50,1.50
2011.04.20 10:01:11.846,1.6344,1.63456,1.50,2.25
2011.04.20 10:01:11.956,1.6344,1.63456,1.50,2.25
2011.04.20 10:01:12.176,1.63436,1.63455,1.95,1.50
2011.04.20 10:01:12.285,1.63436,1.63455,2.70,1.50
2011.04.20 10:01:12.505,1.63437,1.63454,1.50,1.50
2011.04.20 10:01:16.058,1.63437,1.63454,2.25,1.50
2011.04.20 10:01:16.605,1.63437,1.63454,2.25,1.50
2011.04.20 10:01:18.053,1.63442,1.63456,1.50,1.50
2011.04.20 10:01:18.948,1.63439,1.63456,1.50,1.50
2011.04.20 10:01:19.496,1.63442,1.63456,1.50,1.50
2011.04.20 10:01:19.938,1.63443,1.63456,1.50,1.50
2011.04.20 10:01:20.158,1.63445,1.63458,1.50,1.50
2011.04.20 10:01:20.596,1.63442,1.63458,3.00,1.50
2011.04.20 10:01:20.817,1.63442,1.63456,1.50,1.50
2011.04.20 10:01:21.257,1.6344,1.63456,1.50,1.50
2011.04.20 10:01:22.936,1.6344,1.63456,1.50,1.50
2011.04.20 10:01:23.485,1.63444,1.63457,1.50,2.13
2011.04.20 10:01:23.708,1.63442,1.63457,1.50,2.13
2011.04.20 10:01:23.926,1.6344,1.63456,3.34,1.50
2011.04.20 10:01:24.366,1.6344,1.63456,3.34,1.50
2011.04.20 10:01:25.137,1.6344,1.63456,3.34,1.50
2011.04.20 10:01:26.275,1.6344,1.63456,3.34,1.50
2011.04.20 10:01:26.825,1.6344,1.63456,3.34,1.50
2011.04.20 10:01:27.335,1.6344,1.63456,3.34,1.50
2011.04.20 10:01:27.666,1.6344,1.63456,3.34,1.50
2011.04.20 10:01:28.325,1.6344,1.63456,3.34,1.50
2011.04.20 10:01:28.769,1.6344,1.63456,3.34,1.50
2011.04.20 10:01:29.000,1.63437,1.63454,1.50,1.50
2011.04.20 10:01:29.534,1.63435,1.63454,3.75,1.50
2011.04.20 10:01:29.650,1.63437,1.63454,1.50,1.50
2011.04.20 10:01:30.205,1.63437,1.63454,1.50,1.50
2011.04.20 10:01:30.757,1.63442,1.63456,1.50,1.50
2011.04.20 10:01:31.305,1.6344,1.63455,2.25,1.50
2011.04.20 10:01:31.636,1.63441,1.63456,1.50,2.25
2011.04.20 10:01:32.185,1.63445,1.63456,1.50,1.50
2011.04.20 10:01:33.316,1.63445,1.63456,1.50,1.50
2011.04.20 10:01:33.866,1.63442,1.63458,2.25,1.50
2011.04.20 10:01:34.416,1.63442,1.63458,1.50,1.50
2011.04.20 10:01:35.227,1.63442,1.63458,1.50,2.25
2011.04.20 10:01:35.775,1.63441,1.63456,2.25,1.50
2011.04.20 10:01:38.095,1.6344,1.63456,3.00,1.50
2011.04.20 10:01:38.646,1.63441,1.63456,1.50,2.25
2011.04.20 10:01:39.435,1.6344,1.63456,3.00,2.25
2011.04.20 10:01:39.989,1.63443,1.63458,1.50,2.25
2011.04.20 10:01:40.462,1.63445,1.63459,1.50,2.25
2011.04.20 10:01:42.609,1.63443,1.63459,1.50,1.38
2011.04.20 10:01:42.726,1.63442,1.63458,1.50,1.50
2011.04.20 10:01:45.836,1.63441,1.63456,2.25,1.50
2011.04.20 10:01:47.467,1.63441,1.63456,2.25,1.50
2011.04.20 10:01:47.686,1.63442,1.63458,1.50,1.50
2011.04.20 10:01:48.606,1.63442,1.63458,1.50,2.25
2011.04.20 10:01:49.156,1.63442,1.63458,1.50,1.50
2011.04.20 10:01:51.175,1.63442,1.63458,1.50,2.25
2011.04.20 10:01:51.706,1.63441,1.63456,2.25,1.50
2011.04.20 10:01:52.737,1.6344,1.63456,2.25,3.34
2011.04.20 10:01:53.066,1.63445,1.63456,1.50,1.50
2011.04.20 10:01:56.156,1.63441,1.63456,1.50,1.50
2011.04.20 10:01:57.276,1.6344,1.63456,3.00,1.50
2011.04.20 10:01:57.716,1.63443,1.63458,1.50,1.50
2011.04.20 10:01:58.485,1.63443,1.63458,1.50,1.50
2011.04.20 10:01:59.036,1.63442,1.63459,2.25,1.50
2011.04.20 10:01:59.146,1.63443,1.63459,1.50,1.50
2011.04.20 10:01:59.837,1.63447,1.63459,1.50,1.50
2011.04.20 10:02:00.167,1.63455,1.63462,1.50,1.50
2011.04.20 10:02:00.565,1.63457,1.63466,1.50,2.55
2011.04.20 10:02:00.687,1.63462,1.63479,1.50,1.50
2011.04.20 10:02:00.910,1.63465,1.6348,1.50,1.50
2011.04.20 10:02:01.468,1.63466,1.63481,1.50,1.50
2011.04.20 10:02:02.017,1.63467,1.63482,1.50,1.50
2011.04.20 10:02:02.898,1.63469,1.63484,1.50,1.50
2011.04.20 10:02:03.006,1.6347,1.63485,1.50,2.25
2011.04.20 10:02:03.558,1.63468,1.63483,1.50,1.50
2011.04.20 10:02:03.666,1.63467,1.63483,1.50,1.50
2011.04.20 10:02:04.105,1.63467,1.63481,1.50,1.84
2011.04.20 10:02:05.166,1.63467,1.6348,1.50,1.50
2011.04.20 10:02:05.497,1.63463,1.63478,1.50,1.73
2011.04.20 10:02:05.937,1.63461,1.63475,1.50,1.50
2011.04.20 10:02:06.267,1.63457,1.63471,1.50,1.09
2011.04.20 10:02:06.377,1.63455,1.6347,2.25,1.50
2011.04.20 10:02:06.490,1.63455,1.63468,1.50,1.50
2011.04.20 10:02:06.827,1.63452,1.63466,1.50,2.59
2011.04.20 10:02:07.376,1.63452,1.63466,1.50,2.59
2011.04.20 10:02:08.147,1.63452,1.63466,1.50,2.59
2011.04.20 10:02:08.369,1.63452,1.63466,1.50,1.84
2011.04.20 10:02:08.816,1.63452,1.63466,1.50,1.84
2011.04.20 10:02:09.360,1.63455,1.6347,1.50,2.13
2011.04.20 10:02:09.477,1.63465,1.63476,1.50,1.50
2011.04.20 10:02:09.696,1.63465,1.63479,2.25,1.50
2011.04.20 10:02:09.916,1.63465,1.6348,2.25,1.50
2011.04.20 10:02:10.908,1.63465,1.63479,2.25,1.50
2011.04.20 10:02:11.457,1.63467,1.63481,1.50,2.13
2011.04.20 10:02:15.160,1.63465,1.63478,1.50,1.50
2011.04.20 10:02:16.637,1.63465,1.63475,1.50,1.50
2011.04.20 10:02:16.858,1.6346,1.63471,2.25,4.50
2011.04.20 10:02:17.187,1.63453,1.63469,1.20,2.25
2011.04.20 10:02:17.297,1.63453,1.6347,1.84,1.38
2011.04.20 10:02:17.406,1.63455,1.63471,2.25,1.50
2011.04.20 10:02:17.849,1.63457,1.63474,2.25,4.50
2011.04.20 10:02:18.188,1.6346,1.63474,1.50,2.25
2011.04.20 10:02:18.628,1.63459,1.63474,1.50,6.75
2011.04.20 10:02:18.847,1.63457,1.63473,1.50,1.50
2011.04.20 10:02:18.958,1.63458,1.63474,1.50,1.50
2011.04.20 10:02:19.289,1.6346,1.63474,1.50,1.50
2011.04.20 10:02:21.029,1.6346,1.63474,1.50,2.25
2011.04.20 10:02:21.373,1.63457,1.63473,2.25,1.50
2011.04.20 10:02:22.365,1.63456,1.63472,1.50,1.50
2011.04.20 10:02:22.476,1.63456,1.63471,1.50,6.00
2011.04.20 10:02:22.807,1.63452,1.63464,1.50,1.84
2011.04.20 10:02:23.245,1.63452,1.63468,1.50,1.50
2011.04.20 10:02:23.466,1.63455,1.6347,1.50,4.50
2011.04.20 10:02:23.576,1.63457,1.63471,1.50,2.25
2011.04.20 10:02:23.688,1.63458,1.63472,1.50,3.75
2011.04.20 10:02:23.797,1.63458,1.63472,1.50,3.00
2011.04.20 10:02:24.022,1.63462,1.63474,1.50,1.50
2011.04.20 10:02:24.138,1.63462,1.63476,1.50,2.25
2011.04.20 10:02:30.706,1.6346,1.63474,1.50,2.25
2011.04.20 10:02:31.255,1.63457,1.63473,1.95,1.50
2011.04.20 10:02:31.476,1.63457,1.63473,1.95,2.25
2011.04.20 10:02:33.948,1.6346,1.63474,1.50,3.00
2011.04.20 10:02:34.056,1.63461,1.63474,1.88,2.25
2011.04.20 10:02:34.607,1.63462,1.63475,1.20,1.50
2011.04.20 10:02:34.718,1.63463,1.6348,1.20,1.46
2011.04.20 10:02:35.047,1.63467,1.63482,1.50,1.50
2011.04.20 10:02:35.267,1.63465,1.63479,3.45,1.09
2011.04.20 10:02:36.256,1.63466,1.63479,1.50,1.84
2011.04.20 10:02:36.366,1.63462,1.63479,1.50,2.59
2011.04.20 10:02:37.385,1.63462,1.63478,1.50,1.50
2011.04.20 10:02:37.718,1.63466,1.6347,3.75,1.38
2011.04.20 10:02:38.048,1.63477,1.63489,3.75,1.50
2011.04.20 10:02:38.529,1.63477,1.63489,3.75,1.50
2011.04.20 10:02:38.653,1.63482,1.63496,2.25,1.20
2011.04.20 10:02:38.877,1.63487,1.63501,1.50,1.09
2011.04.20 10:02:39.427,1.63487,1.63501,1.50,1.09
2011.04.20 10:02:41.187,1.63487,1.63503,1.50,3.75
2011.04.20 10:02:42.115,1.63487,1.63502,1.50,1.50
2011.04.20 10:02:42.665,1.63487,1.63503,1.50,3.75
2011.04.20 10:02:43.216,1.63487,1.63502,1.50,1.50
2011.04.20 10:02:43.437,1.63487,1.63498,1.50,1.50
2011.04.20 10:02:43.549,1.63485,1.63498,1.50,1.50
2011.04.20 10:02:43.777,1.63487,1.63499,1.50,1.84
2011.04.20 10:02:43.997,1.63489,1.63505,1.50,2.47
2011.04.20 10:02:44.218,1.6349,1.63503,1.50,1.50
2011.04.20 10:02:44.327,1.63487,1.63503,1.50,1.50
2011.04.20 10:02:44.875,1.63487,1.63503,1.50,1.50
2011.04.20 10:02:45.428,1.63487,1.63503,1.50,2.25
2011.04.20 10:02:45.648,1.63487,1.63503,1.50,1.50
2011.04.20 10:02:45.865,1.63487,1.63503,1.50,2.25
2011.04.20 10:02:47.196,1.63487,1.63503,1.50,1.50
2011.04.20 10:02:48.505,1.63487,1.63503,1.50,2.25
2011.04.20 10:02:49.166,1.63487,1.63503,1.50,1.50
2011.04.20 10:02:50.468,1.63487,1.63503,1.50,2.25
2011.04.20 10:02:51.179,1.63487,1.63503,1.50,1.50
2011.04.20 10:02:51.795,1.63487,1.63503,1.50,2.25
2011.04.20 10:02:52.018,1.63487,1.63503,1.50,2.25
2011.04.20 10:02:52.567,1.63487,1.63502,1.50,2.25
2011.04.20 10:02:53.836,1.63487,1.63502,1.50,1.50
2011.04.20 10:02:54.784,1.63484,1.63498,1.20,1.50
2011.04.20 10:02:54.898,1.63483,1.63498,1.20,1.50
2011.04.20 10:02:55.118,1.63485,1.63502,2.25,2.25
2011.04.20 10:02:55.337,1.63487,1.63503,1.50,4.09
2011.04.20 10:02:56.447,1.63487,1.63503,1.50,3.34
2011.04.20 10:02:57.286,1.63487,1.63503,1.50,3.34
2011.04.20 10:02:57.617,1.63484,1.63498,2.70,1.50
2011.04.20 10:02:57.947,1.63482,1.63498,1.95,1.50
2011.04.20 10:02:58.495,1.63482,1.63498,1.20,1.50
2011.04.20 10:02:59.606,1.63482,1.63495,1.20,1.50
2011.04.20 10:02:59.717,1.63485,1.63499,1.50,3.34
2011.04.20 10:02:59.828,1.63486,1.63501,1.50,2.25
2011.04.20 10:03:00.047,1.63486,1.63503,1.50,1.50
2011.04.20 10:03:00.156,1.63486,1.63502,1.50,1.50
2011.04.20 10:03:00.877,1.63486,1.63502,1.50,1.50
2011.04.20 10:03:01.683,1.63487,1.63504,1.50,1.50
2011.04.20 10:03:02.370,1.63488,1.63504,1.50,1.50
2011.04.20 10:03:02.817,1.63485,1.63503,2.70,1.84
2011.04.20 10:03:03.808,1.63485,1.63503,1.95,2.59
2011.04.20 10:03:04.139,1.63483,1.63496,1.20,1.09
2011.04.20 10:03:04.258,1.63482,1.63496,1.20,1.99
2011.04.20 10:03:04.477,1.63482,1.63491,1.50,1.84
2011.04.20 10:03:04.587,1.63478,1.63491,1.20,1.84
2011.04.20 10:03:04.697,1.63478,1.63491,1.20,7.09
2011.04.20 10:03:04.808,1.63475,1.63489,2.70,3.00
2011.04.20 10:03:05.146,1.63476,1.63491,1.50,4.84
2011.04.20 10:03:10.106,1.63477,1.6349,1.50,1.50
2011.04.20 10:03:10.438,1.63472,1.63487,2.70,1.09
2011.04.20 10:03:11.437,1.63473,1.63488,1.95,4.09
2011.04.20 10:03:11.547,1.63477,1.63489,2.25,1.50
2011.04.20 10:03:11.657,1.63477,1.63493,2.25,3.34
2011.04.20 10:03:11.768,1.63478,1.63493,1.50,2.59
2011.04.20 10:03:12.096,1.6348,1.63493,1.50,2.59
2011.04.20 10:03:12.648,1.6348,1.63493,1.50,1.84
2011.04.20 10:03:14.846,1.63481,1.63495,1.50,2.25
2011.04.20 10:03:19.072,1.6348,1.63495,1.50,1.50
2011.04.20 10:03:19.407,1.63475,1.6349,2.70,1.09
2011.04.20 10:03:20.727,1.63477,1.63488,1.50,1.50
2011.04.20 10:03:20.838,1.63473,1.63487,1.20,1.50
2011.04.20 10:03:20.947,1.63472,1.63487,2.70,1.50
2011.04.20 10:03:21.499,1.63472,1.63486,1.50,1.84
2011.04.20 10:03:22.166,1.63472,1.63486,1.50,1.84
2011.04.20 10:03:22.760,1.63472,1.63486,1.50,1.84
2011.04.20 10:03:23.768,1.63473,1.63489,1.50,3.75
2011.04.20 10:03:28.436,1.63475,1.63486,2.25,1.84
2011.04.20 10:03:28.547,1.63472,1.63486,1.95,1.84
2011.04.20 10:03:29.755,1.63472,1.63483,1.50,1.84
2011.04.20 10:03:30.305,1.63472,1.63483,1.50,1.84
2011.04.20 10:03:43.567,1.63471,1.63486,1.50,1.50
2011.04.20 10:03:44.116,1.63471,1.63487,1.50,4.09
2011.04.20 10:03:44.466,1.6347,1.63484,3.75,1.09
2011.04.20 10:03:45.015,1.63471,1.63485,1.50,1.84
2011.04.20 10:03:53.826,1.63472,1.63485,1.50,1.84
2011.04.20 10:03:54.376,1.63471,1.63485,1.50,1.84
2011.04.20 10:03:55.035,1.63472,1.63485,1.50,1.84
2011.04.20 10:03:55.565,1.63472,1.63485,1.50,1.84
2011.04.20 10:03:55.957,1.6347,1.63478,3.00,1.50
2011.04.20 10:03:56.067,1.63469,1.63478,1.20,1.50
2011.04.20 10:03:56.397,1.63469,1.63481,1.50,2.25
2011.04.20 10:03:56.506,1.63469,1.63483,1.50,3.34
2011.04.20 10:03:56.835,1.63469,1.63483,1.50,3.34
2011.04.20 10:03:57.706,1.63469,1.63483,1.50,3.34
2011.04.20 10:04:01.240,1.63467,1.63481,3.45,1.50
2011.04.20 10:04:01.468,1.63467,1.63482,1.50,2.25
2011.04.20 10:04:01.917,1.63467,1.63483,1.50,3.34
2011.04.20 10:04:02.796,1.63467,1.63483,1.50,3.34
2011.04.20 10:04:03.346,1.63467,1.63483,1.50,4.09
2011.04.20 10:04:03.895,1.63467,1.63483,1.50,3.34
2011.04.20 10:04:04.405,1.63467,1.63483,1.50,4.09
2011.04.20 10:04:04.985,1.63467,1.63483,1.50,3.34
2011.04.20 10:04:05.825,1.63467,1.63483,1.50,3.34
2011.04.20 10:04:06.388,1.6347,1.63485,2.25,1.50
2011.04.20 10:04:06.935,1.6347,1.63485,1.50,1.50
2011.04.20 10:04:07.486,1.6347,1.63485,1.50,1.50
2011.04.20 10:04:07.926,1.6347,1.63485,2.25,1.50
2011.04.20 10:04:08.695,1.6347,1.63485,1.50,1.50
2011.04.20 10:04:09.616,1.6347,1.63485,1.50,1.50
2011.04.20 10:04:10.107,1.63472,1.63486,1.50,1.88
2011.04.20 10:04:10.437,1.63469,1.63486,1.95,1.88
2011.04.20 10:04:10.549,1.63468,1.63486,1.50,1.88
2011.04.20 10:04:11.627,1.63467,1.63486,1.95,2.85
2011.04.20 10:04:12.286,1.63467,1.63485,1.95,1.50
2011.04.20 10:04:13.425,1.63468,1.63484,1.50,2.25
2011.04.20 10:04:13.536,1.63467,1.63484,1.20,2.25
2011.04.20 10:04:13.869,1.63469,1.63478,1.50,1.62
2011.04.20 10:04:14.099,1.63464,1.63474,1.50,5.59
2011.04.20 10:04:14.327,1.63459,1.63471,1.74,1.50
2011.04.20 10:04:29.316,1.63461,1.63472,1.30,3.34
2011.04.20 10:04:32.276,1.6346,1.63472,1.30,3.34
2011.04.20 10:04:37.948,1.63457,1.63471,1.30,1.50
2011.04.20 10:04:40.688,1.63455,1.6347,1.50,2.25
2011.04.20 10:04:40.908,1.6345,1.6347,2.70,3.75
2011.04.20 10:04:41.017,1.6345,1.6347,1.95,3.75
2011.04.20 10:04:41.132,1.6345,1.63467,1.20,1.50
2011.04.20 10:04:41.357,1.6345,1.63468,1.20,1.50
2011.04.20 10:04:41.906,1.6345,1.63468,1.20,1.50
2011.04.20 10:04:42.348,1.63449,1.63468,2.32,1.50
2011.04.20 10:04:42.462,1.63449,1.63462,1.20,1.09
2011.04.20 10:04:42.797,1.63446,1.63459,1.50,1.50
2011.04.20 10:04:43.357,1.63437,1.63453,1.20,2.25
2011.04.20 10:04:43.470,1.63436,1.63453,1.20,2.25
2011.04.20 10:04:43.700,1.63436,1.63453,1.95,2.25
2011.04.20 10:04:43.929,1.63437,1.63453,1.20,1.50
2011.04.20 10:04:44.267,1.63436,1.63453,1.20,2.25
2011.04.20 10:04:44.381,1.63437,1.63453,1.20,2.25
2011.04.20 10:04:44.939,1.63437,1.63453,1.20,2.25
2011.04.20 10:04:45.496,1.63436,1.63453,1.50,1.50
2011.04.20 10:04:46.046,1.63436,1.63453,1.50,2.25
2011.04.20 10:04:47.569,1.63436,1.63453,1.50,3.00
2011.04.20 10:04:48.576,1.63433,1.6345,1.50,1.50
2011.04.20 10:04:49.456,1.63434,1.6345,1.50,1.50
2011.04.20 10:04:50.036,1.63433,1.6345,1.50,1.50
2011.04.20 10:04:50.545,1.63434,1.6345,1.50,1.50
2011.04.20 10:04:50.876,1.63432,1.6345,1.50,1.50
2011.04.20 10:04:51.316,1.63432,1.63448,1.50,1.84
2011.04.20 10:04:51.867,1.63425,1.63446,1.50,3.00
2011.04.20 10:04:53.386,1.63426,1.63446,2.77,3.00
2011.04.20 10:04:57.137,1.63426,1.63445,2.70,1.50
2011.04.20 10:04:57.795,1.63425,1.63442,1.95,1.50
2011.04.20 10:04:58.238,1.6342,1.63437,1.20,1.50
2011.04.20 10:04:58.787,1.6342,1.63437,3.04,1.73
2011.04.20 10:04:59.121,1.63423,1.63438,1.09,1.50
2011.04.20 10:04:59.347,1.63423,1.6344,1.09,3.00
2011.04.20 10:05:00.228,1.63422,1.6344,1.84,2.25
2011.04.20 10:05:00.347,1.6342,1.63439,1.20,1.50
2011.04.20 10:05:00.458,1.63419,1.63439,6.03,1.50
2011.04.20 10:05:01.051,1.63419,1.63437,4.09,1.65
2011.04.20 10:05:01.277,1.63419,1.63437,3.34,2.40
2011.04.20 10:05:01.826,1.63422,1.63437,1.84,2.25
2011.04.20 10:05:02.378,1.63422,1.63437,2.22,2.25
2011.04.20 10:05:02.489,1.63422,1.63437,2.97,3.00
2011.04.20 10:05:02.600,1.63419,1.63436,1.50,1.50
2011.04.20 10:05:02.938,1.63417,1.63434,1.20,1.50
2011.04.20 10:05:03.377,1.63415,1.63431,1.50,1.38
2011.04.20 10:05:03.600,1.63415,1.63431,1.50,2.13
2011.04.20 10:05:04.242,1.63415,1.63431,1.50,1.38
2011.04.20 10:05:05.718,1.63416,1.63433,1.13,3.75
2011.04.20 10:05:06.157,1.63415,1.63433,3.00,2.25
2011.04.20 10:05:06.487,1.63418,1.63433,1.50,2.25
2011.04.20 10:05:07.036,1.63418,1.63434,1.50,1.50
2011.04.20 10:05:07.478,1.63416,1.63433,1.50,2.25
2011.04.20 10:05:07.918,1.6341,1.63427,2.44,1.87
2011.04.20 10:05:08.138,1.63414,1.6343,1.69,2.25
2011.04.20 10:05:08.358,1.63414,1.6343,2.44,2.25
2011.04.20 10:05:08.578,1.63414,1.6343,2.44,1.50
2011.04.20 10:05:09.200,1.63418,1.63432,1.50,1.50
2011.04.20 10:05:12.437,1.63417,1.6343,1.47,1.50
2011.04.20 10:05:12.766,1.63414,1.6343,2.63,1.50
2011.04.20 10:05:13.536,1.63414,1.6343,2.63,1.50
2011.04.20 10:05:14.357,1.63414,1.6343,2.63,2.25
2011.04.20 10:05:14.943,1.6341,1.63428,1.54,1.50
2011.04.20 10:05:15.607,1.6341,1.63428,1.57,2.25
2011.04.20 10:05:16.047,1.63409,1.63426,3.00,1.50
2011.04.20 10:05:16.156,1.63409,1.63426,3.75,1.50
2011.04.20 10:05:16.378,1.6341,1.63426,1.09,1.50
2011.04.20 10:05:16.597,1.6341,1.63428,1.50,1.50
2011.04.20 10:05:17.365,1.6341,1.63429,1.50,2.25
2011.04.20 10:05:18.295,1.6341,1.63428,1.50,1.50
2011.04.20 10:05:19.216,1.63411,1.63427,2.25,1.50
2011.04.20 10:05:19.767,1.63411,1.63429,2.25,2.25
2011.04.20 10:05:20.726,1.63411,1.63428,1.50,1.50
2011.04.20 10:05:21.606,1.63412,1.63429,1.50,2.25
2011.04.20 10:05:22.596,1.63413,1.63429,1.50,1.50
2011.04.20 10:05:23.213,1.63413,1.63429,1.50,2.25
2011.04.20 10:05:24.606,1.63413,1.63429,1.50,1.50
2011.04.20 10:05:26.296,1.63413,1.6343,1.50,2.25
2011.04.20 10:05:27.840,1.63415,1.6343,1.58,1.50
2011.04.20 10:05:27.959,1.63419,1.63431,1.88,2.25
2011.04.20 10:05:28.081,1.63416,1.63431,2.25,1.50
2011.04.20 10:05:28.198,1.6342,1.63432,1.50,2.25
2011.04.20 10:05:28.310,1.6342,1.63435,3.34,1.50
2011.04.20 10:05:28.431,1.63423,1.6344,1.50,2.25
2011.04.20 10:05:28.547,1.63423,1.63439,2.25,1.50
2011.04.20 10:05:28.988,1.63427,1.63442,1.88,2.40
2011.04.20 10:05:29.104,1.63428,1.63443,1.50,1.50
2011.04.20 10:05:29.217,1.6343,1.63444,1.09,1.50
2011.04.20 10:05:29.548,1.63433,1.63446,1.09,2.25
2011.04.20 10:05:30.096,1.63433,1.63447,1.09,1.50
2011.04.20 10:05:30.316,1.63433,1.63447,1.09,1.50
2011.04.20 10:05:31.593,1.63436,1.63452,1.50,2.25
2011.04.20 10:05:32.311,1.63436,1.63452,1.50,1.50
2011.04.20 10:05:35.189,1.63434,1.63451,2.70,1.50
2011.04.20 10:05:38.633,1.63432,1.6345,4.53,1.50
2011.04.20 10:05:39.406,1.63433,1.63452,1.09,3.00
2011.04.20 10:05:39.737,1.63433,1.63452,1.84,2.25
2011.04.20 10:05:41.065,1.63433,1.63452,1.84,2.25
2011.04.20 10:05:41.807,1.63433,1.63452,1.84,2.25
2011.04.20 10:05:42.149,1.63433,1.63452,1.84,2.25
2011.04.20 10:05:42.706,1.63433,1.63452,1.84,2.25
2011.04.20 10:05:43.037,1.63437,1.63452,3.00,2.25
2011.04.20 10:05:43.367,1.63441,1.63457,1.13,3.37
2011.04.20 10:05:43.477,1.63448,1.63457,2.25,2.62
2011.04.20 10:05:43.697,1.63449,1.63464,2.32,2.25
2011.04.20 10:05:43.807,1.63449,1.63467,2.66,1.50
2011.04.20 10:05:44.027,1.63452,1.63468,1.09,1.50
2011.04.20 10:05:45.347,1.63453,1.6347,2.25,1.50
2011.04.20 10:05:45.456,1.63455,1.6347,1.50,1.50
2011.04.20 10:05:45.789,1.63458,1.63472,2.25,1.50
2011.04.20 10:05:46.385,1.63456,1.63474,1.54,1.50
2011.04.20 10:05:47.376,1.63461,1.63476,1.50,1.50
2011.04.20 10:05:47.817,1.63462,1.63475,1.20,1.50
2011.04.20 10:05:48.367,1.63462,1.63479,1.95,2.25
2011.04.20 10:05:48.916,1.63463,1.63482,1.09,2.25
2011.04.20 10:05:49.135,1.63463,1.63482,1.09,2.25
2011.04.20 10:05:49.686,1.63463,1.63482,1.09,2.25
2011.04.20 10:05:50.017,1.63463,1.63482,1.09,3.75
2011.04.20 10:05:50.456,1.63461,1.63478,1.20,1.50
2011.04.20 10:05:50.787,1.63459,1.63474,1.95,1.50
2011.04.20 10:05:51.576,1.6346,1.63477,1.20,4.45
2011.04.20 10:05:52.127,1.63459,1.63477,1.50,5.20
2011.04.20 10:05:52.986,1.63459,1.63477,1.50,4.45
2011.04.20 10:05:54.397,1.63459,1.63477,2.25,4.45
2011.04.20 10:05:54.618,1.63461,1.63477,1.50,4.45
2011.04.20 10:05:55.796,1.63461,1.63477,1.95,1.87
2011.04.20 10:05:56.017,1.63461,1.63477,1.95,2.62
2011.04.20 10:05:56.565,1.63461,1.63477,1.95,1.87
2011.04.20 10:05:57.656,1.63461,1.63477,1.95,1.87
2011.04.20 10:05:57.988,1.63463,1.63479,1.50,3.75
2011.04.20 10:05:58.207,1.63464,1.6348,2.25,1.09
2011.04.20 10:05:58.427,1.63465,1.63481,1.50,1.09
2011.04.20 10:05:58.756,1.63464,1.63481,1.50,1.09
2011.04.20 10:05:59.369,1.63463,1.63481,3.45,1.09
2011.04.20 10:05:59.588,1.63465,1.63481,1.50,1.09
2011.04.20 10:05:59.697,1.63467,1.63481,1.50,1.09
2011.04.20 10:06:00.028,1.63473,1.63487,1.50,1.50
2011.04.20 10:06:00.356,1.63473,1.63489,1.50,2.25
2011.04.20 10:06:00.577,1.63473,1.63489,1.50,1.50
2011.04.20 10:06:00.906,1.63473,1.63489,1.50,1.50
2011.04.20 10:06:01.018,1.63474,1.63489,1.50,1.50
2011.04.20 10:06:01.567,1.63478,1.63492,1.50,4.50
2011.04.20 10:06:01.898,1.63473,1.63491,1.50,1.50
2011.04.20 10:06:03.482,1.63473,1.63489,1.50,1.50
2011.04.20 10:06:04.305,1.63473,1.63489,1.50,1.50
2011.04.20 10:06:04.905,1.63473,1.63489,1.50,1.50
2011.04.20 10:06:05.960,1.63473,1.63489,1.50,1.50
2011.04.20 10:06:06.186,1.63473,1.63489,1.50,1.50
2011.04.20 10:06:06.737,1.63473,1.63491,1.50,1.50
2011.04.20 10:06:07.352,1.63473,1.63485,1.50,1.50
2011.04.20 10:06:07.471,1.63467,1.63482,1.95,2.59
2011.04.20 10:06:07.587,1.63465,1.63482,2.25,3.34
2011.04.20 10:06:07.919,1.63463,1.63477,1.50,1.50
2011.04.20 10:06:08.138,1.63461,1.63477,1.20,1.50
2011.04.20 10:06:08.249,1.6346,1.63477,2.70,1.50
2011.04.20 10:06:08.358,1.6346,1.63477,1.20,1.50
2011.04.20 10:06:09.612,1.63458,1.63475,1.50,1.69
2011.04.20 10:06:09.947,1.63455,1.63473,1.95,1.50
2011.04.20 10:06:10.498,1.63455,1.63472,1.20,1.50
2011.04.20 10:06:11.159,1.63455,1.63472,1.20,1.50
2011.04.20 10:06:11.719,1.63455,1.63468,2.40,1.50
2011.04.20 10:06:11.952,1.63458,1.63467,1.50,2.25
2011.04.20 10:06:12.072,1.63458,1.63469,1.50,1.38
2011.04.20 10:06:12.188,1.63458,1.63472,1.50,1.50
2011.04.20 10:06:12.407,1.63459,1.63474,1.50,2.25
2011.04.20 10:06:12.517,1.6346,1.63475,1.50,1.50
2011.04.20 10:06:13.665,1.63459,1.63477,1.95,3.37
2011.04.20 10:06:14.556,1.6346,1.63477,1.50,3.37
2011.04.20 10:06:14.668,1.63462,1.63477,1.50,2.62
2011.04.20 10:06:15.219,1.63464,1.63477,1.35,2.62
2011.04.20 10:06:15.699,1.63459,1.63477,2.25,3.37
2011.04.20 10:06:17.147,1.63459,1.6347,2.25,4.50
2011.04.20 10:06:17.479,1.63453,1.63467,1.95,1.84
2011.04.20 10:06:17.698,1.63456,1.63467,5.25,1.09
2011.04.20 10:06:17.918,1.63459,1.63468,1.50,1.84
2011.04.20 10:06:18.028,1.63461,1.63475,2.25,2.89
2011.04.20 10:06:18.249,1.63464,1.63477,1.50,3.67
2011.04.20 10:06:18.478,1.63465,1.63478,1.50,1.84
2011.04.20 10:06:18.589,1.6346,1.63477,2.25,4.12
2011.04.20 10:06:19.146,1.63459,1.63475,2.70,1.50
2011.04.20 10:06:20.026,1.63459,1.63475,1.95,1.50
2011.04.20 10:06:20.687,1.6346,1.63477,1.50,3.37
2011.04.20 10:06:21.237,1.6346,1.63477,2.25,3.37
2011.04.20 10:06:21.937,1.6346,1.63477,2.25,2.62
2011.04.20 10:06:22.046,1.6346,1.63477,2.25,2.62
2011.04.20 10:06:22.487,1.63461,1.63467,1.50,1.09
2011.04.20 10:06:22.817,1.63455,1.63469,1.84,1.50
2011.04.20 10:06:22.929,1.63457,1.63474,1.47,2.25
2011.04.20 10:06:23.378,1.63461,1.63477,1.20,2.62
2011.04.20 10:06:24.806,1.63461,1.63477,1.20,2.62
2011.04.20 10:06:24.917,1.63462,1.63477,1.50,2.62
2011.04.20 10:06:25.687,1.63466,1.63477,2.25,1.87
2011.04.20 10:06:26.240,1.63466,1.63475,2.25,2.13
2011.04.20 10:06:26.688,1.63461,1.63475,2.25,2.88
2011.04.20 10:06:26.799,1.63466,1.63475,2.25,1.50
2011.04.20 10:06:26.907,1.63466,1.6348,2.25,1.50
2011.04.20 10:06:27.020,1.63468,1.63484,3.00,1.38
2011.04.20 10:06:27.137,1.6347,1.63485,4.50,3.75
2011.04.20 10:06:28.037,1.63474,1.63491,4.50,2.25
2011.04.20 10:06:28.589,1.63475,1.63493,2.25,3.00
2011.04.20 10:06:29.039,1.63474,1.63493,3.75,3.00
2011.04.20 10:06:29.589,1.63475,1.63493,2.25,3.00
2011.04.20 10:06:30.136,1.63475,1.63493,2.25,3.00
2011.04.20 10:06:30.797,1.63475,1.63491,2.25,1.50
2011.04.20 10:06:31.019,1.63473,1.63487,2.25,3.37
2011.04.20 10:06:31.457,1.6347,1.63486,3.45,1.84
2011.04.20 10:06:31.897,1.6347,1.63486,3.45,2.59
2011.04.20 10:06:32.228,1.6347,1.63478,3.00,1.84
2011.04.20 10:06:32.833,1.6347,1.6349,3.45,1.50
2011.04.20 10:06:33.567,1.6347,1.6349,1.20,1.50
2011.04.20 10:06:34.336,1.6347,1.63488,1.20,1.50
2011.04.20 10:06:34.886,1.6347,1.63488,1.95,1.50
2011.04.20 10:06:35.766,1.6347,1.63486,1.20,1.50
2011.04.20 10:06:36.998,1.63467,1.63486,3.45,1.50
2011.04.20 10:06:37.546,1.63465,1.63483,1.20,1.09
2011.04.20 10:06:37.876,1.63465,1.63483,1.20,1.09
2011.04.20 10:06:40.987,1.63465,1.63483,1.20,1.09
2011.04.20 10:06:41.538,1.63464,1.63483,1.95,1.09
2011.04.20 10:06:42.087,1.63465,1.63483,1.20,1.09
2011.04.20 10:06:42.417,1.63467,1.63485,2.63,1.50
2011.04.20 10:06:42.856,1.63467,1.63485,2.63,1.50
2011.04.20 10:06:43.406,1.63469,1.63485,1.50,1.50
2011.04.20 10:06:44.196,1.63468,1.63485,1.50,1.50
2011.04.20 10:06:44.765,1.63468,1.63485,1.50,1.50
2011.04.20 10:06:48.626,1.63468,1.63485,1.50,1.50
2011.04.20 10:06:49.067,1.63467,1.63485,1.13,1.84
2011.04.20 10:06:49.177,1.63464,1.63485,1.20,3.22
2011.04.20 10:06:49.727,1.63463,1.63482,1.95,3.75
2011.04.20 10:06:50.387,1.63463,1.63482,2.70,3.75
2011.04.20 10:06:50.828,1.63461,1.63479,3.75,1.73
2011.04.20 10:06:50.941,1.63461,1.63475,3.00,1.01
2011.04.20 10:06:51.064,1.63457,1.63474,1.50,1.50
2011.04.20 10:06:51.292,1.63453,1.63469,1.50,1.50
2011.04.20 10:06:51.518,1.63449,1.63467,1.50,2.25
2011.04.20 10:06:52.527,1.63448,1.63467,1.50,2.25
2011.04.20 10:06:53.075,1.63447,1.63467,2.70,2.25
2011.04.20 10:06:53.297,1.63447,1.63466,1.95,1.09
2011.04.20 10:06:53.971,1.63447,1.63465,1.95,1.09
2011.04.20 10:07:00.577,1.63447,1.63465,2.70,1.09
2011.04.20 10:07:00.797,1.63449,1.63466,1.50,1.50
2011.04.20 10:07:01.727,1.63448,1.63466,1.50,1.50
2011.04.20 10:07:03.867,1.63447,1.63466,2.70,1.50
2011.04.20 10:07:04.357,1.63447,1.63467,2.70,2.25
2011.04.20 10:07:04.906,1.63452,1.63467,1.50,2.25
2011.04.20 10:07:05.789,1.6345,1.63467,1.50,3.00
2011.04.20 10:07:06.117,1.63452,1.63468,3.75,1.84
2011.04.20 10:07:06.338,1.63452,1.63467,3.00,1.50
2011.04.20 10:07:06.668,1.63451,1.63467,1.50,1.50
2011.04.20 10:07:07.937,1.63449,1.63468,2.70,2.59
2011.04.20 10:07:09.487,1.63449,1.63465,2.25,1.50
2011.04.20 10:07:10.036,1.63447,1.63465,4.20,1.50
2011.04.20 10:07:10.147,1.63447,1.63463,4.20,1.50
2011.04.20 10:07:10.480,1.63447,1.63462,3.00,1.50
2011.04.20 10:07:11.038,1.63445,1.6346,1.84,1.50
2011.04.20 10:07:11.587,1.63445,1.63461,1.50,1.50
2011.04.20 10:07:12.136,1.63445,1.63459,1.50,1.50
2011.04.20 10:07:12.576,1.63445,1.63459,1.50,1.50
2011.04.20 10:07:12.797,1.6344,1.63458,1.50,1.50
2011.04.20 10:07:13.569,1.6344,1.63455,1.50,6.00
2011.04.20 10:07:13.788,1.63439,1.63453,1.13,1.50
2011.04.20 10:07:13.897,1.63437,1.6345,1.13,1.50
2011.04.20 10:07:14.119,1.63434,1.6345,1.50,1.50
2011.04.20 10:07:14.885,1.63432,1.63451,1.50,1.50
2011.04.20 10:07:15.446,1.63434,1.63451,1.50,1.50
2011.04.20 10:07:15.887,1.63432,1.6345,2.25,1.50
2011.04.20 10:07:16.698,1.63432,1.63448,1.50,2.59
2011.04.20 10:07:17.246,1.63432,1.63448,1.50,2.59
2011.04.20 10:07:18.126,1.63432,1.63448,1.50,1.84
2011.04.20 10:07:18.567,1.63436,1.63452,1.50,2.59
2011.04.20 10:07:20.806,1.63435,1.63452,1.50,2.59
2011.04.20 10:07:21.247,1.63437,1.63452,1.50,1.84
2011.04.20 10:07:21.469,1.63435,1.63452,1.50,2.25
2011.04.20 10:07:24.636,1.63434,1.6345,2.25,1.09
2011.04.20 10:07:25.186,1.63434,1.6345,2.25,1.09
2011.04.20 10:07:25.627,1.63434,1.6345,1.50,1.09
2011.04.20 10:07:26.177,1.63434,1.6345,1.50,1.09
2011.04.20 10:07:27.937,1.63435,1.63451,1.95,1.84
2011.04.20 10:07:28.048,1.63435,1.63453,1.95,2.25
2011.04.20 10:07:28.158,1.63439,1.63452,1.50,1.50
2011.04.20 10:07:29.015,1.63435,1.63451,1.20,1.50
2011.04.20 10:07:29.126,1.63432,1.63448,1.50,1.84
2011.04.20 10:07:29.237,1.63432,1.63448,1.50,2.59
2011.04.20 10:07:30.010,1.63431,1.63448,1.50,2.59
2011.04.20 10:07:32.336,1.6343,1.63448,1.95,2.59
2011.04.20 10:07:32.996,1.63429,1.63448,4.50,2.59
2011.04.20 10:07:34.186,1.6343,1.63448,1.50,2.59
2011.04.20 10:07:36.597,1.6343,1.63448,1.50,2.59
2011.04.20 10:07:37.222,1.63429,1.63448,4.50,2.59
2011.04.20 10:07:38.677,1.6343,1.63449,1.50,1.50
2011.04.20 10:07:39.227,1.6343,1.63448,1.95,2.59
2011.04.20 10:07:39.557,1.6343,1.63448,1.20,2.59
2011.04.20 10:07:40.106,1.63429,1.63448,3.75,2.59
2011.04.20 10:07:40.548,1.63429,1.63448,3.75,2.59
2011.04.20 10:07:42.106,1.63429,1.63448,3.75,2.59
2011.04.20 10:07:44.775,1.63429,1.63447,3.75,1.50
2011.04.20 10:07:45.836,1.63429,1.63447,3.75,1.50
2011.04.20 10:07:46.056,1.63429,1.63447,3.75,1.50
2011.04.20 10:07:46.497,1.63429,1.63447,3.75,1.50
2011.04.20 10:07:47.256,1.63429,1.63447,3.75,1.50
2011.04.20 10:07:47.805,1.63429,1.63447,3.75,1.50
2011.04.20 10:07:48.406,1.63429,1.63447,3.75,1.50
2011.04.20 10:07:49.001,1.63429,1.63447,3.75,1.50
2011.04.20 10:07:50.956,1.63429,1.63447,3.75,1.50
2011.04.20 10:07:52.756,1.63429,1.63447,3.75,1.50
2011.04.20 10:07:53.445,1.63429,1.63447,3.75,1.50
2011.04.20 10:07:54.006,1.63429,1.63447,3.75,1.50
2011.04.20 10:07:56.466,1.63429,1.63447,3.75,1.50
2011.04.20 10:07:57.045,1.63429,1.63447,3.75,1.50
2011.04.20 10:07:58.068,1.6343,1.63447,1.50,1.50
2011.04.20 10:07:58.177,1.63431,1.63448,1.50,2.59
2011.04.20 10:07:58.726,1.63432,1.63448,3.75,1.84
2011.04.20 10:07:59.276,1.63432,1.63448,3.75,1.84
2011.04.20 10:08:00.236,1.63432,1.63448,3.75,1.84
2011.04.20 10:08:00.838,1.63432,1.63448,3.75,1.84
2011.04.20 10:08:01.507,1.63432,1.63448,3.75,1.84
2011.04.20 10:08:01.947,1.63432,1.6345,3.75,1.50
2011.04.20 10:08:02.058,1.63434,1.63452,1.50,4.09
2011.04.20 10:08:02.277,1.63436,1.63452,1.50,1.09
2011.04.20 10:08:02.500,1.63441,1.63453,1.50,2.25
2011.04.20 10:08:02.730,1.63446,1.63459,1.50,1.50
2011.04.20 10:08:02.958,1.63447,1.63464,1.50,1.50
2011.04.20 10:08:04.087,1.63447,1.63464,2.25,1.50
2011.04.20 10:08:05.137,1.63447,1.63464,1.50,1.50
2011.04.20 10:08:08.297,1.63447,1.63464,2.59,1.50
2011.04.20 10:08:09.208,1.63447,1.63463,1.50,1.84
2011.04.20 10:08:09.240,1.63445,1.63463,2.25,1.09
2011.04.20 10:08:10.036,1.63446,1.63463,1.50,1.09
2011.04.20 10:08:10.467,1.63447,1.63463,1.50,1.09
2011.04.20 10:08:10.578,1.63448,1.63464,2.25,1.50
2011.04.20 10:08:10.906,1.63448,1.63464,1.50,1.50
2011.04.20 10:08:12.545,1.63448,1.63466,1.50,1.73
2011.04.20 10:08:12.766,1.63448,1.63466,3.00,1.73
2011.04.20 10:08:12.987,1.63448,1.63466,2.25,1.73
2011.04.20 10:08:13.536,1.63449,1.63466,1.50,2.48
2011.04.20 10:08:14.797,1.63449,1.63466,1.50,1.73
2011.04.20 10:08:15.345,1.63449,1.63466,1.50,1.73
2011.04.20 10:08:17.806,1.63449,1.63466,1.50,1.73
2011.04.20 10:08:18.479,1.63449,1.63466,1.50,1.73
2011.04.20 10:08:18.706,1.63449,1.63466,1.50,2.48
2011.04.20 10:08:19.257,1.63449,1.63466,1.50,2.48
2011.04.20 10:08:20.146,1.63449,1.63466,1.50,2.48
2011.04.20 10:08:22.447,1.63448,1.63466,1.50,1.73
2011.04.20 10:08:23.237,1.63448,1.63466,1.50,1.73
2011.04.20 10:08:23.786,1.63448,1.63464,1.50,1.50
2011.04.20 10:08:24.968,1.63448,1.63464,1.50,1.50
2011.04.20 10:08:25.517,1.63448,1.63464,1.50,1.50
2011.04.20 10:08:25.849,1.63444,1.63462,3.75,2.88
2011.04.20 10:08:26.547,1.63444,1.63456,2.25,2.48
2011.04.20 10:08:26.664,1.63435,1.63452,1.50,2.25
2011.04.20 10:08:26.779,1.63432,1.63452,1.57,2.25
2011.04.20 10:08:27.336,1.63431,1.6345,2.25,1.50
2011.04.20 10:08:27.776,1.63432,1.6345,1.09,1.50
2011.04.20 10:08:27.887,1.63434,1.6345,1.50,1.50
2011.04.20 10:08:27.999,1.63434,1.6345,2.25,1.09
2011.04.20 10:08:28.227,1.63439,1.63453,3.75,1.50
2011.04.20 10:08:28.669,1.63445,1.63456,3.00,1.50
2011.04.20 10:08:28.891,1.63448,1.63462,2.25,1.50
2011.04.20 10:08:29.008,1.63448,1.63463,3.00,2.25
2011.04.20 10:08:29.337,1.63452,1.63466,1.50,2.48
2011.04.20 10:08:30.726,1.6345,1.63466,3.75,3.23
2011.04.20 10:08:31.276,1.63451,1.63466,1.50,3.23
2011.04.20 10:08:32.716,1.6345,1.63466,3.75,3.23
2011.04.20 10:08:33.237,1.63451,1.63466,3.75,3.23
2011.04.20 10:08:33.346,1.63452,1.63466,1.50,2.48
2011.04.20 10:08:33.678,1.63449,1.63466,2.70,1.73
2011.04.20 10:08:34.218,1.6345,1.63466,1.50,2.48
2011.04.20 10:08:35.335,1.63449,1.63466,1.20,1.32
2011.04.20 10:08:36.190,1.63444,1.63464,1.95,1.50
2011.04.20 10:08:36.308,1.63444,1.6346,1.20,3.00
2011.04.20 10:08:36.856,1.63444,1.63463,1.50,2.25
2011.04.20 10:08:37.415,1.63444,1.63463,1.50,1.50
2011.04.20 10:08:40.557,1.63444,1.63465,2.25,2.47
2011.04.20 10:08:40.776,1.63451,1.63465,1.50,1.09
2011.04.20 10:08:41.327,1.63449,1.63465,3.00,1.09
2011.04.20 10:08:41.547,1.63447,1.63465,1.20,1.09
2011.04.20 10:08:41.657,1.63448,1.63465,1.20,1.09
2011.04.20 10:08:42.536,1.63448,1.63465,1.20,1.09
2011.04.20 10:08:45.217,1.63447,1.63463,1.95,1.50
2011.04.20 10:08:45.659,1.63444,1.63463,4.20,2.25
2011.04.20 10:08:45.766,1.63444,1.63459,3.00,1.50
2011.04.20 10:08:45.987,1.63444,1.63459,2.25,1.50
2011.04.20 10:08:46.428,1.63446,1.63459,4.50,1.50
2011.04.20 10:08:46.756,1.63448,1.6346,1.50,1.50
2011.04.20 10:08:50.921,1.63449,1.63463,3.38,1.50
2011.04.20 10:08:51.377,1.63451,1.63466,1.09,1.50
2011.04.20 10:08:51.493,1.63453,1.63469,1.50,1.50
2011.04.20 10:08:52.046,1.63453,1.63469,1.50,2.25
2011.04.20 10:08:52.377,1.63454,1.63469,3.34,1.50
2011.04.20 10:08:52.819,1.63456,1.63471,1.73,2.25
2011.04.20 10:08:53.148,1.63454,1.6347,2.59,1.50
2011.04.20 10:08:53.697,1.63454,1.6347,4.09,1.50
2011.04.20 10:08:54.138,1.63456,1.63473,1.50,2.25
2011.04.20 10:08:54.356,1.63456,1.63471,2.25,1.50
2011.04.20 10:08:54.905,1.63455,1.63471,2.25,1.50
2011.04.20 10:08:55.678,1.63461,1.63471,4.50,1.50
2011.04.20 10:08:55.789,1.63464,1.63474,2.25,2.25
2011.04.20 10:08:55.898,1.63464,1.63474,1.50,2.25
2011.04.20 10:08:56.229,1.63458,1.63474,1.28,1.50
2011.04.20 10:08:56.557,1.63456,1.63471,1.84,1.50
2011.04.20 10:08:57.355,1.63457,1.63471,1.09,1.50
2011.04.20 10:08:58.567,1.63456,1.63474,1.20,1.84
2011.04.20 10:08:58.788,1.63458,1.63474,1.50,1.84
2011.04.20 10:08:59.225,1.63456,1.63474,1.20,1.09
2011.04.20 10:08:59.776,1.63455,1.63474,1.20,1.09
2011.04.20 10:09:01.487,1.63454,1.63474,3.45,1.84
2011.04.20 10:09:02.476,1.63454,1.63474,3.45,1.84
2011.04.20 10:09:03.468,1.63454,1.63467,1.95,1.47
2011.04.20 10:09:03.878,1.63454,1.63461,1.20,4.50
2011.04.20 10:09:04.229,1.63449,1.63459,1.20,1.50
2011.04.20 10:09:04.347,1.63449,1.63462,1.20,1.50
2011.04.20 10:09:04.787,1.63447,1.63464,1.57,1.50
2011.04.20 10:09:05.338,1.63447,1.63464,1.20,1.50
2011.04.20 10:09:05.558,1.63447,1.63465,1.20,1.50
2011.04.20 10:09:10.256,1.63447,1.63466,1.95,1.50
2011.04.20 10:09:10.477,1.63447,1.63466,2.70,1.50
2011.04.20 10:09:10.807,1.63447,1.63466,1.95,1.50
2011.04.20 10:09:11.356,1.63447,1.63466,1.20,1.50
2011.04.20 10:09:13.836,1.63447,1.63466,1.95,1.50
2011.04.20 10:09:14.768,1.6345,1.63466,1.50,1.50
2011.04.20 10:09:17.087,1.6345,1.63467,1.50,3.37
2011.04.20 10:09:17.417,1.63454,1.63471,1.50,2.25
2011.04.20 10:09:17.748,1.63454,1.63473,4.58,3.00
2011.04.20 10:09:18.079,1.63459,1.63476,3.75,1.09
2011.04.20 10:09:18.191,1.63461,1.63478,1.84,1.50
2011.04.20 10:09:18.746,1.63462,1.6348,1.50,1.50
2011.04.20 10:09:19.564,1.63463,1.6348,2.25,1.50
2011.04.20 10:09:20.017,1.63463,1.63482,2.25,3.00
2011.04.20 10:09:20.676,1.63463,1.63481,2.25,1.50
2011.04.20 10:09:21.356,1.63463,1.63482,2.25,3.00
2011.04.20 10:09:21.885,1.63463,1.63481,2.25,1.50
2011.04.20 10:09:22.217,1.63461,1.63477,3.45,2.59
2011.04.20 10:09:22.766,1.63461,1.63479,1.50,1.50
2011.04.20 10:09:24.356,1.63461,1.63476,2.25,1.84
2011.04.20 10:09:24.689,1.63458,1.63472,1.50,1.84
2011.04.20 10:09:25.020,1.63454,1.63472,2.70,5.59
2011.04.20 10:09:25.568,1.63454,1.63472,2.25,5.59
2011.04.20 10:09:33.618,1.63454,1.63471,1.50,1.50
2011.04.20 10:09:33.838,1.63452,1.63468,1.50,1.50
2011.04.20 10:09:34.400,1.63452,1.6347,2.25,1.38
2011.04.20 10:09:36.551,1.63455,1.63472,1.50,3.00
2011.04.20 10:09:36.670,1.63456,1.63473,1.50,1.50
2011.04.20 10:09:37.886,1.63456,1.63475,1.95,2.25
2011.04.20 10:09:38.454,1.63456,1.63475,1.95,2.25
2011.04.20 10:09:39.166,1.63456,1.63475,1.95,2.25
2011.04.20 10:09:39.716,1.63456,1.63475,2.70,2.25
2011.04.20 10:09:40.387,1.63456,1.63475,2.92,2.25
2011.04.20 10:09:43.528,1.63456,1.63475,2.70,2.25
2011.04.20 10:09:43.637,1.63456,1.63475,2.70,2.25
2011.04.20 10:09:44.346,1.63456,1.63475,2.70,1.50
2011.04.20 10:09:45.336,1.63456,1.63475,2.70,1.50
2011.04.20 10:09:46.327,1.63456,1.63475,2.70,1.50
2011.04.20 10:09:46.875,1.63456,1.63475,2.70,1.50
2011.04.20 10:09:47.467,1.63456,1.63475,2.70,1.50
2011.04.20 10:09:47.799,1.6346,1.63477,1.50,3.00
2011.04.20 10:09:48.358,1.6346,1.63479,2.25,1.50
2011.04.20 10:09:48.906,1.6346,1.63479,2.25,1.50
2011.04.20 10:09:49.115,1.6346,1.63479,2.25,1.50
2011.04.20 10:09:51.209,1.63456,1.63467,1.13,1.09
2011.04.20 10:09:51.430,1.63455,1.63467,1.50,1.09
2011.04.20 10:09:51.549,1.63458,1.63472,1.50,1.38
2011.04.20 10:09:51.668,1.63458,1.63473,1.50,1.50
2011.04.20 10:09:51.778,1.63458,1.63473,1.50,1.50
2011.04.20 10:09:52.327,1.63458,1.63473,1.50,1.50
2011.04.20 10:09:52.875,1.63458,1.63473,1.50,1.50
2011.04.20 10:09:53.579,1.63458,1.63473,1.50,1.50
2011.04.20 10:09:53.800,1.63462,1.63477,1.50,1.50
2011.04.20 10:09:54.027,1.63459,1.6348,3.45,4.50
2011.04.20 10:09:54.138,1.63464,1.6348,1.50,3.00
2011.04.20 10:09:54.467,1.63464,1.63481,2.25,1.84
2011.04.20 10:09:55.016,1.63464,1.63481,2.25,1.09
2011.04.20 10:09:56.356,1.63464,1.63481,2.25,1.84
2011.04.20 10:09:56.686,1.63464,1.63477,2.25,1.50
2011.04.20 10:09:58.027,1.63464,1.63477,2.25,1.50
2011.04.20 10:09:58.738,1.63464,1.63477,2.25,1.50
2011.04.20 10:09:59.556,1.63464,1.63477,2.25,1.50
2011.04.20 10:10:00.290,1.63464,1.63477,2.25,1.50
2011.04.20 10:10:00.848,1.63464,1.63477,2.25,1.50
2011.04.20 10:10:01.398,1.63464,1.63477,2.25,1.50
2011.04.20 10:10:01.976,1.63464,1.63477,2.25,1.50
2011.04.20 10:10:02.577,1.63464,1.63477,2.25,1.50
2011.04.20 10:10:02.798,1.63464,1.63477,2.25,1.50
2011.04.20 10:10:05.945,1.63464,1.63477,2.25,1.50
2011.04.20 10:10:06.826,1.63464,1.63477,2.25,1.50
2011.04.20 10:10:07.487,1.63462,1.63472,1.95,3.34
2011.04.20 10:10:07.817,1.63458,1.63467,1.50,1.50
2011.04.20 10:10:09.167,1.63454,1.63467,1.95,1.50
2011.04.20 10:10:09.829,1.63454,1.63467,1.95,1.50
2011.04.20 10:10:10.376,1.63454,1.63467,1.95,1.50
2011.04.20 10:10:10.706,1.63454,1.63467,1.95,1.50
2011.04.20 10:10:11.937,1.63454,1.63467,1.95,1.50
2011.04.20 10:10:12.267,1.63454,1.63467,1.50,1.50
2011.04.20 10:10:12.381,1.63452,1.63467,1.50,2.25
2011.04.20 10:10:13.046,1.63449,1.63466,2.25,2.25
2011.04.20 10:10:13.923,1.63449,1.63466,2.25,1.50
2011.04.20 10:10:14.479,1.6345,1.63466,1.20,1.50
2011.04.20 10:10:14.589,1.6345,1.63467,1.20,1.50
2011.04.20 10:10:15.137,1.6345,1.63467,1.20,2.25
2011.04.20 10:10:16.587,1.6345,1.63466,1.20,1.50
2011.04.20 10:10:18.958,1.6345,1.63465,1.20,1.50
2011.04.20 10:10:19.288,1.6345,1.63465,1.20,2.25
2011.04.20 10:10:19.619,1.6345,1.63465,1.20,1.50
2011.04.20 10:10:20.386,1.6345,1.63465,1.20,1.50
2011.04.20 10:10:21.127,1.6345,1.63461,1.20,2.25
2011.04.20 10:10:21.635,1.63445,1.63463,1.09,2.25
2011.04.20 10:10:21.859,1.63448,1.63463,2.59,3.00
2011.04.20 10:10:22.406,1.63448,1.63464,2.59,1.50
2011.04.20 10:10:23.286,1.63449,1.63464,1.50,1.50
2011.04.20 10:10:23.508,1.63447,1.63461,1.20,4.50
2011.04.20 10:10:23.728,1.63443,1.63458,1.20,1.05
2011.04.20 10:10:24.057,1.63446,1.63461,1.50,2.25
2011.04.20 10:10:24.169,1.63448,1.63461,1.09,1.50
2011.04.20 10:10:24.278,1.63448,1.63463,1.09,2.25
2011.04.20 10:10:24.499,1.63447,1.63461,1.50,5.59
2011.04.20 10:10:24.717,1.63443,1.6346,1.20,4.38
2011.04.20 10:10:26.026,1.63443,1.63459,1.20,5.25
2011.04.20 10:10:27.228,1.63443,1.63459,1.20,2.55
2011.04.20 10:10:27.450,1.63444,1.6346,1.50,1.50
2011.04.20 10:10:27.787,1.63448,1.63463,1.50,2.25
2011.04.20 10:10:28.336,1.63447,1.63462,1.50,1.50
2011.04.20 10:10:29.506,1.63448,1.63464,1.50,1.50
2011.04.20 10:10:29.998,1.63448,1.63466,1.50,3.00
2011.04.20 10:10:30.105,1.63451,1.63467,1.50,4.12
2011.04.20 10:10:30.658,1.63451,1.63467,1.50,4.12
2011.04.20 10:10:30.989,1.63455,1.63471,1.50,1.50
2011.04.20 10:10:31.098,1.63455,1.63472,1.50,2.25
2011.04.20 10:10:31.317,1.63455,1.63473,1.50,3.75
2011.04.20 10:10:31.866,1.63456,1.63473,1.50,1.50
2011.04.20 10:10:32.667,1.63456,1.63473,1.50,1.50
2011.04.20 10:10:33.000,1.6346,1.63474,1.09,1.50
2011.04.20 10:10:33.338,1.63465,1.6348,1.50,1.50
2011.04.20 10:10:33.672,1.63465,1.63476,1.50,1.50
2011.04.20 10:10:34.227,1.63464,1.63476,2.59,1.50
2011.04.20 10:10:35.437,1.63464,1.63476,2.59,1.50
2011.04.20 10:10:36.206,1.63464,1.63476,2.59,1.50
2011.04.20 10:10:37.706,1.63464,1.63476,2.59,1.50
2011.04.20 10:10:38.697,1.63464,1.63476,2.59,1.50
2011.04.20 10:10:39.246,1.63464,1.63477,2.59,1.50
2011.04.20 10:10:39.797,1.63464,1.63477,3.34,1.50
2011.04.20 10:10:40.127,1.63464,1.63477,1.84,1.50
2011.04.20 10:10:40.346,1.63464,1.63477,2.59,1.50
2011.04.20 10:10:40.896,1.63464,1.63477,2.59,1.50
2011.04.20 10:10:41.431,1.63464,1.63477,2.59,1.50
2011.04.20 10:10:41.546,1.63464,1.63477,2.59,1.50
2011.04.20 10:10:42.096,1.63464,1.63477,2.59,1.50
2011.04.20 10:10:42.426,1.63467,1.63477,3.00,1.50
2011.04.20 10:10:42.646,1.63464,1.63477,2.59,1.50
2011.04.20 10:10:43.967,1.63463,1.63477,1.95,1.50
2011.04.20 10:10:45.896,1.63463,1.63477,1.95,1.50
2011.04.20 10:10:46.338,1.63467,1.63478,3.00,1.50
2011.04.20 10:10:46.557,1.63467,1.63477,3.00,1.50
2011.04.20 10:10:47.106,1.63463,1.63477,1.95,1.50
2011.04.20 10:10:47.659,1.63469,1.63478,1.13,1.50
2011.04.20 10:10:47.988,1.63465,1.63477,2.70,1.50
2011.04.20 10:10:48.427,1.63465,1.63477,1.50,1.50
2011.04.20 10:10:49.086,1.63463,1.63477,1.20,1.50
2011.04.20 10:10:49.856,1.63463,1.63477,1.20,1.50
2011.04.20 10:10:50.406,1.63463,1.63477,1.20,1.50
2011.04.20 10:10:50.957,1.63463,1.63477,1.20,1.50
2011.04.20 10:10:51.666,1.63464,1.63477,4.50,1.50
2011.04.20 10:10:52.008,1.63465,1.63477,1.20,1.50
2011.04.20 10:10:53.327,1.63466,1.63477,1.50,1.50
2011.04.20 10:10:53.877,1.63466,1.63477,1.50,1.50
2011.04.20 10:10:54.428,1.63466,1.63477,1.50,1.50
2011.04.20 10:10:55.376,1.63466,1.63477,1.50,1.50
2011.04.20 10:10:56.039,1.63466,1.63477,1.50,1.50
2011.04.20 10:10:57.816,1.63466,1.63477,1.50,1.50
2011.04.20 10:10:58.259,1.63466,1.63477,1.50,1.50
2011.04.20 10:10:59.137,1.63466,1.63477,1.50,1.50
2011.04.20 10:10:59.686,1.63465,1.63477,1.50,1.50
2011.04.20 10:11:04.276,1.63463,1.63477,1.95,1.50
2011.04.20 10:11:04.829,1.63466,1.63482,1.95,1.50
2011.04.20 10:11:04.939,1.63467,1.63482,3.75,1.50
2011.04.20 10:11:06.257,1.63467,1.63482,1.50,1.50
2011.04.20 10:11:06.587,1.63467,1.63478,3.00,1.50
2011.04.20 10:11:07.136,1.63467,1.63477,3.00,1.50
2011.04.20 10:11:07.798,1.63466,1.63478,3.00,1.50
2011.04.20 10:11:08.018,1.63463,1.63477,1.95,1.50
2011.04.20 10:11:08.128,1.63463,1.63477,4.20,1.50
2011.04.20 10:11:08.237,1.63464,1.63478,1.50,1.50
2011.04.20 10:11:08.786,1.63464,1.63478,1.50,1.50
2011.04.20 10:11:09.719,1.63466,1.63478,3.00,1.50
2011.04.20 10:11:09.827,1.63466,1.63483,3.00,2.25
2011.04.20 10:11:10.268,1.63468,1.63483,1.50,3.75
2011.04.20 10:11:10.488,1.63467,1.63483,1.95,5.59
2011.04.20 10:11:12.048,1.63469,1.63483,1.13,4.84
2011.04.20 10:11:12.378,1.6347,1.63485,2.25,1.38
2011.04.20 10:11:12.489,1.63471,1.63486,3.00,1.50
2011.04.20 10:11:12.930,1.63475,1.63487,1.50,2.62
2011.04.20 10:11:13.039,1.63477,1.63489,1.50,4.50
2011.04.20 10:11:13.584,1.63484,1.635,1.50,2.25
2011.04.20 10:11:13.698,1.63484,1.63501,2.25,3.00
2011.04.20 10:11:14.137,1.63484,1.635,2.70,1.50
2011.04.20 10:11:14.357,1.63484,1.63501,2.70,1.50
2011.04.20 10:11:15.458,1.63494,1.635,2.59,1.50
2011.04.20 10:11:15.679,1.63497,1.63506,1.50,2.25
2011.04.20 10:11:15.899,1.635,1.63511,1.84,1.50
2011.04.20 10:11:16.009,1.63497,1.63512,1.13,1.50
2011.04.20 10:11:16.120,1.63496,1.63512,3.34,1.50
2011.04.20 10:11:16.237,1.63496,1.63512,1.84,1.50
2011.04.20 10:11:17.077,1.63496,1.63512,1.84,2.25
2011.04.20 10:11:17.187,1.63494,1.63508,1.95,1.50
2011.04.20 10:11:17.518,1.63491,1.63506,1.20,1.09
2011.04.20 10:11:19.226,1.63489,1.63506,1.50,1.84
2011.04.20 10:11:20.548,1.63493,1.63508,1.20,3.00
2011.04.20 10:11:20.879,1.63498,1.63513,1.50,3.00
2011.04.20 10:11:20.990,1.63499,1.63513,3.00,1.50
2011.04.20 10:11:21.548,1.63501,1.63515,1.20,2.13
2011.04.20 10:11:21.876,1.63501,1.63515,1.20,2.88
2011.04.20 10:11:21.987,1.63501,1.63515,1.20,2.88
2011.04.20 10:11:22.316,1.63499,1.63514,1.20,3.34
2011.04.20 10:11:23.088,1.63499,1.63514,2.70,2.59
2011.04.20 10:11:23.646,1.63499,1.63514,1.20,1.84
2011.04.20 10:11:25.166,1.63498,1.63514,1.95,2.59
2011.04.20 10:11:26.818,1.63497,1.63512,1.50,1.50
2011.04.20 10:11:27.037,1.63496,1.63512,1.20,2.25
2011.04.20 10:11:27.698,1.63496,1.63511,1.20,3.00
2011.04.20 10:11:28.848,1.63494,1.63506,1.20,2.25
2011.04.20 10:11:28.960,1.63494,1.63506,1.20,2.25
2011.04.20 10:11:29.193,1.63492,1.63509,1.50,1.50
2011.04.20 10:11:29.422,1.63488,1.63504,2.70,1.09
2011.04.20 10:11:29.759,1.63485,1.63501,1.20,1.09
2011.04.20 10:11:29.988,1.63485,1.63502,1.20,2.59
2011.04.20 10:11:30.318,1.63483,1.63498,1.20,2.59
2011.04.20 10:11:30.648,1.6349,1.63501,5.22,2.25
2011.04.20 10:11:30.869,1.6349,1.63506,2.25,1.88
2011.04.20 10:11:31.087,1.6349,1.63507,3.34,1.50
2011.04.20 10:11:31.527,1.63497,1.63508,3.00,1.50
2011.04.20 10:11:31.859,1.63492,1.63509,2.25,1.50
2011.04.20 10:11:32.188,1.63492,1.63509,2.25,1.09
2011.04.20 10:11:33.327,1.63492,1.6351,2.25,2.59
2011.04.20 10:11:33.549,1.63492,1.63509,2.25,1.09
2011.04.20 10:11:34.317,1.63492,1.63509,2.25,1.09
2011.04.20 10:11:35.307,1.63492,1.63509,1.50,1.09
2011.04.20 10:11:35.856,1.63491,1.63509,1.50,1.09
2011.04.20 10:11:36.407,1.63493,1.63509,1.50,1.09
2011.04.20 10:11:36.957,1.63497,1.63511,1.09,1.50
2011.04.20 10:11:37.069,1.63497,1.63513,1.47,1.50
2011.04.20 10:11:37.397,1.63497,1.63514,2.22,1.50
2011.04.20 10:11:37.728,1.63493,1.63511,2.70,2.59
2011.04.20 10:11:37.838,1.63493,1.63511,1.95,2.59
2011.04.20 10:11:38.718,1.63492,1.6351,1.50,1.50
2011.04.20 10:11:39.049,1.63491,1.63508,1.20,1.73
2011.04.20 10:11:39.268,1.63489,1.63503,1.50,3.34
2011.04.20 10:11:39.379,1.63488,1.63501,1.50,5.25
2011.04.20 10:11:39.865,1.63483,1.63502,2.25,3.75
2011.04.20 10:11:39.980,1.63487,1.63502,3.00,1.50
2011.04.20 10:11:40.101,1.63484,1.63502,1.84,2.25
2011.04.20 10:11:40.659,1.63484,1.63501,4.09,1.50
2011.04.20 10:11:41.209,1.63484,1.63502,4.09,1.50
2011.04.20 10:11:41.757,1.63484,1.63502,4.09,1.50
2011.04.20 10:11:43.327,1.63484,1.63502,4.09,1.50
2011.04.20 10:11:43.656,1.63484,1.63502,4.09,1.50
2011.04.20 10:11:44.207,1.63482,1.63502,3.45,2.25
2011.04.20 10:11:44.538,1.63483,1.63502,1.50,1.50
2011.04.20 10:11:44.757,1.63483,1.63502,1.50,1.50
2011.04.20 10:11:45.397,1.63482,1.635,1.95,1.50
2011.04.20 10:11:45.508,1.63482,1.635,1.50,1.50
2011.04.20 10:11:46.167,1.6348,1.63499,1.20,2.59
2011.04.20 10:11:47.380,1.6348,1.63499,1.20,2.59
2011.04.20 10:11:47.498,1.6348,1.63496,1.20,1.09
2011.04.20 10:11:47.719,1.63478,1.63496,1.95,1.84
2011.04.20 10:11:48.267,1.63478,1.63496,1.20,1.84
2011.04.20 10:11:48.927,1.63478,1.63496,1.20,1.84
2011.04.20 10:11:49.476,1.63478,1.63496,1.20,1.84
2011.04.20 10:11:50.907,1.63477,1.63495,1.95,1.50
2011.04.20 10:11:51.456,1.63478,1.63493,1.20,1.50
2011.04.20 10:11:52.199,1.63476,1.63493,1.20,2.25
2011.04.20 10:11:52.747,1.63476,1.63493,1.20,2.25
2011.04.20 10:11:53.296,1.63476,1.63493,1.20,2.25
2011.04.20 10:11:53.867,1.63476,1.63493,1.20,2.25
2011.04.20 10:11:54.416,1.63475,1.63491,1.20,1.50
2011.04.20 10:11:54.527,1.63475,1.63488,1.20,1.50
2011.04.20 10:11:54.857,1.63473,1.63489,3.07,1.50
2011.04.20 10:11:55.076,1.63473,1.63491,3.07,1.84
2011.04.20 10:11:55.186,1.63473,1.63491,3.07,1.84
2011.04.20 10:11:55.736,1.63475,1.63491,1.20,1.84
2011.04.20 10:11:57.326,1.63475,1.63491,1.20,1.84
2011.04.20 10:11:57.549,1.63475,1.63491,1.20,1.84
2011.04.20 10:11:57.880,1.63483,1.63491,1.50,1.84
2011.04.20 10:11:58.112,1.63486,1.63497,1.50,1.87
2011.04.20 10:11:58.233,1.6349,1.63504,2.25,3.75
2011.04.20 10:11:58.349,1.63492,1.63504,1.20,2.25
2011.04.20 10:11:58.570,1.63493,1.63506,1.50,2.25
2011.04.20 10:11:58.688,1.63493,1.63511,1.50,3.34
2011.04.20 10:12:00.441,1.63493,1.63511,1.88,1.84
2011.04.20 10:12:00.561,1.63496,1.63513,3.00,2.25
2011.04.20 10:12:00.681,1.63496,1.6351,3.75,1.84
2011.04.20 10:12:01.897,1.63494,1.6351,2.70,1.84
2011.04.20 10:12:02.010,1.63494,1.63505,2.70,1.50
2011.04.20 10:12:02.237,1.63493,1.63505,1.20,1.50
2011.04.20 10:12:02.568,1.63491,1.63503,1.95,1.50
2011.04.20 10:12:02.679,1.63496,1.63507,1.50,1.87
2011.04.20 10:12:02.897,1.63497,1.63513,1.05,2.25
2011.04.20 10:12:03.007,1.63497,1.63513,1.05,2.25
2011.04.20 10:12:03.228,1.63499,1.63515,1.50,5.88
2011.04.20 10:12:03.558,1.63506,1.63516,1.09,1.50
2011.04.20 10:12:03.668,1.63506,1.63521,1.09,1.50
2011.04.20 10:12:03.779,1.63503,1.63521,1.50,1.50
2011.04.20 10:12:05.539,1.63502,1.6352,1.95,1.50
2011.04.20 10:12:06.088,1.63502,1.6352,1.95,1.50
2011.04.20 10:12:07.217,1.63502,1.6352,1.95,1.50
2011.04.20 10:12:07.660,1.635,1.63517,1.57,1.50
2011.04.20 10:12:08.218,1.63497,1.63515,1.20,2.59
2011.04.20 10:12:08.547,1.63497,1.63515,1.95,2.59
2011.04.20 10:12:09.099,1.63497,1.63515,1.95,1.84
2011.04.20 10:12:09.647,1.63497,1.63515,1.95,2.59
2011.04.20 10:12:10.087,1.63497,1.63515,1.20,2.59
2011.04.20 10:12:10.636,1.63497,1.63515,1.20,2.59
2011.04.20 10:12:11.296,1.63497,1.63515,1.20,2.59
2011.04.20 10:12:11.846,1.63497,1.63515,1.95,2.59
2011.04.20 10:12:14.316,1.63497,1.63515,1.20,2.59
2011.04.20 10:12:16.878,1.63495,1.63515,1.20,3.34
2011.04.20 10:12:17.757,1.63495,1.63514,1.20,1.50
2011.04.20 10:12:18.308,1.63495,1.63513,1.95,4.50
2011.04.20 10:12:18.748,1.63494,1.63507,1.50,1.87
2011.04.20 10:12:19.080,1.6348,1.63486,1.20,2.40
2011.04.20 10:12:19.522,1.6347,1.63476,1.20,1.50
2011.04.20 10:12:19.647,1.63456,1.63473,2.25,2.33
2011.04.20 10:12:20.312,1.63449,1.63464,4.50,1.38
2011.04.20 10:12:20.759,1.63449,1.63465,3.00,4.38
2011.04.20 10:12:20.868,1.63453,1.63465,1.50,3.75
2011.04.20 10:12:21.419,1.63453,1.63467,1.50,2.62
2011.04.20 10:12:21.529,1.63453,1.63467,3.75,1.38
2011.04.20 10:12:21.639,1.63454,1.63468,3.00,1.50
2011.04.20 10:12:21.747,1.63454,1.63468,4.50,1.50
2011.04.20 10:12:22.519,1.6346,1.63472,1.50,1.50
2011.04.20 10:12:22.969,1.63463,1.63477,1.50,1.38
2011.04.20 10:12:23.078,1.63463,1.63478,1.50,2.25
2011.04.20 10:12:23.840,1.6347,1.63482,1.50,1.38
2011.04.20 10:12:23.960,1.6347,1.63483,1.50,1.50
2011.04.20 10:12:24.189,1.63464,1.6348,3.07,4.50
2011.04.20 10:12:24.298,1.63464,1.63479,3.07,1.38
2011.04.20 10:12:24.517,1.63465,1.63482,1.50,1.50
2011.04.20 10:12:25.067,1.63464,1.63483,1.20,2.25
2011.04.20 10:12:25.618,1.63467,1.63483,1.50,1.50
2011.04.20 10:12:25.949,1.63466,1.63484,1.95,2.25
2011.04.20 10:12:26.497,1.63466,1.63484,1.95,1.50
2011.04.20 10:12:27.047,1.63467,1.63484,1.50,2.25
2011.04.20 10:12:27.377,1.6347,1.63486,1.09,1.38
2011.04.20 10:12:27.488,1.6347,1.63488,1.09,2.25
2011.04.20 10:12:27.596,1.6347,1.63488,1.09,2.25
2011.04.20 10:12:28.146,1.6347,1.63488,1.09,2.25
2011.04.20 10:12:29.124,1.6347,1.63488,1.09,2.25
2011.04.20 10:12:29.896,1.6347,1.63488,1.09,2.25
2011.04.20 10:12:30.447,1.6347,1.63488,1.84,2.25
2011.04.20 10:12:31.217,1.6347,1.63487,1.84,1.50
2011.04.20 10:12:31.675,1.6347,1.63487,1.50,5.59
2011.04.20 10:12:32.238,1.63468,1.63484,1.20,1.50
2011.04.20 10:12:32.787,1.63468,1.63484,1.20,1.50
2011.04.20 10:12:39.127,1.63468,1.63485,2.25,2.25
2011.04.20 10:12:40.496,1.63468,1.63485,1.50,1.50
2011.04.20 10:12:41.408,1.63467,1.63484,1.50,1.50
2011.04.20 10:12:42.232,1.63466,1.63484,2.25,2.59
2011.04.20 10:12:45.307,1.63464,1.63478,1.57,1.13
2011.04.20 10:12:45.418,1.63463,1.63478,3.38,1.13
2011.04.20 10:12:45.637,1.63461,1.63476,4.47,1.65
2011.04.20 10:12:45.747,1.63461,1.63476,1.84,1.65
2011.04.20 10:12:46.077,1.63461,1.6348,2.59,1.50
2011.04.20 10:12:49.599,1.63465,1.6348,1.50,1.50
2011.04.20 10:12:49.821,1.63466,1.63483,1.50,3.75
2011.04.20 10:12:50.048,1.63467,1.63483,1.50,1.50
2011.04.20 10:12:50.379,1.63471,1.63484,1.50,1.50
2011.04.20 10:12:50.925,1.63471,1.63484,1.50,1.50
2011.04.20 10:12:51.043,1.63471,1.63488,1.50,2.25
2011.04.20 10:12:51.488,1.63476,1.63491,1.50,1.50
2011.04.20 10:12:51.599,1.63476,1.63491,1.50,1.50
2011.04.20 10:12:51.711,1.63478,1.63493,1.50,3.75
2011.04.20 10:12:51.942,1.63484,1.63495,2.25,3.63
2011.04.20 10:12:52.173,1.63491,1.63497,1.50,2.25
2011.04.20 10:12:52.289,1.63489,1.63502,4.09,1.50
2011.04.20 10:12:52.398,1.63491,1.63507,1.50,2.25
2011.04.20 10:12:52.509,1.63491,1.63507,2.25,1.50
2011.04.20 10:12:52.947,1.63496,1.63511,1.50,2.25
2011.04.20 10:12:53.058,1.63496,1.63512,1.50,1.50
2011.04.20 10:12:53.607,1.63496,1.63512,1.50,1.50
2011.04.20 10:12:53.937,1.63494,1.63512,2.25,1.50
2011.04.20 10:12:54.487,1.63494,1.63512,2.25,1.50
2011.04.20 10:12:56.357,1.63494,1.63512,1.50,1.50
2011.04.20 10:12:56.689,1.63492,1.63511,2.32,3.00
2011.04.20 10:12:57.271,1.63489,1.63505,2.59,1.50
2011.04.20 10:12:57.625,1.63483,1.63499,1.20,2.25
2011.04.20 10:12:57.958,1.63483,1.63499,1.20,3.75
2011.04.20 10:12:58.508,1.63483,1.63499,1.20,3.75
2011.04.20 10:12:58.838,1.63483,1.63499,1.95,3.75
2011.04.20 10:12:59.858,1.63483,1.63499,1.95,3.75
2011.04.20 10:13:00.077,1.63484,1.63499,1.09,2.63
2011.04.20 10:13:00.191,1.63485,1.63499,1.50,1.13
2011.04.20 10:13:00.417,1.63485,1.635,1.20,1.13
2011.04.20 10:13:00.748,1.63486,1.63499,3.00,1.13
2011.04.20 10:13:01.297,1.63486,1.63499,3.00,1.13
2011.04.20 10:13:01.627,1.63486,1.63499,3.00,1.13
2011.04.20 10:13:02.069,1.63486,1.63499,3.00,1.13
2011.04.20 10:13:02.618,1.63486,1.63499,3.00,1.13
2011.04.20 10:13:02.959,1.63489,1.63502,2.25,1.13
2011.04.20 10:13:03.685,1.63492,1.63506,1.09,2.25
2011.04.20 10:13:03.806,1.63492,1.63511,1.84,1.50
2011.04.20 10:13:03.918,1.63494,1.63512,1.50,1.50
2011.04.20 10:13:04.360,1.63494,1.63511,1.50,1.50
2011.04.20 10:13:04.917,1.63492,1.63511,1.54,2.25
2011.04.20 10:13:05.465,1.63492,1.63511,1.54,1.50
2011.04.20 10:13:05.687,1.63494,1.63512,1.50,3.00
2011.04.20 10:13:06.237,1.63494,1.63513,2.59,3.00
2011.04.20 10:13:08.216,1.63495,1.63512,1.50,2.25
2011.04.20 10:13:08.876,1.63495,1.63511,1.50,1.50
2011.04.20 10:13:10.597,1.63494,1.63511,2.25,2.25
2011.04.20 10:13:10.928,1.63491,1.63505,1.20,1.50
2011.04.20 10:13:11.258,1.63485,1.63497,1.20,1.32
2011.04.20 10:13:11.698,1.63479,1.63496,1.20,2.63
2011.04.20 10:13:12.390,1.63479,1.63496,1.20,1.13
2011.04.20 10:13:12.738,1.63482,1.63499,1.50,3.75
2011.04.20 10:13:13.397,1.63482,1.63499,1.50,3.00
2011.04.20 10:13:13.728,1.63489,1.63499,2.59,3.00
2011.04.20 10:13:13.837,1.63489,1.63501,2.59,1.38
2011.04.20 10:13:14.058,1.6349,1.63506,2.25,2.25
2011.04.20 10:13:14.387,1.6349,1.63504,2.25,1.50
2011.04.20 10:13:14.828,1.63486,1.63503,1.50,3.00
2011.04.20 10:13:14.937,1.63486,1.63501,2.25,4.50
2011.04.20 10:13:15.266,1.63486,1.635,1.50,2.13
2011.04.20 10:13:15.487,1.63486,1.635,1.50,2.88
2011.04.20 10:13:16.037,1.63485,1.635,1.50,2.13
2011.04.20 10:13:17.938,1.63485,1.635,1.50,2.13
2011.04.20 10:13:18.157,1.63483,1.635,1.20,2.13
2011.04.20 10:13:18.643,1.63482,1.635,1.50,2.88
2011.04.20 10:13:19.748,1.6348,1.63499,1.20,1.50
2011.04.20 10:13:20.296,1.6348,1.63499,1.20,2.25
2011.04.20 10:13:21.517,1.6348,1.635,1.20,3.63
2011.04.20 10:13:22.067,1.63482,1.635,1.50,3.63
2011.04.20 10:13:23.417,1.63489,1.635,1.50,2.88
2011.04.20 10:13:23.757,1.63496,1.6351,1.09,1.50
2011.04.20 10:13:24.308,1.63497,1.63512,1.09,1.50
2011.04.20 10:13:24.819,1.63499,1.63512,1.50,1.50
2011.04.20 10:13:25.060,1.63501,1.63514,1.50,1.50
2011.04.20 10:13:25.618,1.63502,1.63516,1.50,1.50
2011.04.20 10:13:26.170,1.63499,1.63513,2.59,1.50
2011.04.20 10:13:26.937,1.63498,1.63513,1.50,1.50
2011.04.20 10:13:27.158,1.63498,1.63511,1.50,1.50
2011.04.20 10:13:27.927,1.635,1.63511,2.25,1.50
2011.04.20 10:13:28.038,1.635,1.63513,2.25,3.75
2011.04.20 10:13:28.150,1.63502,1.63515,1.50,2.13
2011.04.20 10:13:28.270,1.63502,1.63517,1.50,2.59
2011.04.20 10:13:28.388,1.63499,1.63515,3.00,2.13
2011.04.20 10:13:29.197,1.63499,1.63515,3.00,1.38
2011.04.20 10:13:30.388,1.635,1.63515,3.00,1.38
2011.04.20 10:13:30.716,1.635,1.63515,3.00,1.38
2011.04.20 10:13:33.277,1.635,1.63515,3.00,1.38
2011.04.20 10:13:33.936,1.63498,1.63515,3.00,1.38
2011.04.20 10:13:34.486,1.635,1.63515,3.00,2.13
2011.04.20 10:13:35.170,1.63498,1.63514,3.00,1.50
2011.04.20 10:13:35.509,1.63497,1.63514,1.50,1.50
2011.04.20 10:13:36.090,1.63497,1.63514,3.75,1.50
2011.04.20 10:13:36.717,1.63497,1.63513,1.50,1.50
2011.04.20 10:13:37.787,1.63498,1.63513,3.00,1.50
2011.04.20 10:13:37.897,1.63498,1.63514,3.00,1.50
2011.04.20 10:13:38.007,1.63499,1.63514,2.25,1.50
2011.04.20 10:13:38.557,1.63502,1.63515,1.50,2.13
2011.04.20 10:13:39.107,1.63502,1.63515,1.50,2.13
2011.04.20 10:13:39.657,1.63502,1.63515,1.50,2.13
2011.04.20 10:13:40.208,1.63502,1.63515,1.50,2.13
2011.04.20 10:13:41.529,1.63501,1.63515,1.50,2.13
2011.04.20 10:13:41.859,1.63508,1.63518,2.25,3.75
2011.04.20 10:13:42.189,1.6351,1.63523,1.50,1.50
2011.04.20 10:13:42.519,1.6351,1.63523,1.50,1.50
2011.04.20 10:13:43.327,1.6351,1.63523,1.50,1.50
2011.04.20 10:13:43.877,1.6351,1.63523,1.50,1.50
2011.04.20 10:13:44.549,1.6351,1.63523,1.50,1.50
2011.04.20 10:13:44.771,1.63512,1.63525,1.50,1.50
2011.04.20 10:13:44.892,1.63512,1.63527,4.50,2.62
2011.04.20 10:13:45.011,1.63514,1.63527,2.25,1.87
2011.04.20 10:13:45.241,1.63515,1.63532,1.50,2.25
2011.04.20 10:13:45.358,1.63517,1.63534,3.00,3.75
2011.04.20 10:13:45.688,1.63522,1.63535,1.50,3.26
2011.04.20 10:13:46.019,1.63522,1.63534,1.50,1.50
2011.04.20 10:13:46.461,1.63518,1.63534,1.50,1.50
2011.04.20 10:13:47.067,1.63519,1.63534,3.00,2.88
2011.04.20 10:13:47.186,1.63513,1.63532,3.75,2.59
2011.04.20 10:13:47.299,1.63513,1.63531,3.75,1.09
2011.04.20 10:13:47.629,1.63514,1.63532,1.50,2.59
2011.04.20 10:13:47.958,1.63514,1.63531,2.70,5.59
2011.04.20 10:13:48.289,1.63518,1.6353,2.25,1.38
2011.04.20 10:13:48.398,1.63514,1.6353,1.50,1.50
2011.04.20 10:13:48.618,1.63514,1.63531,3.00,2.59
2011.04.20 10:13:48.838,1.63515,1.63531,1.50,4.09
2011.04.20 10:13:49.387,1.63517,1.63529,1.50,1.50
2011.04.20 10:13:50.381,1.63517,1.63529,1.50,1.50
2011.04.20 10:13:50.498,1.63516,1.63529,1.50,2.25
2011.04.20 10:13:50.828,1.63509,1.63527,2.25,6.22
2011.04.20 10:13:51.050,1.63509,1.63527,1.50,5.59
2011.04.20 10:13:51.277,1.63509,1.63527,1.50,6.97
2011.04.20 10:13:51.777,1.63513,1.63527,1.50,2.13
2011.04.20 10:13:51.888,1.63513,1.63527,1.50,2.13
2011.04.20 10:13:52.218,1.63513,1.63528,1.50,2.13
2011.04.20 10:13:52.327,1.63513,1.63529,1.50,2.88
2011.04.20 10:13:52.886,1.63513,1.63529,1.50,2.88
2011.04.20 10:13:53.768,1.63513,1.63529,1.50,3.63
2011.04.20 10:13:54.293,1.63513,1.63527,1.50,1.50
2011.04.20 10:13:54.627,1.63513,1.63529,1.50,2.88
2011.04.20 10:13:55.857,1.63513,1.63529,1.50,1.50
2011.04.20 10:13:55.970,1.63518,1.63529,1.50,1.50
2011.04.20 10:13:56.095,1.63519,1.63529,1.50,1.50
2011.04.20 10:13:56.210,1.63519,1.63535,2.25,4.01
2011.04.20 10:13:56.813,1.6352,1.63534,1.50,1.50
2011.04.20 10:13:56.937,1.63517,1.63528,1.54,1.84
2011.04.20 10:13:57.051,1.63511,1.63528,1.20,2.59
2011.04.20 10:13:57.390,1.63511,1.63528,1.20,2.59
2011.04.20 10:13:57.617,1.63512,1.6353,3.00,2.47
2011.04.20 10:13:57.838,1.63512,1.6353,3.00,2.47
2011.04.20 10:13:57.948,1.63511,1.6353,1.95,2.59
2011.04.20 10:13:58.276,1.63511,1.6353,1.20,3.22
2011.04.20 10:13:58.607,1.63511,1.6353,1.20,2.47
2011.04.20 10:13:59.156,1.63511,1.63528,1.20,1.09
2011.04.20 10:14:00.037,1.63511,1.63528,1.20,1.84
2011.04.20 10:14:01.016,1.6351,1.63528,1.50,1.50
2011.04.20 10:14:02.497,1.63511,1.63529,3.45,1.50
2011.04.20 10:14:02.719,1.63509,1.63528,2.70,1.50
2011.04.20 10:14:02.939,1.63509,1.63528,1.20,2.25
2011.04.20 10:14:03.161,1.63509,1.63524,1.20,1.84
2011.04.20 10:14:03.391,1.63509,1.63521,1.20,1.84
2011.04.20 10:14:03.617,1.63511,1.63521,3.00,1.84
2011.04.20 10:14:03.837,1.63505,1.63521,1.20,1.84
2011.04.20 10:14:04.167,1.63505,1.63521,1.20,1.84
2011.04.20 10:14:04.716,1.63505,1.6352,1.20,1.09
2011.04.20 10:14:05.267,1.63505,1.6352,1.20,1.09
2011.04.20 10:14:05.905,1.63502,1.6352,1.20,1.09
2011.04.20 10:14:06.458,1.63502,1.6352,1.20,1.09
2011.04.20 10:14:07.007,1.63502,1.6352,1.20,1.09
2011.04.20 10:14:07.557,1.63503,1.63521,1.09,1.50
2011.04.20 10:14:08.556,1.63504,1.63521,1.20,1.50
2011.04.20 10:14:08.667,1.63504,1.63521,1.20,2.25
2011.04.20 10:14:09.438,1.63502,1.6352,1.20,1.84
2011.04.20 10:14:09.878,1.63501,1.63518,1.50,1.65
2011.04.20 10:14:10.101,1.635,1.63512,1.50,2.25
2011.04.20 10:14:10.330,1.63497,1.63514,1.50,1.50
2011.04.20 10:14:10.890,1.63497,1.63512,1.50,3.00
2011.04.20 10:14:11.504,1.63494,1.63511,1.50,1.50
2011.04.20 10:14:11.838,1.63493,1.63512,1.20,4.50
2011.04.20 10:14:12.609,1.63493,1.63512,1.20,5.25
2011.04.20 10:14:12.939,1.63491,1.63507,1.20,2.25
2011.04.20 10:14:13.052,1.63491,1.63507,1.20,2.25
2011.04.20 10:14:13.388,1.63491,1.63507,1.20,2.25
2011.04.20 10:14:13.719,1.63491,1.63507,1.20,2.25
2011.04.20 10:14:13.827,1.63492,1.6351,1.50,2.13
2011.04.20 10:14:14.469,1.63492,1.63511,1.50,5.63
2011.04.20 10:14:14.896,1.63492,1.6351,1.50,1.50
2011.04.20 10:14:15.677,1.63492,1.6351,1.50,3.00
2011.04.20 10:14:16.227,1.63492,1.63509,1.50,1.50
2011.04.20 10:14:17.218,1.63492,1.6351,1.50,1.50
2011.04.20 10:14:17.766,1.63492,1.6351,1.50,1.50
2011.04.20 10:14:18.777,1.63491,1.63508,1.20,1.50
2011.04.20 10:14:19.107,1.63489,1.63507,3.75,3.00
2011.04.20 10:14:19.977,1.63495,1.63507,1.50,3.00
2011.04.20 10:14:20.557,1.63496,1.63504,1.50,3.00
2011.04.20 10:14:20.781,1.63489,1.63504,2.25,3.00
2011.04.20 10:14:21.008,1.63489,1.63507,3.00,4.38
2011.04.20 10:14:21.339,1.63497,1.63508,1.09,1.50
2011.04.20 10:14:21.559,1.63497,1.63513,1.09,2.25
2011.04.20 10:14:21.671,1.63496,1.6351,2.29,2.25
2011.04.20 10:14:21.899,1.63493,1.63507,1.50,1.84
2011.04.20 10:14:22.447,1.63491,1.63509,2.25,1.50
2011.04.20 10:14:27.507,1.63493,1.6351,1.50,3.00
2011.04.20 10:14:28.908,1.63493,1.6351,1.50,2.25
2011.04.20 10:14:29.238,1.63496,1.63512,1.20,1.50
2011.04.20 10:14:29.797,1.63496,1.63512,1.20,1.50
2011.04.20 10:14:30.456,1.63496,1.63512,1.20,2.25
2011.04.20 10:14:31.007,1.63492,1.63511,1.50,4.09
2011.04.20 10:14:31.120,1.63492,1.6351,1.50,1.84
2011.04.20 10:14:31.677,1.63492,1.63509,1.50,3.75
2011.04.20 10:14:31.897,1.63492,1.63507,1.50,2.25
2011.04.20 10:14:32.118,1.63489,1.63507,1.20,3.75
2011.04.20 10:14:32.888,1.63489,1.63507,1.20,3.00
2011.04.20 10:14:33.440,1.6349,1.63509,1.84,2.25
2011.04.20 10:14:34.386,1.63491,1.63509,1.50,2.33
2011.04.20 10:14:34.937,1.63491,1.63508,1.50,1.73
2011.04.20 10:14:35.527,1.63491,1.63509,1.50,2.48
2011.04.20 10:14:35.967,1.6349,1.63508,1.84,1.65
2011.04.20 10:14:36.186,1.6349,1.63509,1.84,2.25
2011.04.20 10:14:36.697,1.6349,1.63508,1.09,3.00
2011.04.20 10:14:37.249,1.63489,1.63506,1.20,1.73
2011.04.20 10:14:38.005,1.63489,1.63505,1.20,1.50
2011.04.20 10:14:39.028,1.63489,1.63505,1.20,1.50
2011.04.20 10:14:39.248,1.63487,1.63503,1.20,1.50
2011.04.20 10:14:39.357,1.63486,1.63503,1.20,1.50
2011.04.20 10:14:39.799,1.63484,1.63503,1.20,2.25
2011.04.20 10:14:40.017,1.63484,1.63502,1.20,1.50
2011.04.20 10:14:41.006,1.63483,1.63502,2.70,3.75
2011.04.20 10:14:41.558,1.63485,1.63502,1.20,3.75
2011.04.20 10:14:42.327,1.63485,1.63502,1.20,2.25
2011.04.20 10:14:42.876,1.63484,1.63502,1.20,2.25
2011.04.20 10:14:44.258,1.63485,1.63502,1.20,4.50
2011.04.20 10:14:45.219,1.63485,1.63499,1.20,1.84
2011.04.20 10:14:45.658,1.63482,1.63498,1.20,1.84
2011.04.20 10:14:46.346,1.6348,1.63498,1.95,1.09
2011.04.20 10:14:47.216,1.6348,1.63498,1.95,1.84
2011.04.20 10:14:47.468,1.6348,1.63497,1.20,2.25
2011.04.20 10:14:48.018,1.6348,1.63496,1.20,1.65
2011.04.20 10:14:48.237,1.6348,1.63497,1.20,2.25
2011.04.20 10:14:48.787,1.63481,1.63497,1.50,1.50
2011.04.20 10:14:48.897,1.63481,1.63499,2.25,1.20
2011.04.20 10:14:49.008,1.63481,1.63499,2.63,1.13
2011.04.20 10:14:49.906,1.63482,1.63499,1.20,1.88
2011.04.20 10:14:50.127,1.63482,1.63499,1.20,1.88
2011.04.20 10:14:50.677,1.63482,1.63499,1.20,1.13
2011.04.20 10:14:50.899,1.63482,1.63498,1.95,1.50
2011.04.20 10:14:51.402,1.63482,1.63499,1.95,1.88
2011.04.20 10:14:53.279,1.63482,1.63496,1.95,2.63
2011.04.20 10:14:54.087,1.63479,1.63493,2.25,3.34
2011.04.20 10:14:54.428,1.63473,1.63488,1.20,1.13
2011.04.20 10:14:54.977,1.63473,1.6349,1.20,1.65
2011.04.20 10:14:55.528,1.63473,1.6349,1.20,2.78
2011.04.20 10:14:56.357,1.63473,1.63489,1.20,1.65
2011.04.20 10:14:56.579,1.63471,1.63486,1.50,1.88
2011.04.20 10:14:56.909,1.63468,1.63481,1.95,1.50
2011.04.20 10:14:57.129,1.63464,1.63481,1.50,2.25
2011.04.20 10:14:57.243,1.63472,1.63481,1.13,2.25
2011.04.20 10:14:57.579,1.63471,1.63481,1.88,1.84
2011.04.20 10:14:57.689,1.63466,1.63481,1.20,1.84
2011.04.20 10:14:58.237,1.63465,1.63483,1.20,1.50
2011.04.20 10:14:58.569,1.63465,1.63484,1.95,1.50
2011.04.20 10:14:59.010,1.63469,1.63486,2.59,2.25
2011.04.20 10:14:59.231,1.63469,1.63487,2.59,1.13
2011.04.20 10:14:59.883,1.63469,1.63488,2.59,2.63
2011.04.20 10:15:00.877,1.6347,1.63488,1.50,1.88
2011.04.20 10:15:01.648,1.6347,1.63488,1.50,1.88
2011.04.20 10:15:01.868,1.63471,1.6349,1.50,1.50
2011.04.20 10:15:01.978,1.63471,1.63491,1.95,1.88
2011.04.20 10:15:02.528,1.63471,1.63492,1.95,4.84
2011.04.20 10:15:03.078,1.63475,1.63493,1.50,3.75
2011.04.20 10:15:03.190,1.63481,1.63493,1.50,2.25
2011.04.20 10:15:03.411,1.63486,1.63497,1.50,1.88
2011.04.20 10:15:03.638,1.63486,1.63501,3.75,1.04
2011.04.20 10:15:03.749,1.63486,1.63503,4.36,1.65
2011.04.20 10:15:03.858,1.63486,1.63503,4.36,1.50
2011.04.20 10:15:04.628,1.63487,1.63505,1.54,2.25
2011.04.20 10:15:04.737,1.63487,1.63505,1.54,2.25
2011.04.20 10:15:05.287,1.63487,1.63505,1.54,2.25
2011.04.20 10:15:06.308,1.63489,1.63505,1.84,2.25
2011.04.20 10:15:06.832,1.6349,1.63505,1.09,1.50
2011.04.20 10:15:08.818,1.63489,1.63504,1.95,1.50
2011.04.20 10:15:09.259,1.63487,1.63504,3.07,1.50
2011.04.20 10:15:09.587,1.63485,1.63501,3.34,1.50
2011.04.20 10:15:09.807,1.63485,1.63501,3.34,1.50
2011.04.20 10:15:12.677,1.63485,1.63501,3.34,1.50
2011.04.20 10:15:14.818,1.63484,1.63502,1.95,2.59
2011.04.20 10:15:15.377,1.63484,1.63501,1.95,1.09
2011.04.20 10:15:15.957,1.63484,1.635,1.50,1.50
2011.04.20 10:15:16.533,1.63484,1.63501,1.50,1.84
2011.04.20 10:15:17.219,1.63487,1.63502,1.13,2.25
2011.04.20 10:15:17.329,1.63487,1.63503,2.32,1.50
2011.04.20 10:15:17.439,1.63494,1.63503,1.50,1.50
2011.04.20 10:15:17.769,1.63501,1.63512,1.50,1.50
2011.04.20 10:15:17.987,1.63501,1.63515,1.50,1.13
2011.04.20 10:15:18.429,1.63505,1.6352,1.50,3.00
2011.04.20 10:15:18.921,1.63508,1.63519,3.00,1.50
2011.04.20 10:15:19.158,1.63507,1.63524,1.88,1.50
2011.04.20 10:15:19.818,1.63506,1.63523,1.20,2.59
2011.04.20 10:15:19.927,1.63506,1.63523,1.20,1.84
2011.04.20 10:15:20.147,1.63506,1.63523,1.20,2.59
2011.04.20 10:15:20.477,1.63506,1.63523,1.20,1.84
2011.04.20 10:15:21.587,1.63506,1.63523,1.20,1.84
2011.04.20 10:15:21.808,1.63506,1.63523,1.20,1.84
2011.04.20 10:15:22.358,1.63506,1.63523,1.20,1.84
2011.04.20 10:15:22.579,1.63507,1.63523,1.13,1.50
2011.04.20 10:15:22.908,1.63509,1.63525,1.20,1.50
2011.04.20 10:15:23.569,1.63509,1.6353,1.20,2.13
2011.04.20 10:15:23.678,1.63509,1.6353,1.20,2.13
2011.04.20 10:15:24.007,1.63509,1.63528,1.20,1.84
2011.04.20 10:15:24.557,1.63509,1.63528,1.20,2.59
2011.04.20 10:15:25.199,1.63509,1.63528,1.20,2.59
2011.04.20 10:15:28.772,1.63509,1.63528,1.20,1.84
2011.04.20 10:15:34.457,1.63509,1.63528,1.20,1.09
2011.04.20 10:15:34.789,1.63509,1.63527,1.20,1.50
2011.04.20 10:15:35.117,1.63509,1.63525,1.20,1.50
2011.04.20 10:15:35.449,1.63506,1.63521,1.50,1.09
2011.04.20 10:15:35.777,1.63503,1.63521,1.95,1.09
2011.04.20 10:15:36.326,1.63503,1.63521,1.20,2.59
2011.04.20 10:15:36.878,1.63503,1.63521,1.20,2.59
2011.04.20 10:15:39.136,1.63503,1.63521,1.20,2.59
2011.04.20 10:15:40.176,1.63503,1.63521,1.20,4.09
2011.04.20 10:15:40.726,1.63504,1.63521,1.50,2.25
2011.04.20 10:15:40.838,1.63504,1.63522,1.50,3.00
2011.04.20 10:15:40.947,1.63507,1.63523,2.59,1.50
2011.04.20 10:15:42.597,1.63507,1.63523,2.59,1.50
2011.04.20 10:15:43.477,1.63505,1.63523,1.20,2.25
2011.04.20 10:15:43.698,1.63505,1.63522,1.20,1.50
2011.04.20 10:15:44.247,1.63505,1.63522,1.20,2.25
2011.04.20 10:15:45.348,1.63503,1.63521,1.20,1.50
2011.04.20 10:15:46.008,1.63507,1.63523,1.84,4.50
2011.04.20 10:15:46.337,1.6351,1.63525,1.57,2.13
2011.04.20 10:15:46.888,1.63511,1.63525,1.20,1.38
2011.04.20 10:15:48.178,1.63511,1.63524,1.20,1.50
2011.04.20 10:15:49.059,1.63509,1.63524,1.20,2.59
2011.04.20 10:15:52.377,1.63509,1.63524,1.20,2.59
2011.04.20 10:15:53.147,1.6351,1.63523,1.50,3.34
2011.04.20 10:15:53.697,1.6351,1.63523,1.50,3.34
2011.04.20 10:15:54.228,1.6351,1.63523,1.50,3.34
2011.04.20 10:15:54.776,1.63509,1.63523,1.20,3.34
2011.04.20 10:15:55.939,1.63507,1.63523,1.50,6.34
2011.04.20 10:15:56.707,1.63506,1.63523,1.20,6.34
2011.04.20 10:15:57.478,1.63506,1.63523,1.20,6.34
2011.04.20 10:15:58.296,1.63506,1.63523,1.20,6.34
2011.04.20 10:15:59.677,1.63506,1.63522,1.20,1.50
2011.04.20 10:16:00.567,1.63506,1.63523,1.20,6.34
2011.04.20 10:16:01.256,1.63506,1.63522,1.20,1.50
2011.04.20 10:16:01.589,1.63505,1.63522,1.20,2.25
2011.04.20 10:16:01.918,1.63502,1.63519,1.50,2.59
2011.04.20 10:16:02.470,1.63501,1.63514,1.20,2.59
2011.04.20 10:16:02.803,1.63495,1.63507,1.95,1.50
2011.04.20 10:16:03.138,1.63491,1.63505,1.50,1.50
2011.04.20 10:16:03.688,1.63491,1.63505,1.50,1.50
2011.04.20 10:16:05.534,1.63493,1.63505,1.50,1.50
2011.04.20 10:16:06.607,1.63492,1.63505,1.95,1.50
2011.04.20 10:16:11.088,1.63492,1.63505,1.50,2.25
2011.04.20 10:16:11.639,1.63492,1.63505,1.50,1.50
2011.04.20 10:16:14.137,1.63492,1.63505,1.50,1.50
2011.04.20 10:16:14.808,1.63492,1.63505,1.50,1.50
2011.04.20 10:16:15.029,1.63492,1.63505,1.50,1.50
2011.04.20 10:16:15.359,1.63493,1.63505,1.50,1.50
2011.04.20 10:16:15.906,1.63493,1.63505,1.50,1.50
2011.04.20 10:16:16.458,1.63493,1.63505,1.50,1.50
2011.04.20 10:16:16.678,1.6349,1.63505,1.95,1.50
2011.04.20 10:16:16.789,1.6349,1.63505,1.95,1.50
2011.04.20 10:16:17.007,1.6349,1.63505,1.95,1.50
2011.04.20 10:16:19.447,1.6349,1.63503,1.20,1.50
2011.04.20 10:16:19.997,1.63488,1.63502,1.20,2.59
2011.04.20 10:16:20.437,1.63485,1.63502,4.20,2.59
2011.04.20 10:16:21.097,1.63485,1.63502,4.20,3.34
2011.04.20 10:16:21.708,1.63485,1.63502,3.45,3.34
2011.04.20 10:16:22.191,1.63485,1.63502,1.95,2.59
2011.04.20 10:16:23.527,1.63485,1.63499,1.95,1.84
2011.04.20 10:16:26.207,1.63485,1.63499,1.20,1.84
2011.04.20 10:16:27.158,1.63483,1.63499,1.95,2.59
2011.04.20 10:16:28.088,1.63483,1.63499,1.95,2.59
2011.04.20 10:16:30.257,1.63483,1.63499,1.95,3.34
2011.04.20 10:16:30.479,1.63483,1.63499,1.95,2.59
2011.04.20 10:16:31.169,1.63483,1.63499,1.95,2.59
2011.04.20 10:16:32.443,1.63483,1.63499,1.95,1.84
2011.04.20 10:16:32.996,1.63483,1.63499,4.20,1.84
2011.04.20 10:16:35.086,1.63483,1.63499,4.20,1.84
2011.04.20 10:16:35.306,1.63483,1.63499,4.20,1.84
2011.04.20 10:16:35.637,1.63483,1.63499,4.20,1.84
2011.04.20 10:16:35.748,1.63483,1.63499,4.20,1.84
2011.04.20 10:16:36.957,1.63483,1.63498,1.95,1.84
2011.04.20 10:16:37.180,1.63482,1.63497,1.50,3.00
2011.04.20 10:16:37.300,1.63483,1.63499,1.50,2.25
2011.04.20 10:16:39.361,1.63483,1.63491,1.50,2.25
2011.04.20 10:16:39.599,1.63472,1.63487,1.20,1.25
2011.04.20 10:16:40.314,1.6347,1.63487,1.95,1.25
2011.04.20 10:16:40.866,1.63471,1.63487,1.20,1.25
2011.04.20 10:16:41.856,1.6347,1.63487,1.95,1.25
2011.04.20 10:16:42.298,1.63475,1.63489,1.20,1.66
2011.04.20 10:16:42.408,1.63475,1.63489,3.45,1.50
2011.04.20 10:16:42.629,1.63481,1.63493,1.50,1.50
2011.04.20 10:16:42.739,1.63484,1.63495,1.50,1.50
2011.04.20 10:16:42.958,1.63484,1.63498,1.50,4.50
2011.04.20 10:16:43.068,1.63484,1.63498,1.50,1.50
2011.04.20 10:16:43.617,1.63484,1.63499,1.50,2.25
2011.04.20 10:16:44.198,1.63484,1.63499,1.50,1.50
2011.04.20 10:16:45.907,1.63484,1.63499,1.50,1.50
2011.04.20 10:16:46.017,1.63484,1.63499,1.50,1.50
2011.04.20 10:16:46.237,1.63484,1.635,1.50,1.50
2011.04.20 10:16:46.818,1.63484,1.63501,3.75,4.09
2011.04.20 10:16:47.367,1.63485,1.63501,1.50,4.09
2011.04.20 10:16:48.681,1.63485,1.63501,1.50,4.09
2011.04.20 10:16:49.237,1.63485,1.63501,1.50,3.34
2011.04.20 10:16:52.846,1.63485,1.63501,1.50,1.84
2011.04.20 10:16:56.177,1.63485,1.63501,1.50,2.59
2011.04.20 10:16:56.775,1.63485,1.63501,1.50,2.59
2011.04.20 10:17:00.191,1.63485,1.63501,1.50,2.59
2011.04.20 10:17:00.638,1.63485,1.63501,1.50,1.84
2011.04.20 10:17:00.969,1.63485,1.63503,1.50,3.00
2011.04.20 10:17:01.556,1.63484,1.63503,1.91,3.00
2011.04.20 10:17:02.107,1.63486,1.63503,1.20,2.25
2011.04.20 10:17:02.218,1.63487,1.63503,1.50,2.25
2011.04.20 10:17:02.767,1.63486,1.63503,1.57,2.25
2011.04.20 10:17:03.504,1.6349,1.63503,1.50,2.25
2011.04.20 10:17:04.919,1.6349,1.635,1.50,1.50
2011.04.20 10:17:05.249,1.63486,1.63499,1.84,3.00
2011.04.20 10:17:05.358,1.63487,1.63502,3.82,1.50
2011.04.20 10:17:05.578,1.63489,1.63503,1.50,1.50
2011.04.20 10:17:07.776,1.63488,1.63503,1.50,1.50
2011.04.20 10:17:08.330,1.63488,1.63503,1.50,1.50
2011.04.20 10:17:08.657,1.63487,1.63503,1.20,2.25
2011.04.20 10:17:08.990,1.63487,1.63496,1.20,1.50
2011.04.20 10:17:09.537,1.63482,1.63496,3.00,1.73
2011.04.20 10:17:09.868,1.63478,1.63496,4.20,2.85
2011.04.20 10:17:09.977,1.63478,1.63496,3.45,2.85
2011.04.20 10:17:10.087,1.63478,1.63496,4.20,2.85
2011.04.20 10:17:12.589,1.63478,1.63496,4.20,3.00
2011.04.20 10:17:17.938,1.63478,1.63493,4.20,1.50
2011.04.20 10:17:18.161,1.63478,1.63492,1.20,3.00
2011.04.20 10:17:18.278,1.63478,1.63492,1.20,3.00
2011.04.20 10:17:19.377,1.63476,1.63492,1.20,3.00
2011.04.20 10:17:19.949,1.63476,1.63492,1.20,3.00
2011.04.20 10:17:20.267,1.63477,1.63492,1.50,2.25
2011.04.20 10:17:20.488,1.63476,1.63492,1.95,3.00
2011.04.20 10:17:20.709,1.63483,1.63492,1.50,2.25
2011.04.20 10:17:21.039,1.63476,1.63492,1.95,3.00
2011.04.20 10:17:21.587,1.63477,1.63492,1.50,3.00
2011.04.20 10:17:25.887,1.63477,1.63492,1.50,2.25
2011.04.20 10:17:26.450,1.63477,1.63492,1.50,3.00
2011.04.20 10:17:29.927,1.63477,1.63492,1.50,3.00
2011.04.20 10:17:31.658,1.63476,1.63492,1.20,3.00
2011.04.20 10:17:31.879,1.63476,1.63492,1.20,2.25
2011.04.20 10:17:32.426,1.63475,1.63492,3.75,2.25
2011.04.20 10:17:35.147,1.63475,1.63492,3.75,2.25
2011.04.20 10:17:35.806,1.63475,1.63492,3.75,2.25
2011.04.20 10:17:36.178,1.63475,1.63492,3.75,3.00
2011.04.20 10:17:36.728,1.63475,1.63492,1.50,3.00
2011.04.20 10:17:37.538,1.63475,1.63492,3.75,2.25
2011.04.20 10:17:38.089,1.63475,1.63492,3.75,2.25
2011.04.20 10:17:38.968,1.63475,1.63492,3.75,2.25
2011.04.20 10:17:39.518,1.6348,1.63492,1.50,2.25
2011.04.20 10:17:39.849,1.63479,1.63492,3.75,2.25
2011.04.20 10:17:43.068,1.63482,1.63492,1.50,2.25
2011.04.20 10:17:49.689,1.63474,1.63488,2.32,1.50
2011.04.20 10:17:49.798,1.63474,1.63488,1.57,1.50
2011.04.20 10:17:49.909,1.63475,1.63488,1.20,1.66
2011.04.20 10:17:50.019,1.63475,1.63489,1.50,3.00
2011.04.20 10:17:50.240,1.6348,1.63492,1.50,2.25
2011.04.20 10:17:50.457,1.63475,1.63492,3.00,2.25
2011.04.20 10:17:51.007,1.63476,1.63492,3.00,2.25
2011.04.20 10:17:51.577,1.63476,1.63492,3.00,2.25
2011.04.20 10:17:57.267,1.63475,1.63492,3.45,3.00
2011.04.20 10:17:57.488,1.63475,1.63492,4.20,2.25
2011.04.20 10:17:58.037,1.63475,1.63492,1.20,3.00
2011.04.20 10:17:58.607,1.63475,1.63492,1.20,3.00
2011.04.20 10:17:59.127,1.63475,1.63492,1.20,3.00
2011.04.20 10:17:59.669,1.63475,1.63492,1.20,3.00
2011.04.20 10:18:00.448,1.63475,1.63492,1.20,3.00
2011.04.20 10:18:00.778,1.63475,1.63487,1.20,1.50
2011.04.20 10:18:05.499,1.63475,1.63487,1.20,2.25
2011.04.20 10:18:15.787,1.63475,1.63487,1.20,2.25
2011.04.20 10:18:19.769,1.63476,1.63487,1.50,1.50
2011.04.20 10:18:24.768,1.63474,1.63487,1.20,1.50
2011.04.20 10:18:25.209,1.63472,1.63487,1.95,1.65
2011.04.20 10:18:25.758,1.6347,1.63486,1.50,1.20
2011.04.20 10:18:26.308,1.63473,1.63487,1.50,3.38
2011.04.20 10:18:26.639,1.63469,1.63485,1.95,1.50
2011.04.20 10:18:26.748,1.63469,1.63486,1.20,1.13
2011.04.20 10:18:27.312,1.63473,1.63487,1.50,2.63
2011.04.20 10:18:27.879,1.63474,1.63487,1.95,1.50
2011.04.20 10:18:28.207,1.63477,1.63487,3.75,1.50
2011.04.20 10:18:28.758,1.63475,1.63487,3.75,1.50
2011.04.20 10:18:28.981,1.63477,1.63487,1.50,1.50
2011.04.20 10:18:29.100,1.63474,1.63487,1.95,1.50
2011.04.20 10:18:29.209,1.63474,1.63487,1.20,1.50
2011.04.20 10:18:30.867,1.63474,1.63487,1.20,1.50
2011.04.20 10:18:31.198,1.63476,1.63487,2.25,1.50
2011.04.20 10:18:31.417,1.63472,1.63486,3.78,1.50
2011.04.20 10:18:31.639,1.63471,1.63486,2.70,1.50
2011.04.20 10:18:31.747,1.63472,1.63487,1.50,1.50
2011.04.20 10:18:32.526,1.63475,1.63487,3.00,1.50
2011.04.20 10:18:33.077,1.63473,1.63487,2.29,2.25
2011.04.20 10:18:35.089,1.63473,1.63487,3.04,1.50
2011.04.20 10:18:35.528,1.63475,1.63492,3.75,3.00
2011.04.20 10:18:35.638,1.63477,1.63492,3.75,3.00
2011.04.20 10:18:37.618,1.63476,1.63492,3.00,3.00
2011.04.20 10:18:37.949,1.63475,1.63489,2.25,1.50
2011.04.20 10:18:38.279,1.63476,1.63487,1.50,1.50
2011.04.20 10:18:38.499,1.63481,1.63492,2.25,3.00
2011.04.20 10:18:38.608,1.63481,1.63492,2.25,2.25
2011.04.20 10:18:38.721,1.63477,1.63492,1.50,3.00
2011.04.20 10:18:39.059,1.63476,1.63492,3.00,3.00
2011.04.20 10:18:39.168,1.63474,1.63492,1.50,3.75
2011.04.20 10:18:39.497,1.63474,1.63487,1.50,1.50
2011.04.20 10:18:40.048,1.63473,1.63487,1.20,1.50
2011.04.20 10:18:41.587,1.63473,1.63487,1.20,1.50
2011.04.20 10:18:41.937,1.63472,1.63486,3.45,1.50
2011.04.20 10:18:42.532,1.63473,1.63492,1.20,3.75
2011.04.20 10:18:46.767,1.63473,1.63492,1.20,3.75
2011.04.20 10:18:47.977,1.63474,1.63492,3.75,3.75
2011.04.20 10:18:48.526,1.63477,1.63492,3.75,3.00
2011.04.20 10:18:51.828,1.63474,1.63492,1.95,3.00
2011.04.20 10:18:56.199,1.63475,1.63492,1.20,3.75
2011.04.20 10:18:57.258,1.63474,1.63492,1.20,3.75
2011.04.20 10:19:00.710,1.63473,1.63492,4.91,3.75
2011.04.20 10:19:02.797,1.63473,1.63492,4.16,3.75
2011.04.20 10:19:03.567,1.63473,1.63492,3.79,3.75
2011.04.20 10:19:04.317,1.63473,1.63492,3.79,3.75
2011.04.20 10:19:04.683,1.63473,1.63485,3.79,1.50
2011.04.20 10:19:05.458,1.6347,1.63484,1.84,1.50
2011.04.20 10:19:06.008,1.6347,1.63483,1.84,1.50
2011.04.20 10:19:06.557,1.6347,1.63484,1.84,2.25
2011.04.20 10:19:08.732,1.63468,1.63483,3.00,1.50
2011.04.20 10:19:08.961,1.63465,1.63479,2.59,1.50
2011.04.20 10:19:09.301,1.63463,1.63478,3.75,1.50
2011.04.20 10:19:09.640,1.63461,1.63474,1.50,1.50
2011.04.20 10:19:09.857,1.63459,1.63474,3.75,1.50
2011.04.20 10:19:10.887,1.6346,1.63475,3.00,2.25
2011.04.20 10:19:11.438,1.6346,1.63475,3.00,1.50
2011.04.20 10:19:11.820,1.6346,1.63475,3.00,1.50
2011.04.20 10:19:12.338,1.6346,1.63475,3.00,1.50
2011.04.20 10:19:12.669,1.63461,1.63476,2.59,2.25
2011.04.20 10:19:12.997,1.63465,1.63476,1.50,2.25
2011.04.20 10:19:13.548,1.63464,1.63476,3.00,2.25
2011.04.20 10:19:13.988,1.63467,1.63476,3.00,1.50
2011.04.20 10:19:14.648,1.63467,1.63476,3.00,1.50
2011.04.20 10:19:15.197,1.63467,1.63476,3.00,1.50
2011.04.20 10:19:15.528,1.63467,1.63475,2.25,1.50
2011.04.20 10:19:16.739,1.63465,1.63476,3.75,1.50
2011.04.20 10:19:16.851,1.63467,1.63476,2.25,1.50
2011.04.20 10:19:18.678,1.63463,1.63476,2.25,1.50
2011.04.20 10:19:24.058,1.63461,1.63476,1.50,2.25
2011.04.20 10:19:24.637,1.63461,1.63476,1.50,3.00
2011.04.20 10:19:25.638,1.6346,1.63475,1.50,1.50
2011.04.20 10:19:26.338,1.6346,1.63476,3.75,2.25
2011.04.20 10:19:29.497,1.63461,1.63476,2.25,3.00
2011.04.20 10:19:29.829,1.63462,1.63476,2.59,1.50
2011.04.20 10:19:30.158,1.63457,1.63469,3.00,1.50
2011.04.20 10:19:30.270,1.63454,1.63461,1.50,1.50
2011.04.20 10:19:30.490,1.63448,1.63461,3.07,2.25
2011.04.20 10:19:30.599,1.63448,1.63461,2.25,2.25
2011.04.20 10:19:30.709,1.63448,1.63459,2.25,1.50
2011.04.20 10:19:30.819,1.63443,1.63459,4.48,1.58
2011.04.20 10:19:31.040,1.63439,1.63453,2.70,2.25
2011.04.20 10:19:31.160,1.63438,1.63446,1.95,1.50
2011.04.20 10:19:31.270,1.63436,1.63449,3.75,1.50
2011.04.20 10:19:31.380,1.63437,1.63451,1.50,3.00
2011.04.20 10:19:31.489,1.63437,1.63451,1.50,1.50
2011.04.20 10:19:32.828,1.63435,1.63451,2.25,2.25
2011.04.20 10:19:33.158,1.63434,1.63449,1.50,1.50
2011.04.20 10:19:33.379,1.63433,1.63449,1.59,1.50
2011.04.20 10:19:36.097,1.63433,1.63449,1.89,1.50
2011.04.20 10:19:36.649,1.63433,1.63449,1.89,1.50
2011.04.20 10:19:37.197,1.63433,1.63449,1.89,1.50
2011.04.20 10:19:38.014,1.63433,1.63451,1.50,2.33
2011.04.20 10:19:38.133,1.63434,1.63451,2.59,1.50
2011.04.20 10:19:39.019,1.63434,1.63451,2.59,1.50
2011.04.20 10:19:39.568,1.63434,1.63451,2.59,1.50
2011.04.20 10:19:40.877,1.63436,1.63451,5.25,1.50
2011.04.20 10:19:41.208,1.63438,1.63451,1.09,1.50
2011.04.20 10:19:45.270,1.63438,1.63454,1.09,2.25
2011.04.20 10:19:45.819,1.63437,1.63449,1.84,1.50
2011.04.20 10:19:45.930,1.63438,1.63454,1.09,2.25
2011.04.20 10:19:46.477,1.63438,1.63454,1.09,2.25
2011.04.20 10:19:50.607,1.63438,1.63454,1.09,2.25
2011.04.20 10:19:51.877,1.63438,1.63454,1.09,2.25
2011.04.20 10:19:52.738,1.63438,1.63454,1.09,3.00
2011.04.20 10:19:55.357,1.63438,1.63454,1.09,3.75
2011.04.20 10:19:55.468,1.63437,1.63449,2.22,1.58
2011.04.20 10:19:56.037,1.63437,1.63451,1.84,2.25
2011.04.20 10:19:56.589,1.63437,1.63451,1.84,2.33
2011.04.20 10:19:57.028,1.63438,1.63454,1.84,3.00
2011.04.20 10:19:58.241,1.63439,1.63454,1.50,3.00
2011.04.20 10:19:58.362,1.6344,1.63454,1.84,2.25
2011.04.20 10:19:58.919,1.63439,1.63454,1.50,1.50
2011.04.20 10:19:59.250,1.63438,1.63454,1.09,1.50
2011.04.20 10:19:59.994,1.63438,1.63454,1.09,2.25
2011.04.20 10:20:00.659,1.63441,1.63454,1.84,2.25
2011.04.20 10:20:00.990,1.63441,1.63454,1.84,1.50
2011.04.20 10:20:01.759,1.63439,1.63456,1.50,2.25
2011.04.20 10:20:01.979,1.63436,1.63454,6.72,1.69
2011.04.20 10:20:02.091,1.63438,1.63454,1.50,2.25
2011.04.20 10:20:02.538,1.63435,1.63452,3.00,1.50
2011.04.20 10:20:02.759,1.63433,1.63452,3.79,3.75
2011.04.20 10:20:03.308,1.63433,1.63452,3.04,3.75
2011.04.20 10:20:05.108,1.63441,1.63452,4.50,3.00
2011.04.20 10:20:05.218,1.63443,1.63452,1.09,3.00
2011.04.20 10:20:05.549,1.6344,1.63446,2.25,1.50
2011.04.20 10:20:05.659,1.63432,1.63446,1.50,1.50
2011.04.20 10:20:05.768,1.63434,1.6345,1.84,1.50
2011.04.20 10:20:05.879,1.63434,1.63449,1.09,1.50
2011.04.20 10:20:06.538,1.63434,1.63449,1.09,1.50
2011.04.20 10:20:07.310,1.63432,1.63447,1.13,1.50
2011.04.20 10:20:14.809,1.6343,1.63446,1.20,1.50
2011.04.20 10:20:15.358,1.63433,1.63447,2.98,1.50
2011.04.20 10:20:15.468,1.63433,1.63449,2.98,1.50
2011.04.20 10:20:16.578,1.63433,1.63449,2.98,1.50
2011.04.20 10:20:16.909,1.63429,1.63446,1.52,1.58
2011.04.20 10:20:17.128,1.63428,1.63444,2.29,1.50
2011.04.20 10:20:17.678,1.63428,1.63441,1.09,1.50
2011.04.20 10:20:19.628,1.63428,1.63442,1.09,1.50
2011.04.20 10:20:19.959,1.63425,1.6344,1.95,1.84
2011.04.20 10:20:20.542,1.6343,1.63439,1.84,3.75
2011.04.20 10:20:20.665,1.6343,1.63447,2.59,2.25
2011.04.20 10:20:20.779,1.63429,1.63447,1.50,3.00
2011.04.20 10:20:21.327,1.6343,1.63448,1.50,1.50
2011.04.20 10:20:21.438,1.63431,1.63446,1.50,3.77
2011.04.20 10:20:21.772,1.63424,1.63435,1.13,1.50
2011.04.20 10:20:22.000,1.63418,1.63435,1.50,1.50
2011.04.20 10:20:22.328,1.63419,1.63435,1.50,1.50
2011.04.20 10:20:22.878,1.63418,1.63435,1.50,2.25
2011.04.20 10:20:23.540,1.63419,1.63435,1.50,2.25
2011.04.20 10:20:24.488,1.63419,1.63435,2.25,2.25
2011.04.20 10:20:25.037,1.63419,1.63435,1.50,2.25
2011.04.20 10:20:26.468,1.63419,1.63435,2.25,2.25
2011.04.20 10:20:27.018,1.63419,1.63435,1.50,2.25
2011.04.20 10:20:27.573,1.63423,1.63435,1.50,1.50
2011.04.20 10:20:27.912,1.63439,1.63446,1.84,1.50
2011.04.20 10:20:28.030,1.63441,1.6345,1.50,1.50
2011.04.20 10:20:28.149,1.63441,1.63456,1.50,1.50
2011.04.20 10:20:28.609,1.63443,1.63457,1.50,2.25
2011.04.20 10:20:29.072,1.63443,1.63457,1.50,1.50
2011.04.20 10:20:29.849,1.63443,1.63457,1.50,1.50
2011.04.20 10:20:30.399,1.63443,1.63457,1.50,1.50
2011.04.20 10:20:31.290,1.63443,1.63457,1.50,1.50
2011.04.20 10:20:31.980,1.63443,1.63457,1.35,1.50
2011.04.20 10:20:32.467,1.63443,1.63457,1.35,1.50
2011.04.20 10:20:32.798,1.63443,1.63457,1.35,1.50
2011.04.20 10:20:33.129,1.63444,1.63458,3.75,1.50
2011.04.20 10:20:33.459,1.63449,1.63463,2.25,1.50
2011.04.20 10:20:34.009,1.63451,1.63465,1.50,1.50
2011.04.20 10:20:34.230,1.63447,1.63462,1.57,1.50
2011.04.20 10:20:34.560,1.63444,1.63462,1.50,2.40
2011.04.20 10:20:35.076,1.63437,1.63447,1.50,2.25
2011.04.20 10:20:35.189,1.63433,1.63447,1.07,3.00
2011.04.20 10:20:35.409,1.63432,1.63442,2.18,1.50
2011.04.20 10:20:36.948,1.63435,1.6345,1.13,1.38
2011.04.20 10:20:37.059,1.63436,1.63451,1.50,1.38
2011.04.20 10:20:37.279,1.63437,1.63452,1.50,1.50
2011.04.20 10:20:37.608,1.63443,1.63455,1.84,1.50
2011.04.20 10:20:37.939,1.63444,1.6346,1.50,1.50
2011.04.20 10:20:38.049,1.63446,1.6346,1.84,1.50
2011.04.20 10:20:41.568,1.63446,1.63462,2.59,2.25
2011.04.20 10:20:41.902,1.63451,1.63463,1.50,1.50
2011.04.20 10:20:42.240,1.63451,1.63465,2.25,1.50
2011.04.20 10:20:45.018,1.63455,1.63465,1.50,1.50
2011.04.20 10:20:46.119,1.63452,1.63465,1.50,1.50
2011.04.20 10:20:46.800,1.63452,1.63465,1.50,1.50
2011.04.20 10:20:48.008,1.63452,1.63465,1.50,1.50
2011.04.20 10:20:48.778,1.63452,1.63465,1.50,1.50
2011.04.20 10:20:49.768,1.63452,1.63465,1.50,1.50
2011.04.20 10:20:50.317,1.63452,1.63465,1.50,1.50
2011.04.20 10:20:51.349,1.63452,1.63465,1.50,1.50
2011.04.20 10:20:51.910,1.63452,1.63465,1.50,1.50
2011.04.20 10:20:52.249,1.63452,1.63465,1.50,1.50
2011.04.20 10:20:52.580,1.63452,1.63465,1.50,1.50
2011.04.20 10:20:53.949,1.63452,1.63465,1.50,1.50
2011.04.20 10:20:54.608,1.63453,1.63465,1.50,1.50
2011.04.20 10:20:55.158,1.63453,1.63465,1.50,1.50
2011.04.20 10:20:55.709,1.63453,1.63465,1.50,1.50
2011.04.20 10:20:55.929,1.63453,1.63467,1.50,1.50
2011.04.20 10:20:56.478,1.63454,1.6347,1.50,1.58
2011.04.20 10:20:57.028,1.63454,1.6347,1.50,1.58
2011.04.20 10:20:57.705,1.63454,1.6347,1.50,1.58
2011.04.20 10:20:58.267,1.63454,1.6347,2.25,1.50
2011.04.20 10:20:58.819,1.63456,1.63473,1.09,3.00
2011.04.20 10:20:59.150,1.63458,1.63472,1.50,1.50
2011.04.20 10:20:59.370,1.63461,1.63476,2.22,1.50
2011.04.20 10:20:59.917,1.63463,1.63479,1.84,2.25
2011.04.20 10:21:00.137,1.63463,1.63479,1.84,1.50
2011.04.20 10:21:01.019,1.63463,1.63475,1.50,1.50
2011.04.20 10:21:01.459,1.63463,1.63479,1.84,1.50
2011.04.20 10:21:02.042,1.63463,1.63479,1.84,1.50
2011.04.20 10:21:03.468,1.63463,1.63479,1.09,1.50
2011.04.20 10:21:03.801,1.63463,1.63475,1.50,1.50
2011.04.20 10:21:04.449,1.63463,1.6348,1.84,1.38
2011.04.20 10:21:04.566,1.63463,1.63483,2.29,3.75
2011.04.20 10:21:04.681,1.63463,1.63482,2.29,2.25
2011.04.20 10:21:05.020,1.63463,1.63479,1.09,3.00
2011.04.20 10:21:05.141,1.63463,1.63481,1.09,1.50
2011.04.20 10:21:05.258,1.63463,1.63481,1.09,2.25
2011.04.20 10:21:05.810,1.63463,1.63477,1.50,2.25
2011.04.20 10:21:06.248,1.63464,1.63477,1.50,2.25
2011.04.20 10:21:07.528,1.63464,1.63477,1.50,2.25
2011.04.20 10:21:08.569,1.63464,1.63477,1.50,2.25
2011.04.20 10:21:08.900,1.63463,1.63479,1.50,3.00
2011.04.20 10:21:09.009,1.63463,1.63479,1.50,1.80
2011.04.20 10:21:09.563,1.63461,1.63476,1.13,1.35
2011.04.20 10:21:09.961,1.6346,1.63476,1.88,1.35
2011.04.20 10:21:11.328,1.63461,1.63476,1.13,1.13
2011.04.20 10:21:11.989,1.63462,1.63479,1.88,1.50
2011.04.20 10:21:12.319,1.63471,1.63484,1.50,5.25
2011.04.20 10:21:12.539,1.63474,1.63491,2.59,1.50
2011.04.20 10:21:12.760,1.63476,1.63493,4.09,3.75
2011.04.20 10:21:12.978,1.63479,1.63496,1.50,1.50
2011.04.20 10:21:13.308,1.63479,1.63498,3.07,3.00
2011.04.20 10:21:13.418,1.6348,1.63498,1.50,2.25
2011.04.20 10:21:13.639,1.6348,1.63498,1.50,2.25
2011.04.20 10:21:14.189,1.63481,1.635,1.20,3.63
2011.04.20 10:21:14.848,1.63481,1.63499,1.20,2.25
2011.04.20 10:21:15.747,1.63481,1.63498,1.20,1.50
2011.04.20 10:21:16.267,1.63481,1.63499,1.95,1.50
2011.04.20 10:21:16.379,1.63481,1.635,1.95,2.13
2011.04.20 10:21:17.097,1.63481,1.63498,1.95,1.50
2011.04.20 10:21:17.647,1.63481,1.63499,1.95,2.25
2011.04.20 10:21:18.618,1.63481,1.63497,1.95,2.25
2011.04.20 10:21:20.728,1.63481,1.63497,1.95,2.25
2011.04.20 10:21:20.948,1.63481,1.63497,1.95,2.25
2011.04.20 10:21:21.559,1.63481,1.63499,1.95,3.00
2011.04.20 10:21:21.887,1.63481,1.63499,1.95,3.00
2011.04.20 10:21:22.219,1.63481,1.63499,1.95,3.00
2011.04.20 10:21:22.770,1.63481,1.63499,1.95,3.75
2011.04.20 10:21:23.211,1.63488,1.635,1.50,1.38
2011.04.20 10:21:23.548,1.63494,1.63509,1.50,1.50
2011.04.20 10:21:23.990,1.63495,1.63511,1.50,1.50
2011.04.20 10:21:24.882,1.63496,1.63513,1.88,1.50
2011.04.20 10:21:25.437,1.63496,1.63513,2.63,1.50
2011.04.20 10:21:25.988,1.63496,1.63513,2.63,1.50
2011.04.20 10:21:26.319,1.63496,1.63513,2.63,2.25
2011.04.20 10:21:27.090,1.63496,1.63513,1.88,1.50
2011.04.20 10:21:27.647,1.63496,1.63513,1.88,1.50
2011.04.20 10:21:28.828,1.63499,1.63514,1.50,2.25
2011.04.20 10:21:29.379,1.63499,1.63515,1.50,1.50
2011.04.20 10:21:29.598,1.63499,1.63514,1.50,1.50
2011.04.20 10:21:32.430,1.63499,1.63509,1.50,3.00
2011.04.20 10:21:32.652,1.63495,1.63508,1.50,3.75
2011.04.20 10:21:32.772,1.63499,1.6351,1.84,2.88
2011.04.20 10:21:32.889,1.635,1.63516,1.50,2.13
2011.04.20 10:21:32.999,1.63503,1.63518,1.09,2.25
2011.04.20 10:21:33.217,1.635,1.63518,1.09,1.50
2011.04.20 10:21:33.549,1.63498,1.63515,3.79,2.25
2011.04.20 10:21:34.538,1.63498,1.63515,3.79,1.50
2011.04.20 10:21:36.068,1.63498,1.63515,3.79,2.25
2011.04.20 10:21:36.619,1.63498,1.63514,1.95,1.50
2011.04.20 10:21:37.168,1.63498,1.63515,1.95,2.63
2011.04.20 10:21:37.718,1.63498,1.63515,1.95,1.88
2011.04.20 10:21:38.226,1.63498,1.63514,1.95,1.50
2011.04.20 10:21:38.346,1.63518,1.63523,1.09,1.50
2011.04.20 10:21:38.462,1.63511,1.63522,1.13,1.09
2011.04.20 10:21:38.692,1.63508,1.63521,1.09,1.50
2011.04.20 10:21:39.250,1.63504,1.6352,1.73,1.50
2011.04.20 10:21:39.360,1.63502,1.63518,2.92,1.50
2011.04.20 10:21:39.798,1.63501,1.63517,1.50,3.00
2011.04.20 10:21:40.436,1.635,1.63517,1.20,3.00
2011.04.20 10:21:41.028,1.635,1.63517,1.20,3.00
2011.04.20 10:21:42.447,1.63498,1.63517,1.50,3.15
2011.04.20 10:21:43.437,1.63498,1.63517,2.25,3.00
2011.04.20 10:21:49.238,1.63497,1.63516,1.95,1.50
2011.04.20 10:21:49.787,1.635,1.63517,1.20,1.50
2011.04.20 10:21:51.068,1.635,1.63518,1.20,2.25
2011.04.20 10:21:51.969,1.635,1.63515,1.20,1.50
2011.04.20 10:21:52.299,1.635,1.63517,1.20,1.50
2011.04.20 10:21:52.960,1.63502,1.63519,1.20,3.00
2011.04.20 10:21:53.070,1.63505,1.63521,1.13,3.00
2011.04.20 10:21:53.181,1.63505,1.63521,1.13,2.25
2011.04.20 10:21:53.410,1.63509,1.63525,1.50,2.59
2011.04.20 10:21:53.968,1.63509,1.6353,1.95,1.84
2011.04.20 10:21:55.280,1.63511,1.63531,2.59,2.25
2011.04.20 10:21:55.897,1.63514,1.63528,4.09,2.25
2011.04.20 10:21:56.229,1.63514,1.6353,1.50,1.58
2011.04.20 10:21:56.778,1.63513,1.63528,1.20,1.58
2011.04.20 10:21:57.328,1.63513,1.63529,1.20,1.50
2011.04.20 10:21:57.879,1.63513,1.6353,1.20,1.50
2011.04.20 10:21:58.428,1.63513,1.6353,1.20,1.50
2011.04.20 10:21:59.627,1.63513,1.63529,1.20,1.50
2011.04.20 10:22:00.073,1.63513,1.63531,1.57,1.50
2011.04.20 10:22:00.629,1.63515,1.63532,1.57,1.50
2011.04.20 10:22:01.125,1.63517,1.63531,1.20,1.84
2011.04.20 10:22:01.238,1.63517,1.63531,1.20,1.84
2011.04.20 10:22:01.768,1.63517,1.63531,1.20,1.84
2011.04.20 10:22:02.881,1.63516,1.63531,2.25,2.59
2011.04.20 10:22:03.439,1.63516,1.63531,3.00,1.84
2011.04.20 10:22:03.660,1.63515,1.63531,4.57,2.59
2011.04.20 10:22:03.772,1.63516,1.63531,1.57,2.59
2011.04.20 10:22:04.108,1.63518,1.63531,1.20,1.84
2011.04.20 10:22:04.219,1.63517,1.63533,2.70,2.25
2011.04.20 10:22:04.551,1.63522,1.63535,3.00,1.76
2011.04.20 10:22:04.661,1.63525,1.63537,1.20,1.50
2011.04.20 10:22:04.890,1.63525,1.6354,3.82,2.25
2011.04.20 10:22:05.329,1.63527,1.63542,1.20,4.50
2011.04.20 10:22:05.441,1.63528,1.63542,2.25,4.58
2011.04.20 10:22:05.955,1.63525,1.63538,1.20,1.50
2011.04.20 10:22:06.289,1.63523,1.63537,1.20,3.00
2011.04.20 10:22:06.512,1.6352,1.63533,1.20,3.00
2011.04.20 10:22:06.633,1.63519,1.63531,1.20,1.65
2011.04.20 10:22:06.755,1.63516,1.63527,1.50,1.09
2011.04.20 10:22:06.874,1.63511,1.63525,2.25,2.25
2011.04.20 10:22:06.991,1.63511,1.63523,2.25,1.50
2011.04.20 10:22:07.328,1.63507,1.63523,1.95,1.50
2011.04.20 10:22:07.769,1.6351,1.63527,1.50,2.25
2011.04.20 10:22:07.990,1.63514,1.6353,1.50,2.88
2011.04.20 10:22:08.317,1.63514,1.63533,1.50,1.50
2011.04.20 10:22:08.758,1.63514,1.63534,3.75,1.50
2011.04.20 10:22:09.307,1.63516,1.63535,3.00,1.50
2011.04.20 10:22:10.342,1.63518,1.63536,1.09,2.25
2011.04.20 10:22:10.467,1.63524,1.63539,1.50,5.25
2011.04.20 10:22:11.019,1.63525,1.63541,3.00,2.25
2011.04.20 10:22:11.349,1.63525,1.63541,3.00,1.50
2011.04.20 10:22:11.897,1.63526,1.63542,3.00,4.50
2011.04.20 10:22:12.447,1.63526,1.63542,3.00,4.50
2011.04.20 10:22:12.558,1.63526,1.63542,3.00,4.50
2011.04.20 10:22:13.004,1.63526,1.63542,3.00,3.75
2011.04.20 10:22:13.120,1.63527,1.63542,3.00,3.75
2011.04.20 10:22:13.230,1.63527,1.63542,3.00,3.00
2011.04.20 10:22:13.560,1.63527,1.63542,3.00,3.00
2011.04.20 10:22:13.891,1.63521,1.63538,1.13,2.48
2011.04.20 10:22:14.011,1.63519,1.63534,3.00,1.50
2011.04.20 10:22:14.568,1.63518,1.63534,3.00,2.25
2011.04.20 10:22:16.193,1.63515,1.63534,3.45,2.25
2011.04.20 10:22:16.747,1.63516,1.63535,3.00,1.88
2011.04.20 10:22:17.297,1.63516,1.63535,3.00,1.13
2011.04.20 10:22:17.520,1.63517,1.63537,1.20,3.00
2011.04.20 10:22:18.070,1.63519,1.63538,1.20,1.50
2011.04.20 10:22:18.399,1.63519,1.63539,1.95,3.00
2011.04.20 10:22:18.947,1.63522,1.63541,1.20,1.50
2011.04.20 10:22:19.717,1.63522,1.6354,1.20,1.50
2011.04.20 10:22:19.828,1.63522,1.6354,1.20,1.50
2011.04.20 10:22:21.328,1.63522,1.6354,1.20,1.50
2011.04.20 10:22:22.216,1.63522,1.63541,1.20,1.50
2011.04.20 10:22:22.330,1.63522,1.63541,1.20,1.50
2011.04.20 10:22:22.881,1.63527,1.63542,3.00,3.75
2011.04.20 10:22:22.999,1.63527,1.63542,3.00,2.25
2011.04.20 10:22:23.109,1.63527,1.63545,3.38,1.50
2011.04.20 10:22:23.441,1.63533,1.63552,1.20,3.00
2011.04.20 10:22:23.561,1.63533,1.63552,1.57,3.00
2011.04.20 10:22:23.898,1.63533,1.63553,1.57,3.00
2011.04.20 10:22:24.448,1.63535,1.63552,1.20,1.50
2011.04.20 10:22:24.561,1.63535,1.63552,1.20,1.50
2011.04.20 10:22:25.549,1.63535,1.63553,1.20,2.25
2011.04.20 10:22:25.989,1.63537,1.63554,3.00,3.00
2011.04.20 10:22:26.318,1.63539,1.63556,3.00,3.22
2011.04.20 10:22:27.023,1.63539,1.63556,3.00,1.09
2011.04.20 10:22:28.519,1.63539,1.63556,3.00,1.09
2011.04.20 10:22:28.962,1.63548,1.63556,2.25,1.09
2011.04.20 10:22:29.304,1.63548,1.63562,3.00,2.47
2011.04.20 10:22:29.531,1.63548,1.63562,2.25,1.50
2011.04.20 10:22:30.420,1.63548,1.63564,1.50,1.50
2011.04.20 10:22:31.871,1.63547,1.63559,2.25,1.50
2011.04.20 10:22:32.100,1.63539,1.63555,3.38,1.50
2011.04.20 10:22:32.211,1.63539,1.63556,1.73,2.25
2011.04.20 10:22:32.768,1.63538,1.63555,3.00,1.72
2011.04.20 10:22:32.988,1.63538,1.63555,3.00,1.72
