2015.11.24 01:00:01.996,1.51214,1.51226,4.57,1.12
2015.11.24 01:00:02.554,1.51215,1.51227,1.82,1.50
2015.11.24 01:00:03.087,1.51215,1.51225,1.57,1.00
2015.11.24 01:00:03.391,1.51209,1.5122,1.20,1.00
2015.11.24 01:00:05.081,1.51212,1.51222,1.00,1.50
2015.11.24 01:00:05.182,1.51212,1.51222,5.25,1.00
2015.11.24 01:00:05.233,1.51214,1.51225,1.65,1.00
2015.11.24 01:00:05.284,1.51214,1.51225,4.65,1.00
2015.11.24 01:00:06.231,1.51215,1.51226,1.20,1.10
2015.11.24 01:00:08.429,1.51215,1.51223,1.20,1.00
2015.11.24 01:00:08.531,1.51214,1.51226,2.25,1.57
2015.11.24 01:00:08.582,1.51214,1.51226,1.50,2.25
2015.11.24 01:00:09.063,1.51212,1.51223,1.37,2.25
2015.11.24 01:00:09.268,1.51209,1.51221,1.57,1.10
2015.11.24 01:00:09.574,1.5121,1.51221,1.50,1.00
2015.11.24 01:00:09.779,1.51209,1.51221,1.57,1.00
2015.11.24 01:00:10.315,1.5121,1.51221,1.50,1.00
2015.11.24 01:00:11.440,1.5121,1.51221,1.20,1.00
2015.11.24 01:00:13.851,1.51209,1.51221,1.57,1.20
2015.11.24 01:00:14.357,1.51209,1.51221,1.57,1.00
2015.11.24 01:00:15.076,1.51209,1.51221,1.57,1.50
2015.11.24 01:00:15.735,1.5121,1.51221,1.45,1.10
2015.11.24 01:00:19.916,1.5121,1.51221,1.50,1.00
2015.11.24 01:00:20.424,1.51211,1.51222,4.20,1.10
2015.11.24 01:00:20.939,1.51211,1.51222,1.20,1.00
2015.11.24 01:00:23.206,1.51209,1.51222,4.57,1.10
2015.11.24 01:00:23.756,1.51211,1.51222,1.45,1.10
2015.11.24 01:00:25.666,1.5121,1.51222,1.27,1.20
2015.11.24 01:00:26.259,1.51216,1.51225,1.00,1.20
2015.11.24 01:00:26.311,1.51216,1.51227,1.10,1.47
2015.11.24 01:00:26.822,1.51215,1.51227,1.20,1.12
2015.11.24 01:00:27.523,1.51217,1.51225,1.10,1.00
2015.11.24 01:00:27.835,1.51213,1.51224,1.07,1.12
2015.11.24 01:00:27.938,1.51212,1.51225,4.12,1.12
2015.11.24 01:00:28.751,1.51213,1.51225,4.20,1.00
2015.11.24 01:00:29.844,1.51214,1.51225,1.27,1.20
2015.11.24 01:00:36.000,1.51216,1.51227,1.17,1.95
2015.11.24 01:00:38.970,1.51216,1.51227,1.50,1.00
2015.11.24 01:00:40.630,1.51216,1.51223,1.50,1.00
2015.11.24 01:00:40.682,1.51215,1.51225,1.87,1.00
2015.11.24 01:00:40.733,1.51217,1.51222,1.00,1.00
2015.11.24 01:00:40.834,1.51211,1.51222,5.02,1.65
2015.11.24 01:00:41.345,1.51212,1.51222,1.07,1.12
2015.11.24 01:00:46.586,1.51212,1.51222,1.00,1.20
2015.11.24 01:00:49.823,1.51212,1.51222,1.00,1.27
2015.11.24 01:00:50.294,1.51208,1.51221,2.62,1.27
2015.11.24 01:00:50.801,1.51209,1.51221,1.07,1.20
2015.11.24 01:00:51.309,1.51209,1.5122,1.07,1.00
2015.11.24 01:00:51.918,1.51209,1.5122,1.07,1.87
2015.11.24 01:00:52.435,1.51207,1.5122,1.57,2.02
2015.11.24 01:00:53.040,1.51207,1.5122,1.47,2.32
2015.11.24 01:00:53.963,1.51206,1.51217,4.57,1.00
2015.11.24 01:00:54.515,1.51206,1.51217,1.57,1.00
2015.11.24 01:00:57.620,1.51207,1.51217,3.52,1.00
2015.11.24 01:00:59.522,1.51208,1.51219,1.50,1.00
2015.11.24 01:01:00.713,1.51208,1.5122,1.50,1.20
2015.11.24 01:01:00.814,1.51212,1.51221,1.37,1.27
2015.11.24 01:01:00.967,1.51215,1.51225,1.45,1.00
2015.11.24 01:01:01.275,1.51216,1.51227,1.45,1.00
2015.11.24 01:01:01.944,1.51217,1.51227,1.10,1.00
2015.11.24 01:01:06.225,1.51216,1.51226,1.45,1.00
2015.11.24 01:01:07.449,1.51216,1.51226,4.20,1.00
2015.11.24 01:01:08.890,1.51217,1.51226,1.45,1.00
2015.11.24 01:01:11.325,1.51217,1.51227,1.45,1.12
2015.11.24 01:01:12.136,1.51216,1.51227,1.45,1.20
2015.11.24 01:01:12.487,1.51215,1.51225,1.75,1.10
2015.11.24 01:01:14.031,1.51214,1.51225,1.12,1.20
2015.11.24 01:01:14.586,1.51214,1.51225,1.82,1.00
2015.11.24 01:01:15.094,1.51214,1.51226,2.20,1.27
2015.11.24 01:01:15.601,1.51216,1.51226,1.12,1.00
2015.11.24 01:01:18.142,1.51216,1.51223,1.45,1.00
2015.11.24 01:01:18.296,1.51212,1.51223,1.75,1.50
2015.11.24 01:01:18.347,1.51211,1.51223,1.87,1.87
2015.11.24 01:01:18.398,1.51211,1.51223,1.37,2.70
2015.11.24 01:01:18.905,1.51211,1.51222,1.57,1.10
2015.11.24 01:01:19.159,1.51212,1.51224,1.57,1.57
2015.11.24 01:01:19.261,1.51214,1.51225,1.45,1.50
2015.11.24 01:01:19.363,1.51215,1.51227,4.50,1.20
2015.11.24 01:01:27.210,1.51217,1.51226,1.07,1.00
2015.11.24 01:01:29.007,1.51215,1.51226,1.12,1.00
2015.11.24 01:01:29.160,1.51214,1.51226,1.57,1.10
2015.11.24 01:01:29.313,1.51213,1.51225,1.87,1.87
2015.11.24 01:01:29.610,1.51214,1.51226,1.57,1.17
2015.11.24 01:01:30.771,1.51214,1.51226,1.57,1.85
2015.11.24 01:01:31.471,1.51214,1.51226,1.85,1.57
2015.11.24 01:01:32.755,1.51214,1.51226,1.20,1.65
2015.11.24 01:01:33.923,1.51215,1.51224,1.07,1.00
2015.11.24 01:01:34.228,1.51211,1.51221,3.82,1.00
2015.11.24 01:01:34.900,1.51211,1.51222,3.82,1.10
2015.11.24 01:01:40.686,1.51212,1.51222,1.00,1.10
2015.11.24 01:01:42.148,1.51212,1.51224,1.37,1.57
2015.11.24 01:01:42.199,1.51213,1.51224,1.12,1.07
2015.11.24 01:01:42.251,1.51214,1.51225,1.07,1.00
2015.11.24 01:01:42.758,1.51214,1.51226,1.20,1.00
2015.11.24 01:01:43.854,1.51215,1.51226,1.12,1.00
2015.11.24 01:01:45.961,1.51215,1.51226,1.82,1.50
2015.11.24 01:01:46.772,1.51213,1.51223,1.12,1.00
2015.11.24 01:01:46.880,1.51211,1.51222,1.20,1.50
2015.11.24 01:01:47.492,1.51211,1.51222,1.47,1.50
2015.11.24 01:01:49.515,1.51211,1.51221,1.12,1.00
2015.11.24 01:01:51.272,1.51211,1.51222,1.12,1.50
2015.11.24 01:01:51.779,1.51211,1.51221,1.75,1.00
2015.11.24 01:01:52.484,1.51212,1.51223,1.82,1.12
2015.11.24 01:01:52.535,1.51214,1.51224,1.37,1.10
2015.11.24 01:01:52.739,1.51217,1.51227,1.45,1.10
2015.11.24 01:01:53.279,1.51218,1.51227,1.12,1.00
2015.11.24 01:01:57.770,1.51216,1.51226,1.87,1.00
2015.11.24 01:02:00.578,1.51217,1.51226,1.45,1.00
2015.11.24 01:02:01.093,1.51217,1.51226,1.12,1.00
2015.11.24 01:02:01.664,1.51217,1.51226,1.07,1.00
2015.11.24 01:02:06.636,1.51218,1.51226,1.12,1.00
2015.11.24 01:02:09.951,1.51215,1.51227,3.07,2.32
2015.11.24 01:02:10.003,1.51215,1.51227,1.95,2.32
2015.11.24 01:02:10.358,1.51215,1.51227,2.62,1.95
2015.11.24 01:02:18.734,1.51218,1.51227,1.47,1.45
2015.11.24 01:02:19.270,1.51218,1.51227,1.47,1.00
2015.11.24 01:02:19.806,1.51218,1.51227,1.10,1.00
2015.11.24 01:02:22.768,1.51218,1.51227,1.47,1.00
2015.11.24 01:02:26.737,1.51218,1.51227,1.20,1.00
2015.11.24 01:02:28.752,1.51218,1.51229,1.47,1.50
2015.11.24 01:02:29.260,1.51218,1.51229,1.50,1.57
2015.11.24 01:02:29.768,1.51218,1.51229,1.87,1.50
2015.11.24 01:02:35.472,1.51219,1.51229,1.45,1.50
2015.11.24 01:02:37.209,1.51218,1.51229,1.55,1.50
2015.11.24 01:02:40.507,1.51218,1.51229,1.55,1.50
2015.11.24 01:02:41.169,1.51218,1.51229,2.62,1.50
2015.11.24 01:02:46.760,1.51218,1.51229,1.87,1.50
2015.11.24 01:02:48.777,1.51218,1.51229,1.87,1.87
2015.11.24 01:02:51.507,1.5122,1.51229,2.62,1.00
2015.11.24 01:02:51.983,1.5122,1.51232,4.12,4.50
2015.11.24 01:02:52.291,1.51225,1.51236,3.52,1.00
2015.11.24 01:02:52.444,1.5123,1.51239,1.00,1.12
2015.11.24 01:02:52.648,1.51232,1.51242,1.50,1.87
2015.11.24 01:02:52.700,1.51232,1.51243,1.75,1.87
2015.11.24 01:02:53.010,1.51232,1.51243,1.57,1.07
2015.11.24 01:02:53.214,1.51232,1.51244,1.57,1.12
2015.11.24 01:02:53.368,1.51232,1.51245,3.37,1.12
2015.11.24 01:02:53.521,1.51232,1.51244,1.65,1.20
2015.11.24 01:02:54.029,1.51232,1.51242,1.55,1.00
2015.11.24 01:02:54.591,1.5123,1.51241,2.40,1.00
2015.11.24 01:02:54.803,1.51229,1.51239,1.95,1.00
2015.11.24 01:02:54.955,1.51227,1.51239,2.25,1.12
2015.11.24 01:02:55.463,1.51227,1.51238,1.65,1.10
2015.11.24 01:02:55.921,1.51227,1.51238,1.47,1.20
2015.11.24 01:02:56.901,1.51227,1.51238,1.47,1.20
2015.11.24 01:03:00.097,1.51226,1.51238,2.62,1.00
2015.11.24 01:03:00.300,1.51226,1.51238,2.02,1.50
2015.11.24 01:03:01.935,1.51226,1.51238,1.37,1.50
2015.11.24 01:03:02.444,1.51226,1.51238,1.47,1.87
2015.11.24 01:03:02.969,1.51226,1.51238,1.95,1.87
2015.11.24 01:03:03.910,1.51226,1.51238,1.47,1.87
2015.11.24 01:03:04.215,1.51228,1.51238,1.12,1.12
2015.11.24 01:03:06.366,1.51229,1.51239,1.37,1.87
2015.11.24 01:03:11.064,1.51227,1.51239,5.32,1.50
2015.11.24 01:03:12.101,1.51234,1.51239,1.00,1.37
2015.11.24 01:03:12.157,1.51234,1.51245,1.00,1.50
2015.11.24 01:03:12.208,1.51234,1.51245,1.12,1.10
2015.11.24 01:03:13.023,1.51234,1.51245,1.12,1.47
2015.11.24 01:03:13.176,1.51232,1.51244,2.62,1.37
2015.11.24 01:03:14.207,1.51232,1.51242,1.10,1.00
2015.11.24 01:03:14.715,1.51232,1.51241,1.10,1.00
2015.11.24 01:03:15.943,1.51229,1.51241,1.20,1.57
2015.11.24 01:03:16.248,1.51229,1.51241,1.20,2.25
2015.11.24 01:03:16.401,1.5123,1.51243,1.57,6.37
2015.11.24 01:03:16.452,1.51232,1.51243,1.07,2.25
2015.11.24 01:03:16.503,1.51232,1.51244,2.32,1.10
2015.11.24 01:03:16.604,1.51234,1.51246,1.57,1.00
2015.11.24 01:03:16.706,1.51236,1.51246,1.17,1.10
2015.11.24 01:03:17.263,1.51236,1.51246,1.27,1.00
2015.11.24 01:03:17.799,1.51238,1.51247,1.00,1.12
2015.11.24 01:03:18.458,1.51238,1.51247,1.37,1.12
2015.11.24 01:03:18.961,1.51238,1.51247,1.37,1.12
2015.11.24 01:03:19.507,1.51236,1.51247,1.20,1.50
2015.11.24 01:03:21.141,1.51236,1.51247,1.87,2.25
2015.11.24 01:03:31.759,1.51238,1.51248,2.62,2.62
2015.11.24 01:03:31.912,1.51238,1.51249,4.20,1.47
2015.11.24 01:03:32.497,1.51238,1.51249,3.75,1.87
2015.11.24 01:03:33.006,1.51238,1.51249,3.37,2.25
2015.11.24 01:03:34.756,1.51238,1.51249,2.62,2.25
2015.11.24 01:03:36.767,1.51238,1.51249,2.62,2.25
2015.11.24 01:03:37.774,1.51238,1.51249,1.87,2.25
2015.11.24 01:03:42.127,1.51238,1.51249,1.87,2.25
2015.11.24 01:03:43.788,1.51238,1.51249,1.12,2.25
2015.11.24 01:03:50.278,1.51239,1.51249,1.12,2.25
2015.11.24 01:03:50.381,1.51238,1.51249,1.55,1.00
2015.11.24 01:03:50.584,1.51237,1.51247,1.20,1.00
2015.11.24 01:03:51.093,1.51236,1.51247,1.20,1.50
2015.11.24 01:03:51.600,1.51235,1.51246,1.87,1.00
2015.11.24 01:03:51.811,1.51235,1.51246,1.87,1.50
2015.11.24 01:03:52.218,1.51235,1.51243,1.57,1.00
2015.11.24 01:03:52.854,1.51234,1.51246,2.70,1.12
2015.11.24 01:03:53.109,1.51236,1.51246,1.12,1.00
2015.11.24 01:03:53.211,1.51235,1.51246,1.95,1.00
2015.11.24 01:03:58.949,1.51235,1.51246,2.25,1.00
2015.11.24 01:04:00.926,1.51235,1.51246,1.20,1.00
2015.11.24 01:04:04.795,1.51234,1.51246,2.32,1.10
2015.11.24 01:04:08.976,1.51234,1.51246,1.95,1.50
2015.11.24 01:04:09.517,1.51234,1.51246,2.32,1.12
2015.11.24 01:04:10.846,1.51234,1.51246,1.95,1.20
2015.11.24 01:04:11.626,1.51234,1.51246,2.70,1.87
2015.11.24 01:04:12.176,1.51234,1.51246,1.95,1.57
2015.11.24 01:04:12.836,1.51234,1.51246,1.95,1.20
2015.11.24 01:04:13.836,1.51234,1.51246,2.32,1.12
2015.11.24 01:04:15.789,1.51235,1.51245,1.00,1.10
2015.11.24 01:04:16.340,1.51235,1.51246,1.07,1.47
2015.11.24 01:04:16.442,1.51235,1.51246,1.20,1.10
2015.11.24 01:04:17.222,1.51235,1.51246,1.17,1.00
2015.11.24 01:04:26.073,1.51235,1.51246,1.27,1.20
2015.11.24 01:04:26.657,1.51235,1.51246,1.20,1.12
2015.11.24 01:04:28.483,1.51235,1.51246,1.45,1.12
2015.11.24 01:04:28.686,1.51234,1.51245,1.95,3.45
2015.11.24 01:04:29.234,1.51234,1.51246,1.95,4.87
2015.11.24 01:04:32.453,1.51234,1.51246,1.95,4.87
2015.11.24 01:04:37.066,1.51234,1.51246,1.92,1.12
2015.11.24 01:04:42.120,1.51234,1.51243,2.02,1.00
2015.11.24 01:04:42.424,1.51223,1.51235,1.87,1.12
2015.11.24 01:04:43.317,1.51223,1.51235,2.40,1.12
2015.11.24 01:04:43.419,1.51224,1.51236,1.27,1.20
2015.11.24 01:04:43.725,1.51229,1.51238,1.00,1.00
2015.11.24 01:04:44.233,1.51227,1.51238,1.57,1.00
2015.11.24 01:04:44.741,1.51227,1.51237,1.00,1.10
2015.11.24 01:04:45.091,1.51227,1.51237,1.37,1.20
2015.11.24 01:04:46.804,1.51227,1.51237,1.37,1.20
2015.11.24 01:04:47.312,1.51227,1.51239,1.12,1.50
2015.11.24 01:04:48.697,1.51227,1.51239,1.12,1.17
2015.11.24 01:04:49.203,1.51228,1.5124,1.50,1.20
2015.11.24 01:04:49.406,1.5123,1.51242,3.75,1.47
2015.11.24 01:04:49.457,1.51233,1.51243,1.00,1.20
2015.11.24 01:04:49.978,1.51233,1.51243,1.00,1.17
2015.11.24 01:04:50.029,1.51232,1.51243,3.82,1.07
2015.11.24 01:04:50.535,1.51233,1.51241,1.87,1.00
2015.11.24 01:04:50.637,1.5123,1.51241,4.95,1.00
2015.11.24 01:04:50.846,1.5123,1.51239,1.50,1.00
2015.11.24 01:04:51.564,1.51228,1.51239,1.57,1.00
2015.11.24 01:04:54.725,1.51227,1.51239,1.27,1.00
2015.11.24 01:04:54.929,1.51229,1.51241,1.17,1.12
2015.11.24 01:04:55.081,1.51231,1.51242,1.17,1.50
2015.11.24 01:04:55.619,1.51231,1.51242,1.00,1.65
2015.11.24 01:04:55.928,1.51231,1.51242,1.00,1.95
2015.11.24 01:04:56.437,1.51229,1.5124,1.37,1.20
2015.11.24 01:04:57.071,1.51227,1.5124,5.02,1.65
2015.11.24 01:04:59.354,1.51227,1.51238,4.20,1.00
2015.11.24 01:04:59.658,1.51227,1.51238,1.37,1.20
2015.11.24 01:05:00.014,1.51227,1.51238,1.12,1.10
2015.11.24 01:05:00.118,1.51228,1.51238,1.37,1.20
2015.11.24 01:05:00.584,1.51225,1.51237,1.47,1.95
2015.11.24 01:05:00.788,1.51226,1.51237,1.00,2.32
2015.11.24 01:05:01.294,1.51225,1.51237,1.10,2.70
2015.11.24 01:05:01.829,1.51223,1.51235,1.10,2.25
2015.11.24 01:05:01.881,1.51222,1.51234,1.50,1.65
2015.11.24 01:05:01.932,1.51223,1.51234,3.37,1.20
2015.11.24 01:05:02.085,1.51224,1.51237,4.12,3.07
2015.11.24 01:05:02.187,1.51225,1.51237,1.00,1.20
2015.11.24 01:05:02.238,1.51226,1.51238,3.37,1.57
2015.11.24 01:05:02.442,1.51227,1.51238,3.75,1.20
2015.11.24 01:05:02.596,1.51225,1.51238,4.65,1.20
2015.11.24 01:05:02.648,1.51227,1.51238,3.75,1.20
2015.11.24 01:05:02.863,1.51225,1.51238,4.65,1.20
2015.11.24 01:05:07.094,1.51227,1.51238,1.37,1.17
2015.11.24 01:05:07.401,1.51227,1.51238,4.12,1.20
2015.11.24 01:05:07.503,1.51227,1.51238,4.12,1.10
2015.11.24 01:05:08.181,1.51227,1.51238,1.37,1.10
2015.11.24 01:05:08.585,1.5123,1.51238,1.00,1.10
2015.11.24 01:05:09.120,1.51232,1.51241,1.75,1.00
2015.11.24 01:05:09.172,1.51233,1.51245,1.87,1.87
2015.11.24 01:05:09.690,1.51233,1.51245,1.87,1.55
2015.11.24 01:05:11.638,1.51234,1.51242,1.00,1.00
2015.11.24 01:05:12.145,1.5123,1.51242,1.95,1.27
2015.11.24 01:05:12.803,1.51231,1.51242,1.50,2.77
2015.11.24 01:05:13.007,1.51231,1.51242,1.00,3.07
2015.11.24 01:05:13.431,1.5123,1.51242,1.87,1.45
2015.11.24 01:05:13.634,1.51233,1.51242,1.00,1.00
2015.11.24 01:05:13.889,1.51233,1.51242,4.87,1.00
2015.11.24 01:05:13.991,1.51234,1.51242,1.00,1.00
2015.11.24 01:05:14.745,1.51235,1.51245,1.00,1.20
2015.11.24 01:05:14.847,1.51235,1.51245,1.00,1.57
2015.11.24 01:05:15.101,1.51236,1.51246,1.50,1.37
2015.11.24 01:05:15.152,1.51236,1.51246,4.50,1.37
2015.11.24 01:05:15.642,1.51239,1.51248,1.00,1.10
2015.11.24 01:05:16.661,1.51239,1.51248,1.00,1.37
2015.11.24 01:05:17.650,1.51239,1.51249,1.12,1.37
2015.11.24 01:05:17.701,1.5124,1.51249,3.75,1.37
2015.11.24 01:05:18.753,1.51241,1.5125,1.12,1.12
2015.11.24 01:05:22.602,1.51241,1.51249,1.50,1.00
2015.11.24 01:05:27.789,1.51242,1.5125,1.57,1.00
2015.11.24 01:05:27.840,1.51242,1.51253,2.02,1.12
2015.11.24 01:05:27.892,1.51242,1.51251,1.95,1.00
2015.11.24 01:05:28.095,1.51243,1.51254,1.82,1.87
2015.11.24 01:05:28.430,1.51249,1.51259,1.45,1.20
2015.11.24 01:05:28.532,1.51253,1.51264,1.00,2.40
2015.11.24 01:05:28.684,1.51251,1.5126,2.25,1.00
2015.11.24 01:05:29.091,1.51249,1.51259,1.12,1.00
2015.11.24 01:05:29.193,1.51248,1.5126,2.32,1.12
2015.11.24 01:05:29.926,1.51248,1.5126,5.02,1.00
2015.11.24 01:05:30.433,1.51248,1.51259,4.20,1.00
2015.11.24 01:05:39.631,1.51249,1.51261,1.95,1.57
2015.11.24 01:05:40.138,1.51249,1.51261,1.95,1.20
2015.11.24 01:05:42.759,1.51249,1.51261,1.12,1.57
2015.11.24 01:05:43.291,1.51249,1.51261,1.75,1.87
2015.11.24 01:05:48.550,1.51249,1.51261,2.02,1.55
2015.11.24 01:06:00.727,1.5125,1.5126,1.20,1.00
2015.11.24 01:06:02.656,1.5125,1.5126,1.57,1.00
2015.11.24 01:06:03.163,1.5125,1.5126,1.87,1.00
2015.11.24 01:06:04.477,1.5125,1.5126,1.57,1.00
2015.11.24 01:06:08.707,1.51248,1.51258,1.95,1.00
2015.11.24 01:06:08.860,1.51248,1.51258,1.20,1.00
2015.11.24 01:06:08.962,1.51245,1.51258,2.02,1.20
2015.11.24 01:06:09.116,1.51245,1.51253,1.55,1.00
2015.11.24 01:06:09.422,1.51238,1.5125,1.20,1.12
2015.11.24 01:06:10.090,1.51236,1.51248,4.57,1.00
2015.11.24 01:06:10.598,1.51236,1.51248,1.20,1.00
2015.11.24 01:06:11.105,1.51235,1.51248,2.70,1.20
2015.11.24 01:06:11.669,1.51235,1.51248,2.77,1.20
2015.11.24 01:06:12.140,1.51235,1.51248,5.77,1.20
2015.11.24 01:06:12.545,1.51235,1.51248,2.77,1.20
2015.11.24 01:06:13.254,1.51235,1.51248,5.02,1.20
2015.11.24 01:06:16.705,1.51236,1.51247,1.47,1.00
2015.11.24 01:06:17.048,1.51235,1.51247,1.47,1.57
2015.11.24 01:06:17.554,1.51235,1.51247,1.20,1.57
2015.11.24 01:06:18.468,1.51234,1.51246,1.10,1.10
2015.11.24 01:06:18.620,1.51234,1.51245,1.10,1.37
2015.11.24 01:06:18.925,1.51231,1.51242,1.20,1.00
2015.11.24 01:06:23.878,1.51233,1.51243,1.00,1.00
2015.11.24 01:06:24.636,1.51233,1.51243,1.12,1.37
2015.11.24 01:06:29.917,1.51236,1.51243,1.12,1.00
2015.11.24 01:06:29.968,1.51236,1.51249,1.20,4.65
2015.11.24 01:06:30.070,1.51236,1.51249,1.57,1.65
2015.11.24 01:06:34.657,1.51236,1.51247,1.55,1.00
2015.11.24 01:06:34.861,1.51236,1.51247,1.10,1.37
2015.11.24 01:06:35.566,1.51236,1.51247,1.17,1.37
2015.11.24 01:06:36.076,1.51236,1.51247,1.10,1.00
2015.11.24 01:06:36.279,1.51237,1.51247,1.87,1.00
2015.11.24 01:06:36.381,1.51239,1.51249,1.00,1.27
2015.11.24 01:06:36.964,1.51239,1.51249,1.87,1.20
2015.11.24 01:06:37.015,1.51239,1.51249,1.87,1.87
2015.11.24 01:06:39.454,1.51239,1.51249,1.87,1.87
2015.11.24 01:06:41.094,1.5124,1.51249,1.00,1.87
2015.11.24 01:06:41.247,1.5124,1.51249,1.00,1.12
2015.11.24 01:06:45.307,1.51241,1.5125,1.00,1.57
2015.11.24 01:06:45.409,1.51243,1.5125,1.50,1.57
2015.11.24 01:06:45.562,1.51245,1.51256,1.57,1.87
2015.11.24 01:06:45.613,1.51246,1.51257,1.87,1.87
2015.11.24 01:06:46.139,1.51248,1.51257,1.12,1.12
2015.11.24 01:06:47.634,1.51247,1.51257,1.20,1.50
2015.11.24 01:06:48.837,1.51247,1.51257,1.47,1.10
2015.11.24 01:06:49.352,1.51247,1.51257,1.20,1.37
2015.11.24 01:06:50.123,1.51247,1.51259,1.95,2.25
2015.11.24 01:06:50.175,1.51247,1.51259,2.25,1.57
2015.11.24 01:06:50.328,1.51249,1.5126,4.20,1.87
2015.11.24 01:06:50.835,1.51249,1.5126,4.20,1.20
2015.11.24 01:06:52.007,1.51251,1.51262,1.75,1.50
2015.11.24 01:06:52.058,1.51252,1.51263,1.12,1.47
2015.11.24 01:06:52.211,1.51254,1.51261,1.50,1.00
2015.11.24 01:06:52.364,1.51252,1.51261,1.12,1.12
2015.11.24 01:06:54.448,1.51251,1.51261,1.50,1.10
2015.11.24 01:07:02.918,1.51252,1.51263,2.62,1.12
2015.11.24 01:07:03.426,1.51252,1.51261,1.87,1.00
2015.11.24 01:07:03.987,1.51252,1.51261,1.45,1.00
2015.11.24 01:07:12.814,1.51251,1.51261,1.20,1.12
2015.11.24 01:07:16.052,1.51252,1.51262,1.12,1.47
2015.11.24 01:07:16.103,1.51253,1.51264,1.75,1.47
2015.11.24 01:07:16.154,1.51254,1.51264,1.07,1.10
2015.11.24 01:07:16.660,1.51254,1.51266,1.12,1.87
2015.11.24 01:07:17.268,1.51255,1.51261,1.45,1.00
2015.11.24 01:07:17.606,1.51251,1.51261,1.82,1.00
2015.11.24 01:07:17.860,1.5125,1.51261,2.20,1.37
2015.11.24 01:07:18.468,1.51251,1.51261,1.10,1.47
2015.11.24 01:07:19.963,1.51251,1.51261,1.10,1.00
2015.11.24 01:07:20.065,1.5125,1.51263,7.57,1.57
2015.11.24 01:07:20.822,1.51251,1.51263,1.10,1.95
2015.11.24 01:07:20.874,1.51251,1.51262,1.10,1.12
2015.11.24 01:07:25.846,1.5125,1.51262,5.32,1.50
2015.11.24 01:07:26.461,1.51252,1.51263,1.20,1.47
2015.11.24 01:07:26.765,1.51257,1.51268,3.75,1.87
2015.11.24 01:07:26.968,1.51258,1.51268,1.12,1.50
2015.11.24 01:07:28.606,1.51259,1.51269,1.00,1.12
2015.11.24 01:07:29.112,1.51259,1.51269,1.37,1.12
2015.11.24 01:07:29.954,1.51257,1.51269,5.70,2.62
2015.11.24 01:07:30.513,1.51258,1.51269,1.47,1.12
2015.11.24 01:07:31.023,1.51258,1.5127,1.10,2.25
2015.11.24 01:07:31.596,1.51256,1.51267,1.12,1.20
2015.11.24 01:07:31.647,1.51255,1.51266,1.45,1.20
2015.11.24 01:07:31.902,1.51254,1.51265,1.95,1.20
2015.11.24 01:07:32.105,1.51254,1.51262,1.20,1.00
2015.11.24 01:07:33.176,1.51254,1.51264,1.57,1.20
2015.11.24 01:07:33.589,1.51255,1.51266,5.70,1.12
2015.11.24 01:07:34.354,1.51256,1.51266,3.82,1.00
2015.11.24 01:07:34.405,1.51255,1.51266,3.07,1.00
2015.11.24 01:07:34.507,1.51256,1.51266,3.82,1.00
2015.11.24 01:07:34.609,1.51255,1.51266,3.07,1.00
2015.11.24 01:07:35.116,1.51256,1.51269,1.85,1.50
2015.11.24 01:07:35.934,1.51257,1.51269,1.00,2.25
2015.11.24 01:07:36.454,1.51255,1.51266,1.45,1.50
2015.11.24 01:07:36.758,1.51254,1.51263,1.00,1.10
2015.11.24 01:07:37.265,1.51251,1.51262,2.32,1.10
2015.11.24 01:07:37.805,1.51252,1.51262,1.00,1.87
2015.11.24 01:07:41.669,1.5125,1.51262,1.50,2.62
2015.11.24 01:07:49.109,1.5125,1.5126,2.20,1.00
2015.11.24 01:07:50.325,1.51252,1.51263,1.82,1.87
2015.11.24 01:07:50.428,1.51253,1.51263,1.45,1.20
2015.11.24 01:07:50.684,1.51252,1.51262,1.27,1.50
2015.11.24 01:07:51.375,1.5125,1.51262,1.27,2.25
2015.11.24 01:07:51.886,1.5125,1.5126,1.57,1.50
2015.11.24 01:07:56.024,1.5125,1.5126,1.47,1.50
2015.11.24 01:08:03.506,1.5125,1.5126,1.57,1.50
2015.11.24 01:08:17.473,1.5125,1.51259,1.37,1.12
2015.11.24 01:08:22.352,1.51251,1.5126,1.37,1.37
2015.11.24 01:08:22.861,1.51253,1.51262,1.00,1.12
2015.11.24 01:08:23.014,1.51253,1.51264,1.57,2.25
2015.11.24 01:08:23.724,1.51252,1.5126,1.87,1.00
2015.11.24 01:08:23.775,1.51252,1.5126,1.10,1.00
2015.11.24 01:08:24.286,1.51252,1.5126,1.00,1.12
2015.11.24 01:08:35.800,1.51252,1.51262,1.50,2.25
2015.11.24 01:08:36.004,1.51253,1.51263,1.57,1.20
2015.11.24 01:08:36.840,1.51252,1.51261,3.07,1.00
2015.11.24 01:08:37.358,1.51251,1.51261,1.20,1.12
2015.11.24 01:08:37.873,1.51251,1.51261,1.45,1.00
2015.11.24 01:08:38.956,1.51251,1.51261,1.00,1.20
2015.11.24 01:08:49.892,1.51251,1.51263,2.25,1.87
2015.11.24 01:08:49.994,1.51253,1.51264,1.00,2.40
2015.11.24 01:08:50.045,1.51253,1.51264,1.75,1.27
2015.11.24 01:08:50.552,1.51254,1.51264,1.95,1.00
2015.11.24 01:08:51.058,1.51255,1.51264,1.45,1.00
2015.11.24 01:08:51.592,1.51254,1.51264,1.57,1.00
2015.11.24 01:08:58.198,1.51254,1.51264,1.95,1.00
2015.11.24 01:09:00.707,1.51254,1.51265,1.50,1.00
2015.11.24 01:09:01.011,1.51251,1.51263,3.37,1.27
2015.11.24 01:09:01.556,1.51251,1.51262,3.37,1.00
2015.11.24 01:09:03.266,1.51251,1.51262,2.25,1.07
2015.11.24 01:09:04.232,1.51251,1.51255,1.12,1.00
2015.11.24 01:09:04.386,1.51246,1.51251,1.37,1.00
2015.11.24 01:09:04.658,1.5124,1.51249,3.75,4.57
2015.11.24 01:09:04.712,1.51233,1.51243,3.37,1.00
2015.11.24 01:09:04.766,1.51233,1.51243,1.20,1.00
2015.11.24 01:09:04.817,1.51232,1.5124,1.95,1.00
2015.11.24 01:09:05.330,1.51232,1.51241,1.00,1.20
2015.11.24 01:09:06.034,1.51232,1.51238,1.00,1.00
2015.11.24 01:09:06.624,1.51232,1.5124,1.00,1.17
2015.11.24 01:09:07.450,1.51234,1.51244,4.50,1.75
2015.11.24 01:09:07.704,1.51241,1.5125,3.37,1.87
2015.11.24 01:09:08.365,1.51244,1.5125,1.00,1.17
2015.11.24 01:09:10.226,1.51244,1.51249,1.00,1.07
2015.11.24 01:09:10.987,1.51244,1.51249,1.00,1.00
2015.11.24 01:09:11.089,1.51244,1.51251,1.00,1.57
2015.11.24 01:09:11.795,1.51243,1.51251,4.12,1.10
2015.11.24 01:09:13.207,1.51243,1.51249,4.20,1.00
2015.11.24 01:09:13.259,1.51243,1.51251,3.82,1.00
2015.11.24 01:09:13.513,1.51243,1.51249,3.75,1.00
2015.11.24 01:09:15.208,1.51243,1.5125,3.75,1.10
2015.11.24 01:09:17.909,1.51243,1.51248,3.75,1.00
2015.11.24 01:09:18.062,1.51244,1.51248,1.00,1.00
2015.11.24 01:09:18.164,1.51239,1.51247,1.12,1.00
2015.11.24 01:09:18.929,1.51238,1.51247,3.75,1.17
2015.11.24 01:09:19.912,1.51238,1.51245,3.75,1.00
2015.11.24 01:09:20.640,1.5124,1.51245,1.00,1.00
2015.11.24 01:09:21.477,1.51238,1.51245,1.00,1.00
2015.11.24 01:09:24.193,1.51238,1.51246,1.00,1.10
2015.11.24 01:09:32.366,1.51239,1.51247,1.12,1.00
2015.11.24 01:09:32.967,1.51239,1.51248,1.37,1.57
2015.11.24 01:09:34.825,1.51239,1.51247,1.37,1.00
2015.11.24 01:09:36.951,1.51239,1.51248,1.37,1.10
2015.11.24 01:09:37.510,1.5124,1.51247,1.00,1.00
2015.11.24 01:09:38.035,1.51239,1.51248,1.87,1.10
2015.11.24 01:09:39.560,1.51239,1.51249,1.87,1.10
2015.11.24 01:09:40.776,1.5124,1.51249,1.12,1.00
2015.11.24 01:09:41.481,1.51242,1.51251,1.12,1.20
2015.11.24 01:09:41.990,1.51242,1.51251,1.87,1.20
2015.11.24 01:09:46.402,1.51244,1.51251,1.45,1.00
2015.11.24 01:09:46.458,1.51246,1.51255,1.00,2.62
2015.11.24 01:09:49.030,1.51246,1.51253,1.00,1.00
2015.11.24 01:09:49.673,1.51246,1.51254,1.00,1.00
2015.11.24 01:09:52.024,1.51247,1.51256,1.00,1.47
2015.11.24 01:09:52.635,1.51247,1.51256,1.00,1.20
2015.11.24 01:09:53.674,1.51246,1.51257,1.50,1.55
2015.11.24 01:09:56.910,1.51247,1.51258,1.00,5.02
2015.11.24 01:09:58.674,1.51248,1.51256,1.00,1.12
2015.11.24 01:10:02.624,1.51247,1.51257,1.37,1.20
2015.11.24 01:10:03.609,1.51247,1.51258,1.37,3.90
2015.11.24 01:10:08.350,1.51247,1.51258,1.75,4.27
2015.11.24 01:10:08.553,1.51251,1.51258,1.50,1.07
2015.11.24 01:10:09.104,1.51252,1.51259,1.12,1.00
2015.11.24 01:10:18.146,1.51252,1.5126,1.12,1.00
2015.11.24 01:10:20.609,1.51252,1.51259,1.12,1.00
2015.11.24 01:10:37.635,1.5125,1.51258,4.12,1.00
2015.11.24 01:10:38.051,1.51246,1.51251,1.37,1.00
2015.11.24 01:10:38.104,1.51241,1.5125,1.12,1.27
2015.11.24 01:10:38.155,1.51241,1.5125,1.12,1.57
2015.11.24 01:10:38.676,1.51241,1.5125,1.12,1.50
2015.11.24 01:10:40.661,1.5124,1.5125,4.57,1.50
2015.11.24 01:10:55.051,1.51242,1.51253,1.37,2.62
2015.11.24 01:10:55.153,1.51244,1.51253,1.00,1.95
2015.11.24 01:10:55.849,1.51244,1.51253,1.12,1.20
2015.11.24 01:10:56.913,1.51242,1.51253,1.65,1.10
2015.11.24 01:10:57.605,1.51242,1.51253,1.50,1.20
2015.11.24 01:11:00.816,1.51241,1.51252,2.70,1.20
2015.11.24 01:11:01.347,1.51244,1.51254,1.00,1.87
2015.11.24 01:11:01.406,1.51243,1.51254,1.95,1.12
2015.11.24 01:11:03.959,1.51243,1.51255,1.27,1.20
2015.11.24 01:11:07.028,1.51243,1.51255,5.77,1.20
2015.11.24 01:11:20.489,1.51244,1.51255,1.95,1.47
2015.11.24 01:11:21.379,1.51244,1.51255,1.95,1.10
2015.11.24 01:11:40.459,1.51243,1.51252,5.02,1.00
2015.11.24 01:11:40.562,1.51242,1.51252,2.02,1.00
2015.11.24 01:11:40.932,1.51242,1.51252,1.87,1.37
2015.11.24 01:11:44.524,1.51242,1.51253,1.50,1.75
2015.11.24 01:11:44.890,1.51247,1.51255,1.00,1.50
2015.11.24 01:11:45.347,1.5125,1.51257,1.00,1.12
2015.11.24 01:11:45.601,1.51254,1.51263,1.00,1.12
2015.11.24 01:11:45.703,1.51254,1.51264,1.00,2.62
2015.11.24 01:11:46.432,1.51252,1.51264,3.00,1.57
2015.11.24 01:11:49.536,1.51252,1.51262,1.87,1.47
2015.11.24 01:11:54.542,1.51252,1.51262,1.50,1.20
2015.11.24 01:11:55.678,1.51252,1.51262,1.50,1.47
2015.11.24 01:12:01.664,1.51251,1.51262,1.20,1.20
2015.11.24 01:12:16.620,1.51255,1.51263,1.00,1.12
2015.11.24 01:12:16.776,1.51255,1.51264,1.00,1.10
2015.11.24 01:12:17.286,1.51256,1.51264,1.00,1.00
2015.11.24 01:12:19.294,1.51256,1.51262,1.00,1.00
2015.11.24 01:12:19.815,1.51252,1.51262,4.50,1.20
2015.11.24 01:12:20.907,1.51252,1.51262,1.50,1.20
2015.11.24 01:12:22.057,1.5125,1.51262,5.02,1.47
2015.11.24 01:12:36.507,1.5125,1.5126,4.50,1.95
2015.11.24 01:12:36.662,1.51247,1.51259,2.62,1.57
2015.11.24 01:12:36.771,1.51248,1.51259,4.50,2.02
2015.11.24 01:12:37.405,1.51248,1.51259,1.82,2.02
2015.11.24 01:12:37.560,1.51248,1.51258,1.82,1.37
2015.11.24 01:12:38.069,1.51247,1.51258,1.12,2.25
2015.11.24 01:12:59.118,1.51247,1.51257,1.87,1.20
2015.11.24 01:13:00.676,1.51247,1.51257,1.82,1.20
2015.11.24 01:13:01.391,1.51247,1.51258,5.25,1.50
2015.11.24 01:13:01.937,1.51251,1.5126,1.00,1.57
2015.11.24 01:13:02.141,1.51254,1.51265,3.75,2.25
2015.11.24 01:13:02.192,1.51257,1.51265,1.00,1.50
2015.11.24 01:13:02.244,1.51257,1.51265,1.00,1.00
2015.11.24 01:13:17.671,1.51257,1.51267,1.10,1.95
2015.11.24 01:13:18.745,1.51257,1.51267,1.10,1.57
2015.11.24 01:13:25.250,1.51256,1.51267,4.20,1.95
2015.11.24 01:13:25.302,1.5126,1.51271,1.10,2.70
2015.11.24 01:13:25.354,1.5126,1.51271,1.20,1.95
2015.11.24 01:13:25.864,1.5126,1.51271,4.20,1.47
2015.11.24 01:13:26.372,1.5126,1.51271,4.20,1.10
2015.11.24 01:13:26.908,1.5126,1.5127,4.20,1.00
2015.11.24 01:13:29.419,1.5126,1.51271,4.20,1.20
2015.11.24 01:13:38.179,1.51262,1.51272,1.37,2.32
2015.11.24 01:13:40.752,1.5126,1.51272,1.20,2.62
2015.11.24 01:13:47.293,1.51261,1.51272,2.62,1.12
2015.11.24 01:13:47.497,1.51265,1.51274,1.50,1.50
2015.11.24 01:13:47.549,1.51265,1.51274,2.25,1.12
2015.11.24 01:13:47.601,1.51267,1.51278,1.50,2.25
2015.11.24 01:13:47.703,1.51267,1.51278,2.32,1.20
2015.11.24 01:13:48.225,1.51268,1.51278,1.45,1.50
2015.11.24 01:13:48.734,1.51267,1.51278,1.12,1.87
2015.11.24 01:13:49.248,1.51267,1.51278,1.00,1.87
2015.11.24 01:13:49.764,1.51267,1.51278,1.12,1.47
2015.11.24 01:14:04.658,1.51267,1.51278,1.37,2.70
2015.11.24 01:14:07.760,1.51267,1.51278,1.00,2.62
2015.11.24 01:14:14.732,1.51267,1.51277,1.37,1.12
2015.11.24 01:14:16.155,1.51267,1.51278,1.10,1.87
2015.11.24 01:14:16.206,1.51267,1.51278,1.10,1.20
2015.11.24 01:14:16.663,1.51267,1.51277,2.25,1.00
2015.11.24 01:14:17.242,1.51267,1.51277,1.50,1.00
2015.11.24 01:14:17.344,1.51267,1.51277,1.20,1.12
2015.11.24 01:14:17.548,1.51267,1.51277,1.00,1.57
2015.11.24 01:14:18.006,1.51267,1.51277,1.10,1.50
2015.11.24 01:14:18.534,1.51265,1.51278,2.32,2.25
2015.11.24 01:14:19.041,1.51266,1.51278,1.37,2.25
2015.11.24 01:14:20.945,1.51267,1.51278,1.50,1.57
2015.11.24 01:14:20.997,1.51267,1.51278,1.50,1.20
2015.11.24 01:14:21.302,1.51268,1.51278,1.87,1.10
2015.11.24 01:14:21.862,1.51267,1.51278,2.20,1.20
2015.11.24 01:14:23.255,1.51267,1.51279,1.87,1.50
2015.11.24 01:14:27.871,1.51268,1.51279,1.20,2.62
2015.11.24 01:14:35.997,1.51268,1.51277,1.00,1.07
2015.11.24 01:14:36.537,1.51268,1.51278,1.00,2.32
2015.11.24 01:14:37.197,1.51268,1.51278,1.00,3.00
2015.11.24 01:14:37.737,1.51267,1.51277,1.47,1.12
2015.11.24 01:14:38.268,1.51267,1.51278,1.37,1.95
2015.11.24 01:14:40.669,1.51267,1.51278,1.37,1.95
2015.11.24 01:14:41.473,1.51265,1.51272,1.12,1.12
2015.11.24 01:14:41.525,1.51261,1.51272,3.75,1.87
2015.11.24 01:14:41.577,1.5126,1.51272,1.37,2.25
2015.11.24 01:14:41.680,1.5126,1.51272,1.37,2.62
2015.11.24 01:14:42.189,1.5126,1.51272,1.37,1.20
2015.11.24 01:14:46.803,1.5126,1.51272,1.12,1.95
2015.11.24 01:14:46.854,1.5126,1.51272,1.45,1.57
2015.11.24 01:14:46.957,1.5126,1.51268,1.45,1.00
2015.11.24 01:14:47.210,1.5126,1.51271,1.20,1.50
2015.11.24 01:14:47.932,1.51259,1.51271,1.07,1.95
2015.11.24 01:14:48.939,1.51259,1.51269,1.07,1.00
2015.11.24 01:14:49.447,1.51258,1.5127,2.32,1.10
2015.11.24 01:14:50.171,1.51257,1.51268,2.20,1.00
2015.11.24 01:15:07.215,1.51261,1.51271,1.00,1.10
2015.11.24 01:15:07.514,1.51264,1.51272,1.20,1.07
2015.11.24 01:15:07.565,1.51264,1.51274,1.57,1.00
2015.11.24 01:15:08.073,1.51262,1.51273,1.17,1.00
2015.11.24 01:15:11.962,1.51262,1.51273,1.17,1.37
2015.11.24 01:15:16.812,1.51264,1.51274,1.00,1.20
2015.11.24 01:15:16.863,1.51264,1.51274,1.00,1.00
2015.11.24 01:15:23.068,1.51264,1.51274,1.00,1.37
2015.11.24 01:15:23.587,1.51262,1.51274,1.47,1.47
2015.11.24 01:15:24.056,1.51261,1.51274,2.02,1.20
2015.11.24 01:15:24.568,1.51262,1.51274,1.20,1.20
2015.11.24 01:15:25.160,1.51264,1.51274,1.20,1.00
2015.11.24 01:15:28.190,1.51265,1.51274,1.00,1.00
2015.11.24 01:15:29.833,1.51265,1.51276,1.00,1.65
2015.11.24 01:15:40.668,1.51265,1.51275,1.37,1.10
2015.11.24 01:15:48.309,1.51266,1.51278,1.07,1.57
2015.11.24 01:15:48.715,1.51271,1.51279,1.00,1.20
2015.11.24 01:15:48.868,1.51273,1.51282,1.00,1.00
2015.11.24 01:15:48.920,1.51273,1.51285,1.87,2.40
2015.11.24 01:15:49.225,1.51276,1.51287,1.37,1.00
2015.11.24 01:15:49.817,1.51276,1.51287,1.37,1.07
2015.11.24 01:15:50.281,1.51275,1.51287,1.37,1.65
2015.11.24 01:15:50.383,1.51275,1.51287,1.37,1.95
2015.11.24 01:15:51.104,1.51278,1.51288,1.00,1.75
2015.11.24 01:15:51.751,1.51272,1.51283,1.87,1.00
2015.11.24 01:15:52.056,1.51272,1.51283,1.87,1.20
2015.11.24 01:15:52.310,1.51271,1.51282,1.37,1.17
2015.11.24 01:15:54.107,1.51271,1.51281,1.00,1.27
2015.11.24 01:15:54.614,1.51271,1.51282,1.00,2.32
2015.11.24 01:15:55.332,1.51271,1.51282,1.00,1.55
2015.11.24 01:15:57.353,1.51271,1.51282,1.12,1.57
2015.11.24 01:15:57.870,1.51271,1.51282,1.12,1.27
2015.11.24 01:15:58.378,1.51271,1.51282,1.37,1.17
2015.11.24 01:16:00.140,1.51271,1.51282,1.12,2.02
2015.11.24 01:16:01.159,1.51271,1.51282,1.37,1.65
2015.11.24 01:16:03.143,1.51271,1.51282,1.00,2.02
2015.11.24 01:16:11.177,1.51271,1.51282,1.00,1.55
2015.11.24 01:16:24.256,1.51271,1.5128,1.00,1.00
2015.11.24 01:16:26.310,1.51269,1.5128,2.62,1.50
2015.11.24 01:16:28.333,1.51269,1.5128,2.62,1.00
2015.11.24 01:16:33.281,1.51269,1.51281,1.75,2.32
2015.11.24 01:16:40.106,1.51271,1.51281,1.00,1.47
2015.11.24 01:16:40.612,1.51271,1.5128,1.00,1.07
2015.11.24 01:16:41.154,1.51271,1.5128,1.37,1.07
2015.11.24 01:17:12.148,1.5127,1.51281,1.37,1.45
2015.11.24 01:17:12.989,1.51268,1.51278,1.87,1.00
2015.11.24 01:17:13.294,1.51262,1.51272,1.87,1.12
2015.11.24 01:17:13.701,1.51262,1.51272,1.50,1.20
2015.11.24 01:17:15.078,1.51261,1.51271,1.12,1.00
2015.11.24 01:17:40.649,1.51262,1.51271,1.00,1.57
2015.11.24 01:17:44.225,1.51262,1.51271,1.00,1.95
2015.11.24 01:17:48.435,1.51262,1.51271,1.12,1.57
2015.11.24 01:17:49.071,1.51263,1.51272,2.62,1.10
2015.11.24 01:17:53.423,1.51267,1.51274,1.00,1.12
2015.11.24 01:17:53.474,1.51265,1.51274,1.00,1.87
2015.11.24 01:17:55.894,1.51264,1.51273,1.37,1.57
2015.11.24 01:18:02.259,1.51266,1.51274,1.87,1.87
2015.11.24 01:18:02.615,1.51266,1.51276,1.37,1.20
2015.11.24 01:18:04.062,1.51268,1.51276,2.25,1.07
2015.11.24 01:18:04.589,1.5127,1.51279,1.12,1.12
2015.11.24 01:18:05.110,1.5127,1.5128,1.12,1.87
2015.11.24 01:18:07.291,1.5127,1.5128,1.37,1.87
2015.11.24 01:18:07.838,1.51272,1.5128,1.00,1.12
2015.11.24 01:18:08.095,1.51272,1.51281,1.00,1.12
2015.11.24 01:18:10.790,1.5127,1.51281,1.87,2.62
2015.11.24 01:18:12.256,1.5127,1.5128,1.87,1.75
2015.11.24 01:18:13.069,1.51272,1.5128,1.12,1.75
2015.11.24 01:18:13.781,1.51272,1.5128,1.50,1.75
2015.11.24 01:18:14.507,1.51272,1.5128,1.00,2.25
2015.11.24 01:18:15.678,1.51271,1.5128,1.12,2.62
2015.11.24 01:18:18.367,1.51269,1.5128,1.87,2.25
2015.11.24 01:18:18.571,1.51271,1.5128,1.12,1.20
2015.11.24 01:18:22.591,1.51269,1.5128,1.87,1.20
2015.11.24 01:18:22.642,1.51269,1.51278,1.87,1.12
2015.11.24 01:18:22.796,1.51268,1.51279,1.12,2.62
2015.11.24 01:18:23.306,1.51268,1.51278,1.00,1.75
2015.11.24 01:18:24.710,1.51266,1.51278,1.87,3.75
2015.11.24 01:18:25.116,1.51268,1.51277,1.37,1.12
2015.11.24 01:18:25.167,1.51269,1.51278,1.12,1.12
2015.11.24 01:18:25.673,1.5127,1.5128,1.50,1.87
2015.11.24 01:18:31.125,1.51269,1.51281,2.62,1.87
2015.11.24 01:18:31.227,1.51271,1.51281,1.12,1.20
2015.11.24 01:18:32.800,1.51269,1.51281,1.50,1.57
2015.11.24 01:18:33.115,1.51279,1.51287,1.00,1.87
2015.11.24 01:18:33.421,1.51279,1.51289,1.00,2.62
2015.11.24 01:18:34.121,1.51279,1.51289,1.95,1.57
2015.11.24 01:18:34.627,1.51279,1.51289,2.62,1.00
2015.11.24 01:18:35.202,1.5128,1.51289,1.07,1.00
2015.11.24 01:18:38.193,1.5128,1.51292,1.57,3.45
2015.11.24 01:18:38.397,1.51281,1.51292,1.87,1.87
2015.11.24 01:18:38.904,1.51281,1.51292,1.10,1.95
2015.11.24 01:18:39.417,1.51281,1.51292,1.20,1.87
2015.11.24 01:18:42.592,1.5128,1.51291,1.87,1.37
2015.11.24 01:18:43.346,1.5128,1.51289,1.57,1.00
2015.11.24 01:18:43.653,1.51281,1.51289,1.50,1.00
2015.11.24 01:18:44.319,1.51281,1.5129,1.87,1.12
2015.11.24 01:18:45.845,1.51281,1.5129,1.07,1.12
2015.11.24 01:18:46.149,1.51279,1.5129,1.85,1.50
2015.11.24 01:18:46.591,1.51279,1.5129,1.10,1.57
2015.11.24 01:18:49.519,1.51279,1.5129,1.50,1.95
2015.11.24 01:18:49.621,1.5128,1.5129,1.12,1.50
2015.11.24 01:18:49.723,1.5128,1.51291,1.57,1.12
2015.11.24 01:18:50.251,1.51281,1.51291,1.45,1.12
2015.11.24 01:19:16.741,1.51281,1.5129,1.20,1.00
2015.11.24 01:19:19.537,1.5128,1.51291,3.37,1.10
2015.11.24 01:19:19.742,1.51282,1.51293,1.37,1.50
2015.11.24 01:19:20.046,1.51287,1.51298,1.37,2.02
2015.11.24 01:19:20.590,1.51287,1.51298,1.47,1.20
2015.11.24 01:19:21.103,1.51287,1.51298,1.20,1.47
2015.11.24 01:19:23.110,1.51286,1.51294,1.57,1.00
2015.11.24 01:19:23.367,1.51283,1.51294,1.50,1.12
2015.11.24 01:19:24.366,1.51283,1.51292,1.12,1.00
2015.11.24 01:19:24.900,1.51282,1.51293,1.12,1.10
2015.11.24 01:19:25.002,1.51282,1.51291,1.12,1.00
2015.11.24 01:19:25.206,1.51281,1.51291,1.45,1.12
2015.11.24 01:19:25.797,1.51281,1.51291,1.45,1.20
2015.11.24 01:19:26.508,1.5128,1.51289,1.20,1.00
2015.11.24 01:19:29.328,1.51279,1.51291,3.00,1.20
2015.11.24 01:19:29.937,1.51282,1.51291,1.27,1.00
2015.11.24 01:19:29.988,1.51282,1.51291,1.57,1.00
2015.11.24 01:19:30.495,1.51282,1.51291,2.25,1.00
2015.11.24 01:19:31.005,1.51282,1.51292,1.50,1.12
2015.11.24 01:19:36.720,1.51283,1.51295,3.82,1.95
2015.11.24 01:19:36.822,1.51284,1.51295,1.12,1.27
2015.11.24 01:19:37.025,1.51286,1.51298,1.50,1.27
2015.11.24 01:19:38.319,1.51285,1.51293,2.25,1.00
2015.11.24 01:19:38.473,1.51284,1.51293,1.12,1.87
2015.11.24 01:19:38.625,1.51282,1.51293,1.87,2.25
2015.11.24 01:19:38.879,1.51281,1.51293,2.62,2.32
2015.11.24 01:19:39.386,1.51281,1.51293,2.32,2.32
2015.11.24 01:19:40.167,1.5128,1.51291,1.87,1.00
2015.11.24 01:19:40.997,1.5128,1.51291,1.85,1.10
2015.11.24 01:19:42.420,1.51281,1.51292,1.50,1.00
2015.11.24 01:19:45.697,1.51284,1.51294,1.10,2.25
2015.11.24 01:19:45.951,1.51285,1.51294,2.32,1.00
2015.11.24 01:19:46.687,1.51285,1.51293,2.25,1.12
2015.11.24 01:19:46.941,1.51284,1.51293,1.12,2.25
2015.11.24 01:19:47.244,1.51283,1.51293,1.12,2.25
2015.11.24 01:19:51.010,1.51283,1.51292,1.85,1.12
2015.11.24 01:19:51.215,1.51285,1.51294,1.37,3.37
2015.11.24 01:19:51.553,1.51289,1.51299,1.45,1.12
2015.11.24 01:19:52.526,1.51289,1.51299,1.20,1.00
2015.11.24 01:19:54.465,1.51286,1.51296,2.25,1.00
2015.11.24 01:19:54.922,1.51286,1.51294,2.25,1.00
2015.11.24 01:19:54.973,1.51284,1.51294,2.62,1.00
2015.11.24 01:19:55.075,1.51283,1.51292,2.25,1.00
2015.11.24 01:19:55.277,1.51281,1.51292,1.12,1.57
2015.11.24 01:19:56.071,1.5128,1.51292,2.32,1.57
2015.11.24 01:19:57.575,1.5128,1.51292,2.62,2.25
2015.11.24 01:19:59.893,1.5128,1.51292,2.62,2.32
2015.11.24 01:20:00.148,1.5128,1.51292,2.70,2.32
2015.11.24 01:20:00.453,1.51281,1.5129,1.20,1.00
2015.11.24 01:20:04.101,1.51282,1.51292,1.12,1.95
2015.11.24 01:20:07.964,1.5128,1.51292,2.62,1.47
2015.11.24 01:20:08.472,1.51281,1.51292,1.47,1.10
2015.11.24 01:20:12.282,1.51282,1.51291,1.10,1.00
2015.11.24 01:20:13.126,1.51282,1.51291,1.12,1.00
2015.11.24 01:20:13.844,1.51282,1.51291,1.50,1.00
2015.11.24 01:20:14.412,1.51284,1.51291,1.07,1.00
2015.11.24 01:20:18.407,1.51282,1.51291,1.12,1.00
2015.11.24 01:20:18.932,1.51282,1.51291,1.07,1.00
2015.11.24 01:20:19.560,1.51282,1.51291,1.10,1.10
2015.11.24 01:20:20.068,1.51282,1.51291,1.00,1.07
2015.11.24 01:20:21.020,1.5128,1.51291,3.00,1.07
2015.11.24 01:20:21.536,1.5128,1.51291,3.00,1.07
2015.11.24 01:20:22.157,1.51281,1.51291,1.10,1.07
2015.11.24 01:20:27.261,1.5128,1.51291,3.00,1.07
2015.11.24 01:20:28.497,1.51281,1.51291,1.45,1.00
2015.11.24 01:20:34.016,1.51281,1.51292,1.45,1.10
2015.11.24 01:20:37.982,1.51281,1.51292,1.20,1.37
2015.11.24 01:20:40.675,1.51282,1.51292,1.57,1.10
2015.11.24 01:20:44.346,1.51282,1.51292,1.10,1.12
2015.11.24 01:20:52.828,1.51283,1.51293,1.20,1.50
2015.11.24 01:20:52.930,1.51283,1.51294,1.50,2.25
2015.11.24 01:20:53.606,1.51283,1.51294,3.00,1.10
2015.11.24 01:20:54.219,1.51285,1.51293,1.07,1.00
2015.11.24 01:20:54.725,1.51285,1.51295,1.07,2.32
2015.11.24 01:20:55.834,1.51285,1.51295,3.07,1.07
2015.11.24 01:20:56.140,1.51287,1.51298,1.12,1.45
2015.11.24 01:20:57.147,1.51287,1.51297,1.10,1.57
2015.11.24 01:20:57.659,1.51287,1.51298,2.25,1.20
2015.11.24 01:21:01.587,1.51288,1.51301,4.27,3.00
2015.11.24 01:21:01.891,1.51291,1.51303,2.70,3.00
2015.11.24 01:21:06.319,1.51291,1.51303,2.32,2.62
2015.11.24 01:21:08.349,1.51291,1.51302,1.57,1.87
2015.11.24 01:21:09.601,1.51291,1.51302,1.57,1.50
2015.11.24 01:21:10.103,1.51291,1.51302,1.95,1.10
2015.11.24 01:21:15.350,1.51291,1.51302,1.95,1.10
2015.11.24 01:21:21.458,1.51292,1.51302,1.12,1.12
2015.11.24 01:21:22.470,1.51292,1.51302,1.12,1.00
2015.11.24 01:21:25.470,1.51292,1.51302,1.45,1.00
2015.11.24 01:21:26.352,1.51292,1.51302,1.07,1.12
2015.11.24 01:21:27.369,1.51291,1.51302,1.95,1.57
2015.11.24 01:21:29.493,1.51291,1.51302,1.95,1.57
2015.11.24 01:21:30.599,1.51291,1.51302,1.95,1.57
2015.11.24 01:21:33.490,1.51291,1.51302,1.95,1.57
2015.11.24 01:21:35.929,1.51291,1.51301,2.32,1.00
2015.11.24 01:21:37.479,1.51291,1.51301,1.95,1.00
2015.11.24 01:21:41.116,1.51291,1.51301,1.87,1.12
2015.11.24 01:21:47.007,1.51291,1.51301,1.87,1.12
2015.11.24 01:21:48.811,1.51291,1.51302,2.25,1.47
2015.11.24 01:21:50.040,1.51291,1.51302,2.32,1.12
2015.11.24 01:21:51.001,1.51291,1.51302,3.07,1.12
2015.11.24 01:21:52.002,1.51291,1.51302,2.70,1.12
2015.11.24 01:21:57.026,1.51291,1.51302,1.95,1.12
2015.11.24 01:22:02.561,1.51292,1.51302,1.12,1.12
2015.11.24 01:22:02.662,1.51292,1.51302,1.12,1.12
2015.11.24 01:22:03.368,1.51293,1.51302,1.45,1.00
2015.11.24 01:22:03.885,1.51293,1.51302,1.45,1.00
2015.11.24 01:22:09.837,1.51293,1.51303,1.45,1.20
2015.11.24 01:22:13.568,1.51293,1.51303,1.45,1.20
2015.11.24 01:22:14.123,1.51294,1.51304,1.50,1.37
2015.11.24 01:22:14.377,1.51295,1.51307,2.25,1.87
2015.11.24 01:22:14.479,1.51297,1.51309,1.87,4.95
2015.11.24 01:22:14.683,1.51301,1.51311,1.45,1.12
2015.11.24 01:22:15.208,1.51303,1.51311,1.07,1.00
2015.11.24 01:22:15.715,1.51302,1.51311,1.12,1.00
2015.11.24 01:22:17.788,1.51301,1.51311,1.47,1.10
2015.11.24 01:22:29.821,1.51303,1.51311,1.00,1.00
2015.11.24 01:22:31.240,1.51303,1.51312,1.00,1.10
2015.11.24 01:22:32.934,1.51302,1.51312,1.20,1.10
2015.11.24 01:22:33.936,1.51303,1.51312,1.00,1.10
2015.11.24 01:22:38.929,1.51302,1.51312,1.12,1.00
2015.11.24 01:22:40.517,1.51304,1.51313,1.12,1.27
2015.11.24 01:22:41.023,1.51302,1.51312,1.37,1.20
2015.11.24 01:22:41.531,1.51301,1.51311,1.12,1.00
2015.11.24 01:22:43.248,1.51301,1.51312,1.20,1.12
2015.11.24 01:22:43.756,1.51302,1.51312,1.00,1.12
2015.11.24 01:22:44.446,1.51301,1.51312,1.20,1.12
2015.11.24 01:22:49.504,1.51301,1.51312,1.20,1.87
2015.11.24 01:22:51.860,1.51302,1.51312,1.00,1.87
2015.11.24 01:22:53.424,1.51299,1.51312,3.82,2.25
2015.11.24 01:22:57.417,1.513,1.51311,1.17,1.00
2015.11.24 01:23:03.178,1.513,1.51312,1.17,1.12
2015.11.24 01:23:09.085,1.513,1.51311,1.65,1.00
2015.11.24 01:23:10.367,1.513,1.51311,1.65,1.12
2015.11.24 01:23:13.461,1.513,1.51311,2.40,1.00
2015.11.24 01:23:14.705,1.51301,1.51313,1.20,1.57
2015.11.24 01:23:14.959,1.51301,1.51313,1.95,1.20
2015.11.24 01:23:17.675,1.51303,1.51314,1.20,2.32
2015.11.24 01:23:18.190,1.51302,1.51313,1.20,1.00
2015.11.24 01:23:18.671,1.51301,1.51313,1.87,1.47
2015.11.24 01:23:19.189,1.51301,1.51313,1.60,1.50
2015.11.24 01:23:21.082,1.513,1.51313,2.35,1.95
2015.11.24 01:23:22.871,1.513,1.51313,2.05,2.02
2015.11.24 01:23:29.830,1.51303,1.51314,1.37,1.95
2015.11.24 01:23:30.034,1.51307,1.51318,1.12,1.95
2015.11.24 01:23:30.539,1.51307,1.51318,1.12,1.65
2015.11.24 01:23:30.793,1.51303,1.51316,4.12,1.37
2015.11.24 01:23:31.314,1.51305,1.51317,2.62,1.15
2015.11.24 01:23:31.620,1.51308,1.51318,1.00,3.37
2015.11.24 01:23:33.248,1.51308,1.51318,1.00,2.40
2015.11.24 01:23:33.649,1.51308,1.51318,1.00,2.70
2015.11.24 01:23:38.840,1.51308,1.51318,1.00,3.37
2015.11.24 01:23:45.914,1.51305,1.51316,1.87,1.07
2015.11.24 01:23:46.340,1.51303,1.51315,1.65,1.65
2015.11.24 01:23:47.749,1.51303,1.51315,1.57,1.95
2015.11.24 01:24:02.064,1.51306,1.51317,1.87,1.17
2015.11.24 01:24:02.218,1.51306,1.51314,1.12,1.00
2015.11.24 01:24:02.321,1.51304,1.51314,1.10,1.10
2015.11.24 01:24:02.576,1.51302,1.51312,1.57,1.00
2015.11.24 01:24:04.371,1.513,1.51311,5.05,1.00
2015.11.24 01:24:04.896,1.513,1.51311,2.05,1.00
2015.11.24 01:24:05.253,1.51301,1.51311,3.75,1.00
2015.11.24 01:24:09.675,1.51301,1.51313,3.85,1.65
2015.11.24 01:24:11.318,1.51305,1.51314,1.00,1.57
2015.11.24 01:24:11.420,1.51305,1.51315,2.25,1.00
2015.11.24 01:24:12.260,1.51305,1.51318,2.70,1.95
2015.11.24 01:24:16.644,1.51305,1.51318,2.70,1.95
2015.11.24 01:24:20.868,1.51306,1.51318,1.10,1.95
2015.11.24 01:24:21.332,1.51306,1.51318,1.47,1.95
2015.11.24 01:24:21.636,1.5131,1.51321,3.75,1.12
2015.11.24 01:24:21.688,1.5131,1.51321,3.75,1.00
2015.11.24 01:24:33.093,1.51311,1.51321,1.37,1.10
2015.11.24 01:24:33.601,1.51309,1.51322,2.02,2.02
2015.11.24 01:24:34.319,1.51309,1.5132,1.57,1.00
2015.11.24 01:24:34.625,1.51309,1.51319,1.00,1.00
2015.11.24 01:24:36.924,1.51309,1.51321,1.00,1.65
2015.11.24 01:24:38.741,1.51309,1.51321,1.37,2.02
2015.11.24 01:24:42.777,1.51311,1.51322,1.20,1.65
2015.11.24 01:24:43.765,1.51311,1.51322,1.20,1.57
2015.11.24 01:24:49.945,1.51311,1.51323,1.65,4.50
2015.11.24 01:24:55.602,1.5131,1.51321,1.57,1.12
2015.11.24 01:25:00.739,1.51308,1.51322,3.82,2.32
2015.11.24 01:25:01.441,1.51308,1.51322,3.07,2.70
2015.11.24 01:25:04.962,1.51308,1.51322,2.32,3.45
2015.11.24 01:25:06.109,1.51309,1.51322,1.17,3.45
2015.11.24 01:25:07.065,1.51308,1.51321,3.07,1.27
2015.11.24 01:25:09.468,1.51308,1.51321,2.70,1.27
2015.11.24 01:25:16.560,1.51309,1.51321,1.65,1.27
2015.11.24 01:25:19.523,1.51309,1.51321,1.65,1.27
2015.11.24 01:25:22.516,1.51309,1.51321,2.40,1.55
2015.11.24 01:25:26.529,1.51309,1.51321,2.40,1.55
2015.11.24 01:25:29.134,1.51309,1.51321,1.55,1.55
2015.11.24 01:25:32.145,1.51309,1.51321,1.92,1.55
2015.11.24 01:25:33.548,1.51309,1.51321,1.57,1.47
2015.11.24 01:25:34.534,1.51309,1.51321,1.85,1.47
2015.11.24 01:25:37.120,1.5131,1.51321,1.20,1.37
2015.11.24 01:25:40.671,1.51309,1.51321,2.62,1.50
2015.11.24 01:25:49.410,1.51309,1.51321,1.57,1.57
2015.11.24 01:25:53.355,1.51309,1.51321,2.62,1.57
2015.11.24 01:26:00.284,1.51312,1.51322,1.10,1.12
2015.11.24 01:26:01.261,1.51311,1.51322,2.02,1.12
2015.11.24 01:26:03.272,1.51312,1.51322,1.10,1.12
2015.11.24 01:26:06.163,1.51312,1.51322,1.20,1.12
2015.11.24 01:26:11.808,1.5131,1.51322,1.95,1.12
2015.11.24 01:26:17.202,1.5131,1.51321,1.20,1.00
2015.11.24 01:26:23.589,1.5131,1.51321,1.57,1.37
2015.11.24 01:26:28.633,1.51311,1.51321,1.55,1.12
2015.11.24 01:26:33.402,1.5131,1.51321,1.95,1.47
2015.11.24 01:26:35.404,1.51311,1.51321,1.55,1.10
2015.11.24 01:26:44.355,1.51311,1.51318,1.17,1.00
2015.11.24 01:26:44.660,1.51304,1.51315,1.75,1.20
2015.11.24 01:26:46.449,1.513,1.51307,1.20,1.00
2015.11.24 01:26:46.653,1.51295,1.51304,1.45,1.00
2015.11.24 01:26:47.368,1.51295,1.51306,1.95,2.32
2015.11.24 01:26:47.679,1.51297,1.51305,1.12,1.50
2015.11.24 01:26:47.882,1.51295,1.51305,1.12,1.50
2015.11.24 01:26:48.187,1.51293,1.51305,2.25,2.32
2015.11.24 01:26:49.786,1.51296,1.51306,4.87,2.25
2015.11.24 01:26:49.838,1.51297,1.51307,1.50,1.00
2015.11.24 01:26:50.092,1.51299,1.51307,1.12,1.00
2015.11.24 01:26:52.038,1.51297,1.51307,1.87,1.00
2015.11.24 01:26:54.772,1.51299,1.51308,1.12,1.20
2015.11.24 01:27:00.362,1.51296,1.51304,1.20,1.00
2015.11.24 01:27:00.414,1.51294,1.51303,1.47,1.20
2015.11.24 01:27:00.516,1.51294,1.51303,1.07,1.57
2015.11.24 01:27:01.073,1.51295,1.51305,1.95,1.50
2015.11.24 01:27:01.175,1.51296,1.51307,1.82,1.20
2015.11.24 01:27:01.277,1.51296,1.51308,1.87,1.50
2015.11.24 01:27:01.581,1.51298,1.51308,1.50,1.20
2015.11.24 01:27:02.090,1.51298,1.51308,1.12,1.00
2015.11.24 01:27:04.031,1.51298,1.51308,1.50,1.27
2015.11.24 01:27:11.307,1.51298,1.51309,1.87,1.50
2015.11.24 01:27:11.783,1.513,1.5131,1.50,1.87
2015.11.24 01:27:11.834,1.51301,1.5131,1.12,1.12
2015.11.24 01:27:12.039,1.51301,1.51313,2.62,1.20
2015.11.24 01:27:12.142,1.51303,1.51314,2.02,1.50
2015.11.24 01:27:12.295,1.51308,1.51318,1.12,1.12
2015.11.24 01:27:12.397,1.51308,1.5132,2.32,1.50
2015.11.24 01:27:12.499,1.51309,1.5132,1.87,1.12
2015.11.24 01:27:13.043,1.51309,1.51318,1.37,1.00
2015.11.24 01:27:13.144,1.51307,1.51317,1.12,1.10
2015.11.24 01:27:13.297,1.51305,1.51317,1.57,1.27
2015.11.24 01:27:13.805,1.51305,1.51317,1.07,1.57
2015.11.24 01:27:14.549,1.51305,1.51312,1.07,1.00
2015.11.24 01:27:14.600,1.51302,1.51312,1.20,1.00
2015.11.24 01:27:15.107,1.51302,1.51313,1.20,1.20
2015.11.24 01:27:15.260,1.51302,1.51313,1.10,1.57
2015.11.24 01:27:16.002,1.51302,1.51313,1.75,1.20
2015.11.24 01:27:16.554,1.51301,1.51313,1.87,1.47
2015.11.24 01:27:16.860,1.51307,1.51316,1.00,1.12
2015.11.24 01:27:16.912,1.51307,1.51318,1.20,4.87
2015.11.24 01:27:17.014,1.51307,1.51318,2.62,1.50
2015.11.24 01:27:17.731,1.51308,1.51319,1.50,1.50
2015.11.24 01:27:18.871,1.5131,1.51321,1.50,1.87
2015.11.24 01:27:19.378,1.5131,1.51321,1.50,1.12
2015.11.24 01:27:22.622,1.5131,1.51321,1.50,1.12
2015.11.24 01:27:23.131,1.5131,1.51321,1.50,1.87
2015.11.24 01:27:25.349,1.5131,1.51319,1.00,1.50
2015.11.24 01:27:25.807,1.51308,1.51314,1.37,1.00
2015.11.24 01:27:25.858,1.51305,1.51314,1.57,1.00
2015.11.24 01:27:26.370,1.51302,1.51313,3.75,1.10
2015.11.24 01:27:30.063,1.51302,1.51313,1.95,1.47
2015.11.24 01:28:04.925,1.51303,1.51314,1.87,1.65
2015.11.24 01:28:09.377,1.51304,1.51314,1.20,1.65
2015.11.24 01:28:18.687,1.51303,1.51313,1.50,1.47
2015.11.24 01:28:19.451,1.51303,1.51313,1.57,1.00
2015.11.24 01:28:21.716,1.51303,1.51315,1.20,1.95
2015.11.24 01:28:21.767,1.51309,1.51315,1.00,1.95
2015.11.24 01:28:21.970,1.51317,1.51327,1.87,1.87
2015.11.24 01:28:23.046,1.51319,1.51328,1.45,1.12
2015.11.24 01:28:24.614,1.51316,1.51327,3.00,2.62
2015.11.24 01:28:24.918,1.51315,1.51323,2.62,1.00
2015.11.24 01:28:25.173,1.51314,1.51323,1.75,1.00
2015.11.24 01:28:32.180,1.51313,1.51323,1.27,1.00
2015.11.24 01:28:33.064,1.51313,1.51323,1.20,1.00
2015.11.24 01:28:33.575,1.51313,1.51323,1.27,1.00
2015.11.24 01:28:33.626,1.51313,1.51323,1.57,1.00
2015.11.24 01:28:53.762,1.51317,1.51325,1.12,1.12
2015.11.24 01:28:54.143,1.51319,1.51329,1.00,2.70
2015.11.24 01:28:54.653,1.51319,1.51329,1.20,1.95
2015.11.24 01:29:00.470,1.51319,1.51329,1.95,1.50
2015.11.24 01:29:00.521,1.51319,1.51329,1.57,2.62
2015.11.24 01:29:01.028,1.51319,1.51329,1.50,1.57
2015.11.24 01:29:06.249,1.51321,1.5133,1.37,1.50
2015.11.24 01:29:06.402,1.51322,1.51333,1.57,1.50
2015.11.24 01:29:06.555,1.51328,1.51334,1.00,1.10
2015.11.24 01:29:06.973,1.51331,1.51337,1.57,1.50
2015.11.24 01:29:07.024,1.51331,1.5134,2.32,1.00
2015.11.24 01:29:07.531,1.5133,1.5134,2.32,1.10
2015.11.24 01:29:07.834,1.5133,1.5134,1.45,1.47
2015.11.24 01:29:08.362,1.51329,1.51338,1.00,1.75
2015.11.24 01:29:09.067,1.51329,1.51335,1.00,1.00
2015.11.24 01:29:09.169,1.51326,1.51336,1.12,1.57
2015.11.24 01:29:09.322,1.51326,1.51333,1.12,1.12
2015.11.24 01:29:09.575,1.51321,1.51332,1.87,1.75
2015.11.24 01:29:10.081,1.51321,1.51331,1.87,1.50
2015.11.24 01:29:10.233,1.51321,1.51329,1.87,1.12
2015.11.24 01:29:10.914,1.51321,1.5133,1.87,1.12
2015.11.24 01:29:11.421,1.51321,1.51329,1.87,1.12
2015.11.24 01:29:12.332,1.51321,1.5133,1.87,1.87
2015.11.24 01:29:13.472,1.51321,1.5133,1.12,1.87
2015.11.24 01:29:28.857,1.51321,1.5133,1.12,1.12
2015.11.24 01:29:33.929,1.51321,1.5133,1.87,1.00
2015.11.24 01:29:34.643,1.51321,1.5133,2.25,1.00
2015.11.24 01:29:36.918,1.51321,1.5133,1.87,1.00
2015.11.24 01:29:39.600,1.51321,1.5133,1.50,1.00
2015.11.24 01:29:42.604,1.5132,1.51331,1.87,1.20
2015.11.24 01:29:43.639,1.5132,1.51331,1.87,1.20
2015.11.24 01:29:45.111,1.5132,1.5133,1.12,3.00
2015.11.24 01:29:55.277,1.51319,1.51329,1.37,1.45
2015.11.24 01:30:04.474,1.51321,1.5133,1.00,1.12
2015.11.24 01:30:04.575,1.5132,1.51331,1.50,2.25
2015.11.24 01:30:05.406,1.5132,1.5133,1.50,1.07
2015.11.24 01:30:05.914,1.5132,1.5133,1.50,1.12
2015.11.24 01:30:10.055,1.5132,1.51331,1.57,1.57
2015.11.24 01:30:11.009,1.5132,1.51331,1.57,1.47
2015.11.24 01:30:11.570,1.5132,1.51331,2.25,1.37
2015.11.24 01:30:14.301,1.5132,1.51326,2.25,1.00
2015.11.24 01:30:14.504,1.51319,1.51326,1.12,1.10
2015.11.24 01:30:15.812,1.51316,1.51326,2.02,1.10
2015.11.24 01:30:16.424,1.51316,1.51326,2.02,1.10
2015.11.24 01:30:20.695,1.51316,1.51322,1.55,1.00
2015.11.24 01:30:20.898,1.5131,1.51321,3.52,1.00
2015.11.24 01:30:21.405,1.51311,1.51321,1.50,1.00
2015.11.24 01:30:22.075,1.5131,1.51321,1.37,1.50
2015.11.24 01:30:22.176,1.51309,1.51317,1.37,1.00
2015.11.24 01:30:22.329,1.51308,1.51318,1.57,1.12
2015.11.24 01:30:22.836,1.51308,1.51317,1.50,1.00
2015.11.24 01:30:23.354,1.51307,1.51318,1.85,1.12
2015.11.24 01:30:24.001,1.51307,1.51316,2.02,1.00
2015.11.24 01:30:24.552,1.51307,1.51316,1.65,1.00
2015.11.24 01:30:25.311,1.51307,1.51316,1.50,1.00
2015.11.24 01:30:26.630,1.51307,1.51316,1.50,1.00
2015.11.24 01:30:27.249,1.51309,1.51318,1.00,1.45
2015.11.24 01:30:27.804,1.51309,1.51318,1.37,1.07
2015.11.24 01:30:31.877,1.51309,1.5132,1.37,1.57
2015.11.24 01:30:32.740,1.51307,1.51315,1.57,1.00
2015.11.24 01:30:33.090,1.51303,1.5131,1.50,1.20
2015.11.24 01:30:33.144,1.51299,1.5131,3.82,1.95
2015.11.24 01:30:33.652,1.51298,1.5131,2.25,1.12
2015.11.24 01:30:36.051,1.51298,1.5131,1.57,1.20
2015.11.24 01:30:41.213,1.51298,1.51309,2.70,1.00
2015.11.24 01:30:43.980,1.51299,1.51309,1.07,1.00
2015.11.24 01:31:05.382,1.51299,1.51309,1.50,1.10
2015.11.24 01:31:09.280,1.51298,1.51311,1.95,1.95
2015.11.24 01:31:11.960,1.51299,1.51311,1.50,1.57
2015.11.24 01:31:17.829,1.51299,1.51311,1.12,1.57
2015.11.24 01:31:22.383,1.51298,1.5131,3.37,1.00
2015.11.24 01:31:24.049,1.51299,1.5131,1.12,1.00
2015.11.24 01:31:27.008,1.513,1.5131,1.12,1.00
2015.11.24 01:31:31.404,1.51301,1.51312,1.85,4.20
2015.11.24 01:31:31.608,1.51305,1.51312,1.45,1.12
2015.11.24 01:31:32.998,1.51304,1.51315,3.37,1.87
2015.11.24 01:31:33.253,1.51306,1.51315,1.12,1.00
2015.11.24 01:31:34.034,1.51307,1.51315,1.12,1.00
2015.11.24 01:31:37.123,1.51308,1.51318,1.12,1.12
2015.11.24 01:31:42.659,1.51308,1.51319,1.87,1.50
2015.11.24 01:31:44.575,1.51308,1.51318,1.12,1.00
2015.11.24 01:32:03.601,1.51307,1.51319,1.75,1.50
2015.11.24 01:32:04.180,1.51307,1.51319,1.87,2.25
2015.11.24 01:32:04.686,1.51308,1.51319,1.12,1.50
2015.11.24 01:32:06.030,1.51308,1.51319,1.50,1.00
2015.11.24 01:32:10.202,1.51308,1.5132,1.87,1.20
2015.11.24 01:32:10.710,1.51309,1.5132,1.50,1.12
2015.11.24 01:32:13.993,1.51311,1.5132,1.75,1.50
2015.11.24 01:32:17.295,1.51311,1.5132,1.75,1.50
2015.11.24 01:32:17.801,1.51311,1.5132,1.12,1.00
2015.11.24 01:32:18.676,1.5131,1.5132,1.12,1.00
2015.11.24 01:32:19.327,1.5131,1.5132,1.12,1.07
2015.11.24 01:32:21.320,1.51309,1.5132,1.12,1.20
2015.11.24 01:32:22.031,1.51309,1.5132,1.12,1.20
2015.11.24 01:32:22.456,1.51309,1.5132,2.25,1.00
2015.11.24 01:32:25.147,1.51309,1.5132,1.82,1.00
2015.11.24 01:32:30.131,1.51309,1.51319,2.25,1.00
2015.11.24 01:32:32.427,1.51309,1.51319,2.25,1.00
2015.11.24 01:32:34.717,1.51309,1.51319,2.25,1.00
2015.11.24 01:32:34.768,1.51309,1.51319,1.50,1.00
2015.11.24 01:32:35.415,1.51311,1.51319,1.07,1.00
2015.11.24 01:32:35.618,1.51311,1.51321,1.07,1.87
2015.11.24 01:32:40.279,1.51311,1.51321,1.17,1.12
2015.11.24 01:32:41.463,1.51312,1.51323,2.02,3.75
2015.11.24 01:32:41.769,1.51314,1.51325,2.25,2.25
2015.11.24 01:32:43.002,1.51315,1.51325,1.07,1.50
2015.11.24 01:32:43.155,1.51313,1.51323,1.87,1.00
2015.11.24 01:32:43.774,1.51314,1.51324,1.50,1.50
2015.11.24 01:32:44.286,1.51315,1.51324,1.50,1.00
2015.11.24 01:32:45.020,1.51322,1.51327,1.00,3.75
2015.11.24 01:32:45.072,1.51323,1.51333,1.12,1.37
2015.11.24 01:32:45.581,1.51321,1.51333,1.55,1.87
2015.11.24 01:32:46.368,1.51321,1.51333,1.87,1.87
2015.11.24 01:32:46.909,1.51321,1.51333,1.20,1.87
2015.11.24 01:32:47.426,1.51321,1.51333,1.87,1.87
2015.11.24 01:32:49.179,1.51321,1.51333,1.37,1.27
2015.11.24 01:32:50.192,1.51324,1.51334,1.00,2.32
2015.11.24 01:32:50.243,1.51324,1.51334,1.00,1.12
2015.11.24 01:32:50.295,1.51323,1.51336,7.20,1.65
2015.11.24 01:32:50.601,1.51322,1.51334,1.87,1.27
2015.11.24 01:32:52.668,1.51323,1.51334,1.45,1.20
2015.11.24 01:32:53.187,1.51323,1.51334,1.57,1.12
2015.11.24 01:32:54.450,1.51324,1.51334,1.20,1.12
2015.11.24 01:32:54.501,1.51325,1.51336,1.00,1.12
2015.11.24 01:32:54.654,1.51326,1.51337,1.57,1.00
2015.11.24 01:32:55.594,1.51327,1.51339,1.20,1.50
2015.11.24 01:32:56.108,1.51328,1.51339,1.00,1.00
2015.11.24 01:32:59.473,1.51328,1.51339,1.87,1.00
2015.11.24 01:33:00.474,1.51328,1.51339,1.87,1.12
2015.11.24 01:33:01.006,1.51326,1.51339,3.52,1.50
2015.11.24 01:33:01.527,1.51328,1.51339,1.95,1.37
2015.11.24 01:33:01.977,1.51328,1.51339,1.95,1.37
2015.11.24 01:33:02.510,1.51329,1.51339,2.40,1.00
2015.11.24 01:33:02.983,1.51329,1.51339,2.40,1.00
2015.11.24 01:33:05.880,1.51328,1.51339,1.95,1.00
2015.11.24 01:33:06.505,1.51328,1.51339,1.95,1.00
2015.11.24 01:33:08.520,1.51328,1.51339,1.87,1.37
2015.11.24 01:33:09.670,1.51328,1.51339,1.87,1.12
2015.11.24 01:33:10.279,1.51328,1.51337,1.37,1.00
2015.11.24 01:33:10.584,1.51323,1.51333,3.00,1.12
2015.11.24 01:33:10.952,1.51323,1.51335,1.00,4.50
2015.11.24 01:33:11.003,1.51323,1.51333,1.37,1.00
2015.11.24 01:33:11.105,1.51325,1.51336,1.47,1.37
2015.11.24 01:33:11.156,1.51326,1.51336,1.07,1.00
2015.11.24 01:33:11.461,1.51324,1.51334,1.50,1.00
2015.11.24 01:33:11.513,1.51324,1.51334,1.00,1.00
2015.11.24 01:33:12.087,1.51325,1.51335,1.20,1.00
2015.11.24 01:33:13.944,1.51325,1.51337,1.20,1.37
2015.11.24 01:33:17.155,1.51327,1.51338,1.10,1.00
2015.11.24 01:33:22.930,1.51326,1.51338,2.77,1.00
2015.11.24 01:33:24.613,1.51326,1.51339,2.02,2.25
2015.11.24 01:33:27.130,1.51327,1.51339,1.82,1.50
2015.11.24 01:33:27.560,1.51329,1.51339,1.20,1.00
2015.11.24 01:33:28.524,1.51329,1.5134,1.20,1.00
2015.11.24 01:33:30.747,1.51329,1.5134,1.95,1.00
2015.11.24 01:33:33.573,1.51329,1.5134,1.20,1.00
2015.11.24 01:33:39.368,1.5133,1.5134,1.75,1.00
2015.11.24 01:33:39.991,1.51331,1.5134,1.87,1.00
2015.11.24 01:33:41.640,1.51332,1.51342,1.37,1.57
2015.11.24 01:33:57.590,1.51332,1.51342,2.32,1.00
2015.11.24 01:33:57.692,1.51332,1.51342,1.95,1.00
2015.11.24 01:33:57.844,1.51337,1.51344,1.00,1.27
2015.11.24 01:33:58.149,1.51348,1.51356,2.62,3.82
2015.11.24 01:33:58.252,1.51348,1.51359,3.00,1.07
2015.11.24 01:33:58.855,1.51351,1.51361,1.00,1.87
2015.11.24 01:33:59.362,1.5135,1.51359,1.12,1.07
2015.11.24 01:34:04.415,1.51346,1.51358,1.95,1.20
2015.11.24 01:34:04.519,1.51345,1.51356,1.50,1.20
2015.11.24 01:34:04.928,1.51343,1.51352,1.07,1.00
2015.11.24 01:34:05.082,1.51342,1.51352,1.12,1.10
2015.11.24 01:34:05.185,1.51341,1.5135,1.37,1.07
2015.11.24 01:34:05.802,1.51341,1.5135,1.47,1.00
2015.11.24 01:34:06.311,1.51341,1.5135,1.20,1.00
2015.11.24 01:34:07.012,1.51341,1.5135,1.47,1.00
2015.11.24 01:34:07.814,1.51341,1.51352,1.47,1.95
2015.11.24 01:34:08.336,1.51341,1.51352,1.20,1.95
2015.11.24 01:34:14.432,1.5134,1.51352,1.82,1.57
2015.11.24 01:34:15.052,1.51342,1.51352,1.20,1.57
2015.11.24 01:34:17.724,1.51342,1.51351,1.12,1.00
2015.11.24 01:34:18.230,1.51342,1.51351,1.37,1.00
2015.11.24 01:34:19.232,1.51355,1.51362,1.47,1.57
2015.11.24 01:34:19.284,1.5136,1.51368,1.37,1.12
2015.11.24 01:34:19.335,1.5136,1.51368,1.75,1.12
2015.11.24 01:34:19.387,1.5136,1.5137,1.87,1.17
2015.11.24 01:34:19.643,1.51366,1.51375,1.12,1.87
2015.11.24 01:34:19.694,1.51365,1.51375,1.50,1.00
2015.11.24 01:34:19.746,1.51365,1.51374,1.37,1.12
2015.11.24 01:34:19.848,1.51362,1.51372,2.32,1.00
2015.11.24 01:34:20.485,1.51362,1.51371,1.00,1.10
2015.11.24 01:34:20.793,1.51358,1.51368,4.27,1.00
2015.11.24 01:34:20.845,1.51358,1.51368,1.55,1.00
2015.11.24 01:34:21.355,1.51357,1.51369,1.57,1.12
2015.11.24 01:34:23.450,1.51357,1.51369,1.20,4.20
2015.11.24 01:34:25.852,1.51357,1.51369,1.20,1.20
2015.11.24 01:34:26.383,1.51356,1.51369,1.50,1.57
2015.11.24 01:34:29.918,1.51356,1.51369,1.45,1.57
2015.11.24 01:34:31.731,1.51356,1.51367,1.95,1.00
2015.11.24 01:34:32.481,1.51356,1.51367,2.25,1.00
2015.11.24 01:34:33.821,1.51355,1.51361,1.87,1.10
2015.11.24 01:34:33.872,1.5135,1.51361,2.25,1.12
2015.11.24 01:34:34.228,1.51348,1.5136,1.57,1.07
2015.11.24 01:34:35.464,1.5135,1.5136,1.00,4.95
2015.11.24 01:34:35.668,1.5135,1.51361,1.10,1.20
2015.11.24 01:34:36.738,1.5135,1.51361,1.57,1.10
2015.11.24 01:34:37.096,1.51352,1.51363,1.45,3.00
2015.11.24 01:34:41.670,1.51352,1.51363,1.50,2.70
2015.11.24 01:34:42.923,1.51352,1.51362,1.50,1.27
2015.11.24 01:34:43.904,1.51352,1.51364,3.37,4.87
2015.11.24 01:34:44.006,1.51354,1.51366,1.50,1.45
2015.11.24 01:34:44.109,1.51357,1.51367,1.12,1.07
2015.11.24 01:34:44.595,1.51357,1.51366,1.75,1.00
2015.11.24 01:34:44.698,1.51355,1.51366,1.20,1.57
2015.11.24 01:34:45.005,1.51356,1.51367,1.75,1.47
2015.11.24 01:34:45.520,1.51357,1.51369,1.50,3.37
2015.11.24 01:34:49.236,1.51354,1.51364,1.57,1.07
2015.11.24 01:34:49.408,1.51354,1.51364,1.20,1.07
2015.11.24 01:34:49.561,1.51356,1.51366,1.00,1.87
2015.11.24 01:34:49.613,1.51356,1.51366,1.47,1.10
2015.11.24 01:34:50.120,1.51358,1.51369,1.00,1.50
2015.11.24 01:34:55.829,1.51358,1.51369,1.20,1.50
2015.11.24 01:34:57.407,1.51358,1.51369,1.95,1.50
2015.11.24 01:34:59.501,1.51358,1.51369,1.87,1.57
2015.11.24 01:35:00.008,1.51358,1.51369,1.57,1.07
2015.11.24 01:35:00.776,1.51358,1.51369,1.20,1.20
2015.11.24 01:35:01.662,1.51358,1.51369,1.45,1.57
2015.11.24 01:35:06.647,1.51359,1.5137,1.00,3.75
2015.11.24 01:35:09.889,1.51364,1.5137,1.00,1.75
2015.11.24 01:35:09.940,1.51364,1.51375,1.87,1.57
2015.11.24 01:35:09.991,1.51369,1.51378,1.00,1.87
2015.11.24 01:35:10.094,1.51366,1.51377,1.07,1.45
2015.11.24 01:35:10.606,1.51366,1.51377,1.10,1.50
2015.11.24 01:35:11.149,1.51363,1.51374,1.20,1.87
2015.11.24 01:35:11.605,1.51361,1.51372,1.20,2.32
2015.11.24 01:35:11.707,1.51359,1.51372,1.45,3.00
2015.11.24 01:35:12.062,1.51361,1.51372,1.37,1.75
2015.11.24 01:35:12.265,1.51362,1.51374,1.12,3.37
2015.11.24 01:35:12.851,1.51362,1.51374,1.20,3.00
2015.11.24 01:35:13.257,1.51364,1.51374,1.12,1.20
2015.11.24 01:35:13.410,1.51365,1.51376,1.45,1.10
2015.11.24 01:35:14.080,1.51364,1.51375,1.50,1.57
2015.11.24 01:35:14.131,1.51362,1.51374,1.50,2.25
2015.11.24 01:35:16.558,1.51362,1.51374,1.50,1.12
2015.11.24 01:35:16.711,1.51363,1.51375,1.12,3.07
2015.11.24 01:35:18.010,1.51364,1.51375,1.47,1.07
2015.11.24 01:35:18.113,1.51365,1.51377,1.20,2.25
2015.11.24 01:35:19.285,1.51366,1.51374,1.07,1.00
2015.11.24 01:35:19.589,1.51363,1.51373,1.82,1.00
2015.11.24 01:35:22.477,1.51364,1.51373,1.50,1.00
2015.11.24 01:35:22.529,1.51365,1.51376,1.12,1.00
2015.11.24 01:35:23.523,1.51365,1.51377,1.12,1.95
2015.11.24 01:35:24.156,1.51369,1.51379,1.00,5.25
2015.11.24 01:35:24.359,1.51371,1.5138,1.00,1.27
2015.11.24 01:35:24.819,1.51368,1.51379,2.25,1.10
2015.11.24 01:35:25.106,1.51368,1.51379,1.12,2.25
2015.11.24 01:35:25.623,1.51368,1.51379,1.87,1.87
2015.11.24 01:35:32.287,1.51367,1.51379,1.87,1.12
2015.11.24 01:35:32.803,1.51367,1.51379,1.87,1.12
2015.11.24 01:35:34.407,1.51367,1.51379,2.25,1.57
2015.11.24 01:35:36.246,1.51367,1.51378,2.25,1.00
2015.11.24 01:35:36.601,1.51367,1.51378,1.87,1.12
2015.11.24 01:35:37.991,1.51367,1.51378,1.12,2.62
2015.11.24 01:35:40.654,1.51367,1.51378,1.50,2.62
2015.11.24 01:35:41.451,1.51366,1.51377,1.95,1.50
2015.11.24 01:35:41.553,1.51366,1.51377,2.32,1.12
2015.11.24 01:35:41.858,1.51366,1.51377,2.25,1.50
2015.11.24 01:35:41.961,1.51366,1.51377,2.25,1.45
2015.11.24 01:35:45.400,1.51366,1.51374,1.50,1.00
2015.11.24 01:35:45.552,1.51361,1.51373,1.87,2.70
2015.11.24 01:35:45.902,1.51357,1.51371,2.62,6.37
2015.11.24 01:35:46.360,1.51357,1.51369,1.45,1.20
2015.11.24 01:35:47.481,1.51357,1.51369,1.07,2.25
2015.11.24 01:35:47.989,1.51356,1.51368,2.62,4.57
2015.11.24 01:35:48.243,1.51358,1.51368,1.07,1.20
2015.11.24 01:35:48.505,1.51359,1.51368,1.12,1.00
2015.11.24 01:35:49.013,1.51357,1.51369,2.25,1.12
2015.11.24 01:35:49.368,1.51359,1.5137,1.07,2.32
2015.11.24 01:35:50.112,1.51358,1.5137,1.12,2.62
2015.11.24 01:35:50.468,1.51357,1.51369,2.02,1.12
2015.11.24 01:35:51.080,1.51357,1.51369,3.07,1.12
2015.11.24 01:35:51.625,1.51359,1.5137,1.45,1.75
2015.11.24 01:35:52.135,1.51359,1.5137,1.12,1.47
2015.11.24 01:36:00.483,1.51359,1.51371,1.87,2.32
2015.11.24 01:36:01.228,1.51359,1.5137,1.75,1.37
2015.11.24 01:36:01.533,1.51359,1.5137,1.12,1.12
2015.11.24 01:36:01.686,1.51359,1.51371,1.20,2.25
2015.11.24 01:36:01.738,1.51359,1.51371,2.77,2.25
2015.11.24 01:36:01.891,1.51361,1.51373,1.95,1.87
2015.11.24 01:36:01.993,1.51364,1.51375,1.12,1.85
2015.11.24 01:36:02.045,1.51364,1.51376,1.45,1.82
2015.11.24 01:36:02.561,1.51365,1.51378,1.20,2.25
2015.11.24 01:36:02.714,1.51367,1.51378,1.07,1.20
2015.11.24 01:36:08.939,1.51367,1.51379,1.20,3.75
2015.11.24 01:36:10.986,1.51367,1.51374,1.00,1.12
2015.11.24 01:36:11.039,1.51361,1.51372,1.20,1.57
2015.11.24 01:36:11.143,1.51361,1.51372,1.87,1.37
2015.11.24 01:36:11.401,1.51357,1.51369,1.50,3.82
2015.11.24 01:36:11.557,1.51357,1.51368,1.20,1.45
2015.11.24 01:36:12.160,1.51357,1.51367,1.00,1.12
2015.11.24 01:36:12.365,1.51352,1.51364,1.00,1.10
2015.11.24 01:36:12.417,1.5135,1.51362,3.82,1.00
2015.11.24 01:36:12.723,1.51355,1.51365,1.00,1.12
2015.11.24 01:36:12.825,1.51355,1.51366,1.00,1.07
2015.11.24 01:36:13.355,1.51355,1.51367,1.00,2.62
2015.11.24 01:36:14.092,1.51355,1.51367,1.12,1.87
2015.11.24 01:36:15.609,1.51355,1.51367,1.50,1.87
2015.11.24 01:36:17.593,1.51356,1.51367,1.12,1.87
2015.11.24 01:36:18.099,1.51356,1.51366,1.12,1.07
2015.11.24 01:36:23.321,1.51356,1.51366,1.50,1.07
2015.11.24 01:36:28.627,1.51356,1.51366,1.12,1.07
2015.11.24 01:36:29.494,1.51356,1.51369,1.95,1.50
2015.11.24 01:36:30.260,1.51356,1.51369,2.02,1.87
2015.11.24 01:36:30.893,1.51357,1.51369,1.45,1.50
2015.11.24 01:36:35.037,1.51358,1.51369,1.00,1.12
2015.11.24 01:36:35.810,1.51357,1.51369,1.95,1.12
2015.11.24 01:36:36.826,1.51358,1.51369,1.00,1.12
2015.11.24 01:36:40.017,1.51357,1.51368,1.87,1.12
2015.11.24 01:36:41.027,1.51357,1.51369,1.00,1.87
2015.11.24 01:36:45.052,1.51357,1.51369,1.57,1.50
2015.11.24 01:36:45.154,1.5136,1.51369,1.12,1.12
2015.11.24 01:36:45.674,1.51361,1.51372,1.55,3.82
2015.11.24 01:36:49.674,1.51364,1.51372,1.50,3.75
2015.11.24 01:36:49.728,1.51365,1.51377,1.45,1.50
2015.11.24 01:36:50.341,1.51365,1.51377,1.57,1.12
2015.11.24 01:36:51.838,1.51367,1.51378,1.17,1.00
2015.11.24 01:36:54.998,1.51367,1.51379,1.27,1.95
2015.11.24 01:36:55.862,1.51367,1.51379,1.17,1.95
2015.11.24 01:37:00.848,1.51365,1.5137,1.00,1.87
2015.11.24 01:37:00.904,1.51359,1.51368,1.87,1.07
2015.11.24 01:37:01.414,1.51359,1.5137,1.50,4.95
2015.11.24 01:37:01.671,1.51357,1.5137,1.55,4.20
2015.11.24 01:37:02.220,1.51357,1.51368,1.55,1.07
2015.11.24 01:37:02.737,1.51357,1.51368,1.37,1.12
2015.11.24 01:37:03.195,1.51357,1.51369,1.47,1.57
2015.11.24 01:37:03.709,1.51356,1.51368,2.02,1.07
2015.11.24 01:37:04.266,1.51356,1.51368,1.95,1.50
2015.11.24 01:37:04.775,1.51358,1.51368,1.00,1.12
2015.11.24 01:37:05.301,1.51358,1.51368,1.00,1.75
2015.11.24 01:37:05.818,1.51358,1.51367,1.00,1.12
2015.11.24 01:37:06.123,1.51358,1.51369,1.00,1.12
2015.11.24 01:37:06.377,1.51358,1.51367,1.00,1.12
2015.11.24 01:37:06.479,1.51358,1.51368,1.00,1.12
2015.11.24 01:37:06.682,1.51357,1.51367,1.37,1.12
2015.11.24 01:37:07.227,1.51357,1.51368,1.37,1.50
2015.11.24 01:37:07.737,1.51358,1.51369,1.12,1.12
2015.11.24 01:37:08.245,1.51358,1.51368,1.12,1.12
2015.11.24 01:37:08.851,1.51358,1.51369,1.12,1.12
2015.11.24 01:37:09.364,1.51358,1.51369,1.00,1.12
2015.11.24 01:37:09.770,1.51357,1.51368,1.50,1.75
2015.11.24 01:37:09.872,1.51357,1.51368,1.50,1.45
2015.11.24 01:37:10.126,1.51357,1.51367,1.50,1.12
2015.11.24 01:37:10.734,1.51357,1.51368,1.57,1.45
2015.11.24 01:37:11.242,1.51357,1.51369,1.57,1.45
2015.11.24 01:37:11.293,1.51358,1.51368,1.12,1.12
2015.11.24 01:37:11.446,1.51358,1.51369,1.12,1.45
2015.11.24 01:37:12.106,1.51358,1.51368,1.12,1.07
2015.11.24 01:37:12.628,1.51358,1.51369,1.12,1.87
2015.11.24 01:37:13.188,1.51358,1.51368,1.27,1.07
2015.11.24 01:37:16.476,1.51358,1.51368,1.12,1.45
2015.11.24 01:37:16.578,1.51356,1.51367,1.12,1.87
2015.11.24 01:37:16.629,1.51355,1.51365,1.12,1.10
2015.11.24 01:37:16.681,1.51353,1.51364,1.12,1.45
2015.11.24 01:37:16.732,1.51352,1.51364,2.40,1.50
2015.11.24 01:37:16.834,1.51352,1.51364,2.25,2.62
2015.11.24 01:37:17.318,1.51354,1.51365,1.50,2.25
2015.11.24 01:37:17.370,1.51355,1.51366,1.37,4.20
2015.11.24 01:37:19.243,1.51355,1.51367,1.95,2.25
2015.11.24 01:37:19.752,1.51355,1.51367,2.62,1.87
2015.11.24 01:37:24.126,1.51355,1.51366,1.87,1.12
2015.11.24 01:37:24.228,1.51353,1.51363,1.87,1.00
2015.11.24 01:37:24.381,1.51353,1.51361,1.50,1.37
2015.11.24 01:37:24.432,1.5135,1.51361,2.62,1.37
2015.11.24 01:37:24.981,1.5135,1.5136,1.50,1.57
2015.11.24 01:37:25.506,1.5135,1.5136,1.50,1.57
2015.11.24 01:37:27.323,1.51349,1.51361,2.62,1.57
2015.11.24 01:37:28.223,1.5135,1.51361,1.00,1.95
2015.11.24 01:37:29.699,1.51348,1.51359,1.50,2.25
2015.11.24 01:37:30.013,1.51337,1.51349,1.87,2.25
2015.11.24 01:37:30.318,1.51337,1.51348,1.50,1.87
2015.11.24 01:37:30.472,1.51337,1.51348,1.50,1.20
2015.11.24 01:37:31.049,1.51335,1.51348,1.57,1.87
2015.11.24 01:37:31.101,1.51335,1.51348,1.57,2.25
2015.11.24 01:37:31.617,1.51335,1.51347,2.32,1.75
2015.11.24 01:37:32.125,1.51335,1.51346,2.25,1.12
2015.11.24 01:37:35.050,1.51335,1.51346,1.12,1.12
2015.11.24 01:37:35.355,1.51334,1.51344,1.12,1.12
2015.11.24 01:37:37.051,1.51334,1.51343,1.00,1.12
2015.11.24 01:37:40.229,1.51333,1.51345,1.12,2.62
2015.11.24 01:37:40.790,1.51333,1.51344,1.12,1.12
2015.11.24 01:37:41.354,1.51333,1.51343,1.12,1.12
2015.11.24 01:37:41.659,1.51333,1.51345,1.12,1.57
2015.11.24 01:37:41.760,1.51333,1.51345,1.12,1.95
2015.11.24 01:37:42.166,1.5133,1.51342,1.50,2.32
2015.11.24 01:37:42.470,1.51329,1.51341,1.57,1.95
2015.11.24 01:37:42.912,1.51329,1.5134,1.50,1.87
2015.11.24 01:37:45.285,1.51331,1.5134,1.00,1.50
2015.11.24 01:37:45.336,1.51331,1.5134,1.00,1.45
2015.11.24 01:37:45.387,1.51333,1.51342,1.00,1.37
2015.11.24 01:37:45.438,1.51333,1.51344,1.00,4.87
2015.11.24 01:37:45.540,1.51333,1.51345,1.50,1.50
2015.11.24 01:37:45.693,1.51334,1.51346,1.12,2.25
2015.11.24 01:37:46.200,1.51334,1.51344,1.50,1.12
2015.11.24 01:37:47.272,1.51334,1.51346,1.12,1.75
2015.11.24 01:37:47.475,1.51335,1.51346,1.50,1.47
2015.11.24 01:37:47.527,1.51335,1.51346,1.50,1.07
2015.11.24 01:37:48.230,1.51334,1.51347,1.87,2.62
2015.11.24 01:37:48.741,1.51334,1.51347,1.50,3.00
2015.11.24 01:37:50.683,1.51333,1.51345,2.25,1.50
2015.11.24 01:37:51.227,1.51334,1.51345,1.00,1.87
2015.11.24 01:37:53.545,1.51333,1.51345,1.57,1.47
2015.11.24 01:37:53.698,1.51333,1.51346,1.92,1.20
2015.11.24 01:37:53.801,1.51335,1.51347,1.75,1.12
2015.11.24 01:38:00.407,1.51335,1.51347,1.12,1.12
2015.11.24 01:38:01.184,1.51335,1.51347,1.12,1.75
2015.11.24 01:38:03.765,1.51335,1.51346,1.12,1.12
2015.11.24 01:38:04.363,1.51335,1.51346,1.50,1.87
2015.11.24 01:38:07.000,1.51336,1.51347,1.00,2.25
2015.11.24 01:38:11.089,1.51335,1.51347,1.20,2.25
2015.11.24 01:38:12.478,1.51335,1.51347,2.02,1.50
2015.11.24 01:38:13.675,1.51335,1.51348,2.32,1.47
2015.11.24 01:38:20.239,1.51335,1.51349,2.32,2.62
2015.11.24 01:38:22.852,1.51337,1.51349,3.07,1.50
2015.11.24 01:38:22.954,1.51338,1.5135,2.32,1.57
2015.11.24 01:38:23.489,1.5134,1.51351,1.12,1.82
2015.11.24 01:38:25.093,1.5134,1.51352,1.57,1.87
2015.11.24 01:38:25.631,1.5134,1.51352,1.57,1.87
2015.11.24 01:38:25.682,1.5134,1.51352,1.57,2.25
2015.11.24 01:38:26.225,1.5134,1.51352,1.57,2.25
2015.11.24 01:38:26.790,1.5134,1.51352,1.57,1.07
2015.11.24 01:38:26.842,1.5134,1.51352,1.65,1.45
2015.11.24 01:38:27.148,1.51345,1.51356,1.87,1.12
2015.11.24 01:38:27.352,1.51345,1.51357,2.32,1.87
2015.11.24 01:38:27.962,1.51345,1.51356,1.95,1.07
2015.11.24 01:38:28.171,1.51345,1.51356,1.87,1.87
2015.11.24 01:38:29.880,1.51345,1.51355,1.12,1.12
2015.11.24 01:38:30.398,1.51345,1.51355,1.37,1.12
2015.11.24 01:38:31.057,1.51345,1.51355,1.12,1.75
2015.11.24 01:38:31.563,1.51345,1.51356,1.12,1.50
2015.11.24 01:38:32.362,1.51341,1.51352,1.12,1.20
2015.11.24 01:38:32.464,1.5134,1.51352,1.12,1.57
2015.11.24 01:38:32.719,1.51339,1.51352,1.50,3.07
2015.11.24 01:38:34.046,1.51339,1.51351,1.47,1.45
2015.11.24 01:38:34.250,1.51341,1.51352,1.00,1.27
2015.11.24 01:38:34.352,1.51341,1.51353,1.50,1.57
2015.11.24 01:38:34.809,1.51343,1.51355,1.12,1.10
2015.11.24 01:38:34.911,1.51343,1.51356,1.07,2.25
2015.11.24 01:38:35.609,1.51343,1.51356,1.12,2.70
2015.11.24 01:38:45.392,1.51344,1.51356,2.70,1.10
2015.11.24 01:38:49.624,1.51344,1.51354,1.12,1.00
2015.11.24 01:38:49.929,1.5134,1.5135,1.37,1.10
2015.11.24 01:38:49.981,1.51338,1.5135,1.50,1.95
2015.11.24 01:38:50.533,1.51338,1.5135,1.20,1.65
2015.11.24 01:38:55.589,1.51337,1.51349,1.57,4.57
2015.11.24 01:38:56.020,1.51338,1.5135,1.12,1.57
2015.11.24 01:39:00.617,1.51337,1.51349,3.37,1.20
2015.11.24 01:39:01.319,1.51337,1.51349,3.00,1.12
2015.11.24 01:39:02.232,1.51338,1.51349,1.87,1.20
2015.11.24 01:39:02.536,1.51337,1.51349,3.37,1.27
2015.11.24 01:39:03.616,1.51337,1.51349,1.87,1.65
2015.11.24 01:39:04.123,1.51336,1.51349,1.20,1.65
2015.11.24 01:39:05.414,1.51336,1.51349,1.12,1.57
2015.11.24 01:39:05.517,1.51337,1.51348,1.12,1.12
2015.11.24 01:39:06.616,1.51337,1.51348,1.45,1.12
2015.11.24 01:39:08.684,1.51336,1.51348,1.20,1.20
2015.11.24 01:39:09.152,1.51336,1.51348,1.00,1.57
2015.11.24 01:39:09.662,1.51336,1.51348,1.20,1.57
2015.11.24 01:39:12.257,1.51337,1.51349,1.07,1.57
2015.11.24 01:39:12.815,1.51336,1.51349,1.50,1.95
2015.11.24 01:39:13.317,1.51337,1.51349,1.10,2.02
2015.11.24 01:39:14.183,1.51337,1.51349,1.20,2.32
2015.11.24 01:39:14.336,1.51337,1.51349,1.20,2.02
2015.11.24 01:39:14.743,1.51337,1.51349,1.20,2.62
2015.11.24 01:39:16.384,1.51336,1.51349,1.20,2.32
2015.11.24 01:39:22.941,1.51338,1.51351,1.50,2.62
2015.11.24 01:39:23.093,1.51339,1.51351,4.95,1.10
2015.11.24 01:39:23.600,1.51342,1.51351,1.45,1.00
2015.11.24 01:39:24.384,1.51341,1.51351,1.12,1.00
2015.11.24 01:39:24.892,1.51339,1.51351,1.47,1.20
2015.11.24 01:39:25.413,1.51339,1.51351,1.87,1.15
2015.11.24 01:39:29.615,1.51339,1.51352,2.62,1.87
2015.11.24 01:39:29.717,1.5134,1.51352,1.45,1.20
2015.11.24 01:39:30.195,1.5134,1.51351,1.00,1.10
2015.11.24 01:39:30.551,1.51338,1.5135,2.32,1.07
2015.11.24 01:39:31.108,1.51337,1.5135,1.50,1.15
2015.11.24 01:39:33.141,1.51338,1.5135,1.82,1.20
2015.11.24 01:39:37.402,1.51338,1.51351,2.25,1.52
2015.11.24 01:39:37.706,1.51338,1.5135,1.57,1.87
2015.11.24 01:39:38.089,1.51338,1.5135,1.95,1.55
2015.11.24 01:39:38.596,1.51338,1.51349,1.47,1.65
2015.11.24 01:39:43.118,1.51338,1.51349,1.50,1.10
2015.11.24 01:39:46.220,1.51338,1.5135,1.87,1.82
2015.11.24 01:39:51.266,1.51338,1.51349,1.50,1.10
2015.11.24 01:39:53.661,1.51337,1.5135,2.25,1.90
2015.11.24 01:39:56.222,1.51337,1.51349,2.25,1.20
2015.11.24 01:39:58.248,1.51337,1.5135,2.25,1.90
2015.11.24 01:40:02.268,1.51338,1.5135,1.57,2.02
2015.11.24 01:40:05.253,1.51337,1.51349,2.25,1.20
2015.11.24 01:40:11.583,1.5134,1.5135,1.12,1.47
2015.11.24 01:40:11.736,1.51342,1.51353,1.50,1.50
2015.11.24 01:40:11.990,1.51342,1.51353,2.32,1.00
2015.11.24 01:40:12.092,1.51342,1.51353,3.00,1.00
2015.11.24 01:40:13.059,1.51343,1.51352,1.07,1.00
2015.11.24 01:40:13.212,1.51339,1.51351,2.25,1.12
2015.11.24 01:40:13.619,1.51339,1.51351,1.57,1.27
2015.11.24 01:40:20.627,1.51339,1.51352,2.32,2.32
2015.11.24 01:40:22.823,1.51342,1.51353,1.00,3.37
2015.11.24 01:40:23.079,1.51343,1.51355,1.20,4.57
2015.11.24 01:40:23.235,1.51346,1.51356,1.00,3.82
2015.11.24 01:40:23.287,1.51346,1.51358,1.00,5.70
2015.11.24 01:40:23.339,1.51346,1.51358,1.37,1.57
2015.11.24 01:40:23.667,1.51348,1.51358,1.50,1.00
2015.11.24 01:40:27.542,1.51348,1.5136,2.25,1.27
2015.11.24 01:40:28.049,1.51348,1.5136,1.87,1.20
2015.11.24 01:40:28.598,1.51347,1.5136,1.20,1.07
2015.11.24 01:40:30.358,1.51346,1.5136,2.32,1.57
2015.11.24 01:40:33.446,1.51347,1.5136,1.57,1.65
2015.11.24 01:40:34.289,1.51347,1.5136,1.47,1.65
2015.11.24 01:40:36.196,1.51349,1.5136,1.00,1.65
2015.11.24 01:40:36.502,1.51351,1.51363,1.57,2.32
2015.11.24 01:40:37.033,1.51351,1.51363,1.65,1.57
2015.11.24 01:40:40.465,1.51351,1.51363,1.57,1.27
2015.11.24 01:40:42.107,1.5135,1.51363,1.65,3.15
2015.11.24 01:40:42.784,1.5135,1.5136,1.00,1.00
2015.11.24 01:40:43.449,1.51349,1.5136,1.50,1.07
2015.11.24 01:40:45.177,1.51349,1.51361,1.50,1.65
2015.11.24 01:40:45.685,1.51349,1.5136,1.00,1.65
2015.11.24 01:40:49.844,1.51346,1.51358,4.65,1.50
2015.11.24 01:40:49.895,1.51346,1.51358,1.27,1.87
2015.11.24 01:40:49.997,1.51344,1.51355,1.95,1.00
2015.11.24 01:40:50.048,1.51344,1.51355,1.27,1.00
2015.11.24 01:40:50.556,1.51344,1.51357,1.12,1.57
2015.11.24 01:40:50.607,1.51344,1.51357,1.37,1.20
2015.11.24 01:40:51.247,1.51346,1.51357,1.10,1.20
2015.11.24 01:40:53.034,1.51346,1.51358,1.57,1.57
2015.11.24 01:40:53.238,1.51348,1.5136,1.10,2.70
2015.11.24 01:40:53.747,1.51348,1.5136,1.17,2.62
2015.11.24 01:40:55.735,1.51348,1.5136,1.00,2.40
2015.11.24 01:40:57.620,1.51348,1.5136,1.00,2.70
2015.11.24 01:41:01.989,1.51348,1.5136,1.37,2.32
2015.11.24 01:41:02.533,1.51348,1.5136,1.37,2.02
2015.11.24 01:41:04.152,1.51348,1.5136,1.12,2.02
2015.11.24 01:41:07.062,1.51348,1.51359,1.65,1.00
2015.11.24 01:41:08.245,1.51348,1.51359,1.65,1.00
2015.11.24 01:41:08.830,1.51348,1.5136,2.02,1.20
2015.11.24 01:41:12.113,1.51348,1.51361,1.65,1.27
2015.11.24 01:41:17.396,1.5135,1.51361,1.12,1.27
2015.11.24 01:41:17.663,1.51353,1.51362,1.37,1.47
2015.11.24 01:41:17.768,1.51357,1.51367,1.00,1.10
2015.11.24 01:41:17.971,1.51357,1.51371,1.95,2.32
2015.11.24 01:41:18.125,1.51357,1.51365,2.02,1.00
2015.11.24 01:41:18.532,1.51353,1.51364,3.90,1.50
2015.11.24 01:41:19.066,1.51352,1.51359,4.95,1.10
2015.11.24 01:41:19.119,1.51349,1.51359,1.50,1.57
2015.11.24 01:41:19.171,1.51349,1.51358,1.50,1.17
2015.11.24 01:41:19.426,1.51352,1.5136,1.00,1.65
2015.11.24 01:41:19.941,1.51352,1.5136,1.00,1.00
2015.11.24 01:41:21.505,1.51351,1.5136,1.00,1.00
2015.11.24 01:41:22.066,1.5135,1.51358,1.50,1.50
2015.11.24 01:41:22.444,1.5135,1.51359,4.50,1.00
2015.11.24 01:41:22.495,1.5135,1.51361,4.57,1.10
2015.11.24 01:41:23.153,1.5135,1.51362,4.65,1.65
2015.11.24 01:41:23.255,1.51351,1.5136,1.12,1.00
2015.11.24 01:41:23.729,1.51351,1.51358,1.12,1.00
2015.11.24 01:41:26.007,1.51348,1.51357,3.37,1.00
2015.11.24 01:41:26.058,1.51347,1.51357,1.57,1.00
2015.11.24 01:41:26.584,1.51345,1.51356,1.27,1.00
2015.11.24 01:41:26.787,1.51345,1.51354,1.27,1.00
2015.11.24 01:41:30.599,1.51344,1.51352,3.37,1.00
2015.11.24 01:41:30.702,1.51343,1.51354,1.50,1.10
2015.11.24 01:41:31.840,1.51343,1.51352,1.50,1.00
2015.11.24 01:41:33.275,1.51343,1.51352,1.50,1.00
2015.11.24 01:41:34.137,1.51343,1.51351,1.50,1.00
2015.11.24 01:41:34.503,1.51343,1.51351,1.75,1.00
2015.11.24 01:41:37.967,1.51342,1.51352,4.57,1.00
2015.11.24 01:41:39.410,1.51342,1.51355,4.57,2.40
2015.11.24 01:41:39.768,1.51342,1.51352,3.75,1.00
2015.11.24 01:41:39.820,1.51342,1.51352,1.00,1.00
2015.11.24 01:41:40.479,1.51342,1.51351,1.00,1.00
2015.11.24 01:41:45.428,1.51341,1.51351,1.75,1.00
2015.11.24 01:41:45.810,1.51344,1.51353,1.00,1.00
2015.11.24 01:41:47.866,1.51344,1.51354,1.00,1.00
2015.11.24 01:41:50.983,1.51343,1.51354,1.27,1.50
2015.11.24 01:41:51.338,1.51343,1.51353,1.85,1.00
2015.11.24 01:41:51.491,1.51344,1.51355,1.50,1.57
2015.11.24 01:41:52.261,1.51344,1.51354,1.57,1.00
2015.11.24 01:41:53.594,1.51344,1.51353,1.37,1.00
2015.11.24 01:41:53.848,1.51343,1.51353,1.00,1.00
2015.11.24 01:41:53.950,1.51343,1.5135,1.00,1.00
2015.11.24 01:41:54.052,1.51343,1.51353,1.00,1.00
2015.11.24 01:41:54.154,1.51343,1.51353,1.75,1.00
2015.11.24 01:41:54.559,1.51343,1.51353,1.12,1.00
2015.11.24 01:41:54.888,1.51343,1.51353,1.37,1.00
2015.11.24 01:41:57.570,1.51349,1.51355,1.00,1.65
2015.11.24 01:41:57.876,1.51351,1.5136,1.12,1.87
2015.11.24 01:41:58.029,1.51351,1.5136,1.12,1.57
2015.11.24 01:41:59.809,1.51351,1.5136,1.12,1.10
2015.11.24 01:42:00.310,1.51351,1.5136,1.12,1.17
2015.11.24 01:42:01.428,1.51351,1.51361,1.12,1.65
2015.11.24 01:42:02.807,1.51351,1.51361,1.12,1.65
2015.11.24 01:42:03.780,1.51351,1.51361,1.50,1.50
2015.11.24 01:42:05.786,1.51351,1.51361,1.12,1.50
2015.11.24 01:42:09.651,1.51351,1.5136,1.12,1.00
2015.11.24 01:42:10.661,1.51351,1.5136,1.20,1.00
2015.11.24 01:42:11.022,1.51352,1.51362,3.52,1.37
2015.11.24 01:42:11.074,1.51355,1.51365,1.20,1.87
2015.11.24 01:42:11.277,1.51354,1.51365,4.95,1.37
2015.11.24 01:42:11.532,1.51355,1.51366,1.95,2.62
2015.11.24 01:42:11.633,1.51361,1.51366,1.00,1.12
2015.11.24 01:42:11.735,1.51361,1.51371,1.12,1.12
2015.11.24 01:42:11.837,1.51361,1.51372,1.50,1.20
2015.11.24 01:42:11.888,1.51361,1.51373,1.57,2.77
2015.11.24 01:42:12.399,1.51361,1.51371,1.65,1.00
2015.11.24 01:42:12.653,1.51361,1.51369,1.12,1.00
2015.11.24 01:42:13.513,1.51361,1.51369,1.12,1.07
2015.11.24 01:42:14.739,1.51361,1.51369,1.12,1.20
2015.11.24 01:42:19.856,1.5136,1.51371,1.50,1.57
2015.11.24 01:42:20.624,1.5136,1.51371,1.50,1.57
2015.11.24 01:42:21.166,1.5136,1.51371,1.50,1.57
2015.11.24 01:42:27.540,1.5136,1.51371,1.57,1.57
2015.11.24 01:42:28.245,1.5136,1.51371,1.57,1.57
2015.11.24 01:42:28.907,1.5136,1.51371,1.87,1.57
2015.11.24 01:42:30.260,1.5136,1.51371,2.25,1.65
2015.11.24 01:42:33.695,1.51365,1.51372,1.37,1.50
2015.11.24 01:42:33.747,1.51366,1.51375,2.70,1.12
2015.11.24 01:42:33.799,1.51368,1.51378,1.50,2.32
2015.11.24 01:42:33.850,1.51368,1.51378,1.12,1.12
2015.11.24 01:42:34.002,1.51367,1.51378,2.25,1.50
2015.11.24 01:42:34.611,1.51365,1.51374,5.32,1.00
2015.11.24 01:42:34.662,1.51366,1.51374,1.10,1.00
2015.11.24 01:42:35.325,1.51362,1.51372,1.00,1.12
2015.11.24 01:42:35.883,1.51362,1.51373,1.00,2.25
2015.11.24 01:42:36.712,1.51361,1.51372,1.00,1.75
2015.11.24 01:42:37.018,1.5136,1.5137,1.50,1.50
2015.11.24 01:42:38.760,1.51358,1.5137,1.00,3.37
2015.11.24 01:42:44.134,1.51358,1.51369,1.50,2.25
2015.11.24 01:42:46.982,1.51356,1.51366,1.12,1.10
2015.11.24 01:42:47.085,1.51353,1.51365,1.87,1.20
2015.11.24 01:42:47.187,1.51353,1.51364,1.20,1.50
2015.11.24 01:42:47.391,1.51356,1.51368,1.00,3.75
2015.11.24 01:42:47.544,1.51359,1.51367,1.00,1.45
2015.11.24 01:42:48.009,1.51362,1.51374,2.62,1.12
2015.11.24 01:42:48.518,1.51362,1.51375,1.95,2.25
2015.11.24 01:42:48.824,1.51364,1.51376,1.57,2.25
2015.11.24 01:42:48.875,1.51364,1.51376,1.85,1.87
2015.11.24 01:42:49.110,1.51364,1.51375,1.10,1.07
2015.11.24 01:42:49.162,1.51364,1.51376,1.57,1.87
2015.11.24 01:42:49.526,1.51362,1.51373,1.57,1.20
2015.11.24 01:42:49.628,1.5136,1.51373,2.62,1.95
2015.11.24 01:42:50.086,1.51361,1.51373,1.50,1.75
2015.11.24 01:42:50.189,1.51364,1.51374,1.00,1.12
2015.11.24 01:42:50.696,1.51363,1.51375,1.12,2.25
2015.11.24 01:42:51.134,1.51363,1.51376,6.00,1.75
2015.11.24 01:42:51.489,1.51364,1.51376,1.20,1.75
2015.11.24 01:42:51.999,1.51364,1.51377,1.57,2.62
2015.11.24 01:42:52.330,1.51364,1.51375,1.57,1.12
2015.11.24 01:42:52.585,1.51363,1.51377,6.00,2.62
2015.11.24 01:42:52.788,1.51364,1.51376,1.00,1.75
2015.11.24 01:42:57.481,1.51364,1.51376,2.02,1.12
2015.11.24 01:43:00.080,1.51364,1.51376,2.32,1.12
2015.11.24 01:43:00.639,1.51364,1.51376,2.32,1.07
2015.11.24 01:43:06.201,1.51365,1.51377,1.07,1.95
2015.11.24 01:43:06.720,1.51365,1.51377,1.57,1.95
2015.11.24 01:43:09.064,1.51365,1.51377,1.10,2.25
2015.11.24 01:43:10.167,1.51364,1.51376,1.57,1.12
2015.11.24 01:43:10.524,1.51364,1.51374,1.57,1.12
2015.11.24 01:43:10.626,1.51362,1.51375,5.25,1.50
2015.11.24 01:43:11.162,1.51364,1.51375,1.00,1.50
2015.11.24 01:43:11.828,1.51363,1.51375,1.10,1.50
2015.11.24 01:43:14.631,1.51362,1.51374,1.95,1.20
2015.11.24 01:43:15.139,1.51362,1.51374,4.65,1.75
2015.11.24 01:43:15.243,1.51362,1.51374,1.65,1.75
2015.11.24 01:43:18.894,1.51363,1.51375,1.45,1.82
2015.11.24 01:43:19.047,1.51367,1.51377,1.00,1.50
2015.11.24 01:43:19.460,1.5137,1.51378,2.62,1.00
2015.11.24 01:43:19.867,1.5137,1.51383,3.07,4.50
2015.11.24 01:43:20.071,1.51371,1.51382,1.10,2.25
2015.11.24 01:43:21.010,1.51369,1.5138,1.00,1.75
2015.11.24 01:43:21.524,1.51368,1.51378,1.12,2.25
2015.11.24 01:43:22.082,1.51367,1.51378,1.07,2.32
2015.11.24 01:43:22.613,1.51366,1.51377,1.20,1.10
2015.11.24 01:43:24.822,1.51365,1.51377,1.87,2.25
2015.11.24 01:43:25.126,1.5136,1.51372,6.75,1.12
2015.11.24 01:43:25.228,1.51363,1.51375,1.07,5.62
2015.11.24 01:43:25.386,1.51363,1.51374,1.45,1.75
2015.11.24 01:43:25.669,1.51363,1.51374,1.82,1.45
2015.11.24 01:43:30.292,1.51364,1.51375,1.12,1.45
2015.11.24 01:43:51.552,1.51362,1.51368,1.00,1.10
2015.11.24 01:43:51.603,1.51358,1.51368,1.20,1.10
2015.11.24 01:44:00.902,1.51359,1.51369,1.12,1.57
2015.11.24 01:44:12.008,1.51358,1.51369,1.75,1.00
2015.11.24 01:44:12.569,1.51358,1.51371,2.62,1.82
2015.11.24 01:44:12.671,1.51363,1.51372,1.75,1.87
2015.11.24 01:44:12.875,1.51364,1.51375,1.12,1.10
2015.11.24 01:44:13.507,1.51365,1.51375,1.45,1.10
2015.11.24 01:44:20.897,1.51364,1.51375,1.50,1.95
2015.11.24 01:44:21.977,1.51364,1.51372,1.50,1.00
2015.11.24 01:44:22.373,1.51359,1.51369,1.07,1.12
2015.11.24 01:44:22.883,1.51357,1.51369,2.62,2.70
2015.11.24 01:44:30.461,1.51357,1.51368,1.10,1.95
2015.11.24 01:44:38.810,1.51359,1.51368,1.00,2.32
2015.11.24 01:44:39.211,1.51359,1.51368,4.87,1.00
2015.11.24 01:44:39.718,1.51359,1.5137,3.90,1.50
2015.11.24 01:45:00.614,1.51361,1.51371,3.82,1.50
2015.11.24 01:45:00.766,1.51364,1.51375,1.12,1.37
2015.11.24 01:45:00.868,1.51365,1.51377,1.07,1.95
2015.11.24 01:45:00.919,1.51365,1.51377,4.20,1.57
2015.11.24 01:45:01.438,1.51365,1.51376,3.82,1.57
2015.11.24 01:45:03.934,1.51366,1.51376,1.20,1.50
2015.11.24 01:45:05.407,1.51366,1.51376,1.20,1.10
2015.11.24 01:45:05.917,1.51366,1.51376,1.20,1.10
2015.11.24 01:45:09.010,1.51367,1.51376,1.87,1.50
2015.11.24 01:45:09.881,1.51368,1.51376,1.50,1.50
2015.11.24 01:45:10.086,1.51368,1.51376,1.45,1.50
2015.11.24 01:45:10.239,1.51368,1.51376,1.50,1.50
2015.11.24 01:45:10.344,1.51368,1.51376,1.07,1.50
2015.11.24 01:45:10.860,1.51368,1.51376,1.12,1.00
2015.11.24 01:45:11.367,1.51368,1.51376,1.07,1.00
2015.11.24 01:45:12.751,1.51367,1.51376,1.82,1.00
2015.11.24 01:45:13.267,1.51368,1.51376,1.45,1.00
2015.11.24 01:45:19.239,1.51368,1.51377,1.07,1.12
2015.11.24 01:45:19.781,1.51368,1.51377,1.07,1.37
2015.11.24 01:45:20.382,1.51368,1.51377,1.07,1.12
2015.11.24 01:45:20.434,1.51368,1.51377,1.75,1.12
2015.11.24 01:45:21.045,1.51368,1.51378,1.87,1.00
2015.11.24 01:45:21.248,1.51369,1.5138,1.20,1.20
2015.11.24 01:45:22.024,1.51371,1.51381,2.25,1.00
2015.11.24 01:45:22.228,1.51371,1.51381,1.20,1.20
2015.11.24 01:45:22.863,1.51369,1.51381,2.32,1.20
2015.11.24 01:45:27.055,1.5137,1.51382,1.47,1.87
2015.11.24 01:45:27.258,1.5137,1.51377,1.12,1.00
2015.11.24 01:45:27.411,1.51369,1.51377,1.07,1.50
2015.11.24 01:45:28.056,1.51368,1.51377,1.07,1.50
2015.11.24 01:45:31.559,1.51366,1.51377,2.25,1.12
2015.11.24 01:45:33.732,1.51368,1.51377,1.47,1.12
2015.11.24 01:45:34.038,1.5137,1.51377,1.12,1.12
2015.11.24 01:45:35.387,1.5137,1.51377,1.12,1.37
2015.11.24 01:45:35.641,1.51368,1.51377,1.12,1.12
2015.11.24 01:45:36.209,1.51367,1.51377,1.47,1.12
2015.11.24 01:45:36.744,1.51367,1.51377,1.50,1.00
2015.11.24 01:45:37.403,1.51368,1.51377,1.12,1.00
2015.11.24 01:45:38.148,1.51367,1.51377,1.12,1.00
2015.11.24 01:45:38.655,1.51367,1.51378,1.50,1.47
2015.11.24 01:45:40.404,1.51366,1.51378,1.75,1.57
2015.11.24 01:45:41.296,1.51367,1.51378,1.50,2.25
2015.11.24 01:45:41.811,1.51368,1.51378,1.07,2.32
2015.11.24 01:45:42.219,1.51366,1.51378,1.07,2.32
2015.11.24 01:45:44.406,1.51365,1.51378,1.45,3.00
2015.11.24 01:45:44.919,1.51364,1.51376,2.62,1.45
2015.11.24 01:46:00.634,1.51364,1.51377,1.82,2.62
2015.11.24 01:46:01.992,1.51365,1.51377,1.07,2.70
2015.11.24 01:46:02.500,1.51365,1.51377,1.12,1.95
2015.11.24 01:46:05.420,1.51366,1.51376,1.12,1.20
2015.11.24 01:46:05.624,1.51368,1.51379,1.45,1.87
2015.11.24 01:46:05.675,1.51368,1.51379,1.50,1.87
2015.11.24 01:46:05.979,1.51367,1.51378,1.87,1.20
2015.11.24 01:46:06.495,1.51368,1.51378,1.07,1.00
2015.11.24 01:46:07.205,1.51367,1.51378,1.45,1.10
2015.11.24 01:46:14.148,1.51368,1.51378,1.07,1.00
2015.11.24 01:46:18.077,1.51368,1.51379,1.07,1.10
2015.11.24 01:46:18.383,1.51368,1.51381,5.25,1.95
2015.11.24 01:46:18.536,1.51371,1.51381,1.07,1.20
2015.11.24 01:46:19.615,1.51372,1.51383,2.25,1.20
2015.11.24 01:46:19.666,1.51372,1.51383,5.62,1.20
2015.11.24 01:46:19.971,1.51374,1.51386,1.50,1.57
2015.11.24 01:46:20.613,1.51373,1.51386,1.87,2.70
2015.11.24 01:46:20.813,1.51372,1.51385,2.32,1.12
2015.11.24 01:46:20.965,1.51372,1.51386,5.32,3.37
2015.11.24 01:46:21.269,1.51375,1.51386,1.12,2.62
2015.11.24 01:46:22.745,1.51375,1.51386,1.12,1.57
2015.11.24 01:46:23.099,1.51374,1.51385,1.85,1.12
2015.11.24 01:46:30.827,1.51374,1.51385,1.57,1.00
2015.11.24 01:46:38.291,1.51376,1.51385,3.37,1.50
2015.11.24 01:46:38.445,1.51372,1.51385,2.70,6.00
2015.11.24 01:46:38.953,1.51371,1.51382,3.07,1.50
2015.11.24 01:46:39.216,1.51371,1.51382,2.32,1.87
2015.11.24 01:46:44.918,1.51369,1.51382,3.07,1.87
2015.11.24 01:46:45.121,1.51369,1.51379,1.87,1.00
2015.11.24 01:46:50.271,1.51369,1.51381,1.47,1.95
2015.11.24 01:46:57.602,1.51371,1.51382,1.65,1.37
2015.11.24 01:46:59.727,1.51369,1.5138,2.40,1.00
2015.11.24 01:47:00.241,1.51369,1.51381,2.02,1.12
2015.11.24 01:47:00.750,1.51369,1.51381,2.02,1.00
2015.11.24 01:47:01.396,1.51369,1.51381,1.95,1.20
2015.11.24 01:47:02.591,1.51369,1.51381,1.95,1.57
2015.11.24 01:47:04.567,1.51369,1.51381,1.57,1.20
2015.11.24 01:47:06.407,1.5137,1.51381,1.00,1.50
2015.11.24 01:47:10.363,1.51369,1.51378,1.12,1.20
2015.11.24 01:47:10.885,1.51367,1.51378,1.50,1.17
2015.11.24 01:47:11.397,1.51367,1.51378,1.12,1.15
2015.11.24 01:47:17.411,1.51367,1.51378,1.50,1.15
2015.11.24 01:47:19.704,1.51367,1.51378,1.12,1.15
2015.11.24 01:47:20.648,1.51367,1.51378,1.37,1.15
2015.11.24 01:47:23.914,1.5137,1.51378,1.00,1.07
2015.11.24 01:47:24.168,1.5137,1.51382,1.50,1.17
2015.11.24 01:47:24.574,1.5137,1.51384,3.52,2.40
2015.11.24 01:47:25.181,1.5137,1.51384,3.45,2.70
2015.11.24 01:47:25.690,1.5137,1.51384,3.52,2.40
2015.11.24 01:47:27.288,1.5137,1.51383,3.52,1.10
2015.11.24 01:47:28.647,1.5137,1.51384,3.52,2.77
2015.11.24 01:47:29.526,1.51371,1.51384,1.57,1.65
2015.11.24 01:47:29.627,1.51371,1.51384,1.12,2.25
2015.11.24 01:47:29.679,1.5137,1.51379,2.02,1.00
2015.11.24 01:47:29.781,1.5137,1.51381,1.87,1.10
2015.11.24 01:47:30.310,1.51372,1.51384,1.12,4.12
2015.11.24 01:47:30.411,1.51372,1.51384,1.20,3.45
2015.11.24 01:47:37.983,1.51372,1.51383,1.57,1.00
2015.11.24 01:47:41.218,1.51373,1.51383,1.57,1.00
2015.11.24 01:47:41.880,1.51373,1.51383,1.27,1.00
2015.11.24 01:47:49.092,1.51373,1.51384,1.65,1.12
2015.11.24 01:47:49.609,1.51373,1.51384,1.65,1.00
2015.11.24 01:47:50.645,1.51373,1.51384,1.65,1.00
2015.11.24 01:47:51.152,1.51373,1.51384,1.65,1.12
2015.11.24 01:47:51.667,1.51376,1.51384,1.00,1.12
2015.11.24 01:47:52.210,1.51381,1.51385,1.95,1.12
2015.11.24 01:47:52.262,1.51384,1.51394,1.00,2.77
2015.11.24 01:47:58.844,1.51381,1.51391,4.65,1.00
2015.11.24 01:47:59.132,1.51379,1.51389,1.95,1.00
2015.11.24 01:47:59.651,1.5138,1.5139,1.12,1.00
2015.11.24 01:48:00.108,1.5138,1.51387,1.12,1.00
2015.11.24 01:48:01.314,1.5138,1.51388,1.12,1.00
2015.11.24 01:48:01.854,1.5138,1.51389,1.12,1.00
2015.11.24 01:48:02.545,1.5138,1.5139,1.12,1.20
2015.11.24 01:48:02.851,1.51381,1.51393,1.57,1.95
2015.11.24 01:48:02.953,1.51383,1.51394,1.00,1.55
2015.11.24 01:48:03.055,1.51382,1.51391,1.45,1.00
2015.11.24 01:48:03.157,1.51381,1.51393,1.95,1.95
2015.11.24 01:48:03.361,1.51381,1.51391,1.95,1.00
2015.11.24 01:48:05.588,1.51381,1.51393,2.02,2.40
2015.11.24 01:48:06.943,1.51381,1.51393,1.65,2.40
2015.11.24 01:48:07.475,1.51381,1.51393,2.02,2.77
2015.11.24 01:48:09.004,1.51381,1.51393,2.02,3.52
2015.11.24 01:48:10.485,1.51381,1.51393,2.02,3.82
2015.11.24 01:48:10.945,1.51383,1.51393,1.00,1.27
2015.11.24 01:48:11.456,1.51384,1.51394,1.12,1.57
2015.11.24 01:48:12.368,1.51383,1.51393,1.37,1.00
2015.11.24 01:48:12.420,1.51383,1.5139,1.37,1.00
2015.11.24 01:48:12.675,1.51375,1.51386,1.57,1.12
2015.11.24 01:48:12.981,1.51376,1.51389,4.50,3.75
2015.11.24 01:48:13.513,1.51377,1.51388,4.20,1.07
2015.11.24 01:48:15.408,1.51379,1.51391,1.75,2.62
2015.11.24 01:48:15.560,1.51381,1.51391,1.00,2.02
2015.11.24 01:48:16.444,1.5138,1.51392,4.12,1.95
2015.11.24 01:48:24.307,1.51381,1.5139,1.37,1.37
2015.11.24 01:48:24.925,1.5138,1.51389,4.12,1.17
2015.11.24 01:48:25.509,1.51383,1.51393,1.50,1.57
2015.11.24 01:48:25.560,1.51383,1.51393,1.87,1.17
2015.11.24 01:48:25.714,1.51385,1.51394,1.00,1.10
2015.11.24 01:48:27.499,1.51385,1.51393,1.00,1.00
2015.11.24 01:48:27.803,1.51382,1.51392,1.10,1.20
2015.11.24 01:48:31.150,1.51382,1.51391,1.00,1.00
2015.11.24 01:48:31.303,1.51379,1.51391,1.95,1.87
2015.11.24 01:48:35.069,1.51382,1.51391,1.00,2.70
2015.11.24 01:48:35.171,1.51382,1.51391,1.47,1.07
2015.11.24 01:48:35.273,1.51384,1.51394,1.12,1.10
2015.11.24 01:48:35.780,1.51385,1.51395,1.00,1.27
2015.11.24 01:48:36.186,1.51385,1.51392,1.00,1.00
2015.11.24 01:48:36.502,1.51382,1.51392,1.37,1.00
2015.11.24 01:48:36.655,1.51381,1.5139,1.20,1.00
2015.11.24 01:48:37.161,1.5138,1.5139,1.50,1.00
2015.11.24 01:48:38.249,1.5138,1.51389,1.50,1.00
2015.11.24 01:48:38.757,1.5138,1.51389,1.00,1.15
2015.11.24 01:48:39.761,1.5138,1.51387,1.00,1.20
2015.11.24 01:48:41.729,1.5138,1.51389,1.12,1.17
2015.11.24 01:48:50.662,1.51381,1.51391,1.12,1.45
2015.11.24 01:48:50.816,1.51381,1.51392,1.50,2.32
2015.11.24 01:48:51.340,1.51381,1.51392,1.50,2.02
2015.11.24 01:48:53.487,1.5138,1.51389,1.87,1.00
2015.11.24 01:48:53.994,1.5138,1.51391,1.87,1.27
2015.11.24 01:48:54.298,1.5138,1.51391,1.87,1.87
2015.11.24 01:48:55.611,1.5138,1.51389,1.87,1.20
2015.11.24 01:48:59.614,1.51381,1.51391,4.50,1.12
2015.11.24 01:48:59.818,1.51383,1.51393,3.75,1.95
2015.11.24 01:49:00.344,1.51383,1.51393,3.75,1.65
2015.11.24 01:49:02.555,1.51386,1.51394,1.50,1.20
2015.11.24 01:49:02.606,1.51386,1.51395,4.50,1.50
2015.11.24 01:49:02.759,1.51388,1.51395,3.75,1.10
2015.11.24 01:49:03.927,1.51386,1.51395,3.75,1.10
2015.11.24 01:49:04.079,1.51386,1.51395,3.75,1.87
2015.11.24 01:49:05.050,1.51389,1.51396,1.00,2.62
2015.11.24 01:49:05.107,1.51389,1.51396,1.00,2.02
2015.11.24 01:49:06.101,1.51389,1.51393,1.00,1.00
2015.11.24 01:49:06.253,1.51384,1.51393,1.87,1.00
2015.11.24 01:49:07.021,1.51384,1.51393,1.50,1.17
2015.11.24 01:49:09.302,1.51384,1.51393,1.50,1.20
2015.11.24 01:49:09.455,1.51385,1.51395,4.87,2.62
2015.11.24 01:49:10.126,1.51384,1.51395,4.12,3.07
2015.11.24 01:49:10.177,1.51385,1.51395,1.00,3.07
2015.11.24 01:49:10.851,1.51384,1.51392,1.37,1.00
2015.11.24 01:49:11.388,1.51383,1.51392,1.75,1.17
2015.11.24 01:49:13.363,1.51382,1.5139,4.12,1.00
2015.11.24 01:49:13.768,1.51381,1.51391,1.87,1.15
2015.11.24 01:49:14.438,1.51381,1.51391,1.87,1.00
2015.11.24 01:49:15.051,1.51382,1.51391,1.87,1.00
2015.11.24 01:49:15.102,1.51383,1.51391,4.50,1.00
2015.11.24 01:49:15.204,1.51387,1.51397,1.00,3.07
2015.11.24 01:49:15.357,1.51386,1.51397,3.75,2.77
2015.11.24 01:49:16.143,1.51386,1.51395,3.75,1.57
2015.11.24 01:49:16.662,1.51385,1.51395,3.82,1.57
2015.11.24 01:49:17.169,1.51385,1.51395,3.75,1.95
2015.11.24 01:49:18.788,1.51383,1.51395,1.95,3.07
2015.11.24 01:49:18.890,1.51381,1.51391,3.82,1.00
2015.11.24 01:49:19.219,1.5138,1.51391,1.50,2.25
2015.11.24 01:49:25.373,1.51385,1.51392,4.50,1.00
2015.11.24 01:49:25.425,1.51385,1.51396,4.50,1.52
2015.11.24 01:49:25.944,1.51386,1.51397,1.12,2.62
2015.11.24 01:49:34.060,1.51387,1.51397,1.75,1.45
2015.11.24 01:49:34.111,1.51388,1.51398,3.75,1.87
2015.11.24 01:49:34.753,1.51389,1.51397,1.00,1.12
2015.11.24 01:49:34.804,1.51389,1.514,1.87,1.20
2015.11.24 01:49:35.008,1.51389,1.514,1.12,2.62
2015.11.24 01:49:35.477,1.51388,1.51398,1.87,1.57
2015.11.24 01:49:36.446,1.51388,1.51398,1.00,2.32
2015.11.24 01:49:38.601,1.51387,1.51397,1.00,1.17
2015.11.24 01:49:39.109,1.51388,1.51397,1.00,1.17
2015.11.24 01:49:39.210,1.51388,1.51394,1.00,1.00
2015.11.24 01:49:39.557,1.51383,1.51391,1.37,1.00
2015.11.24 01:49:40.070,1.51383,1.51392,1.37,1.57
2015.11.24 01:49:40.374,1.51383,1.51392,1.00,1.57
2015.11.24 01:49:40.894,1.51382,1.51392,1.12,1.57
2015.11.24 01:49:42.804,1.51382,1.51392,1.12,1.95
2015.11.24 01:49:49.234,1.51382,1.51392,1.37,1.57
2015.11.24 01:49:49.964,1.51382,1.51392,1.12,1.57
2015.11.24 01:49:52.149,1.51382,1.51391,1.00,1.27
2015.11.24 01:49:52.817,1.51381,1.5139,1.37,1.00
2015.11.24 01:49:53.401,1.51382,1.5139,1.12,1.17
2015.11.24 01:49:54.330,1.51381,1.5139,1.87,1.27
2015.11.24 01:50:04.248,1.51381,1.51392,1.00,2.70
2015.11.24 01:50:04.758,1.5138,1.51392,1.50,2.02
2015.11.24 01:50:05.266,1.5138,1.51392,1.50,2.32
2015.11.24 01:50:09.552,1.5138,1.51391,1.37,1.50
2015.11.24 01:50:17.898,1.51379,1.51391,1.50,2.70
2015.11.24 01:50:18.110,1.51379,1.51389,1.50,1.20
2015.11.24 01:50:18.991,1.51379,1.51389,1.50,1.20
2015.11.24 01:50:20.269,1.51379,1.5139,1.50,1.57
2015.11.24 01:50:20.776,1.51379,1.5139,1.50,1.57
2015.11.24 01:50:24.698,1.51379,1.5139,1.50,1.57
2015.11.24 01:50:25.719,1.51379,1.51391,1.57,2.32
2015.11.24 01:50:30.771,1.51378,1.5139,1.95,1.20
2015.11.24 01:50:32.646,1.51378,1.5139,1.95,1.47
2015.11.24 01:50:36.755,1.51382,1.51393,1.95,1.95
2015.11.24 01:50:37.163,1.5138,1.51391,1.45,1.57
2015.11.24 01:50:45.192,1.51379,1.5139,1.47,1.57
2015.11.24 01:50:46.088,1.51379,1.5139,1.50,2.25
2015.11.24 01:50:48.142,1.5138,1.5139,1.00,2.70
2015.11.24 01:50:52.084,1.5138,1.5139,1.20,1.65
2015.11.24 01:50:54.315,1.51381,1.5139,1.12,1.12
2015.11.24 01:50:56.323,1.51381,1.51392,2.25,1.57
2015.11.24 01:50:56.630,1.51384,1.51392,1.12,1.00
2015.11.24 01:50:57.138,1.51383,1.51392,1.75,1.00
2015.11.24 01:51:02.558,1.51383,1.51392,1.12,1.00
2015.11.24 01:51:03.648,1.51383,1.51393,1.50,1.50
2015.11.24 01:51:06.632,1.51383,1.51393,1.87,1.87
2015.11.24 01:51:07.280,1.51385,1.51393,1.12,1.87
2015.11.24 01:51:08.829,1.51385,1.51392,1.12,1.00
2015.11.24 01:51:09.350,1.51386,1.51393,1.12,1.00
2015.11.24 01:51:15.314,1.51385,1.51393,1.12,1.50
2015.11.24 01:51:23.586,1.51383,1.51393,1.75,2.62
2015.11.24 01:51:31.866,1.51383,1.51393,1.12,2.62
2015.11.24 01:51:36.169,1.51383,1.51392,1.12,1.00
2015.11.24 01:51:36.373,1.51382,1.51392,1.57,1.00
2015.11.24 01:51:47.772,1.51383,1.51392,1.95,1.12
2015.11.24 01:51:47.823,1.51383,1.51392,2.62,1.12
2015.11.24 01:51:48.778,1.51383,1.51392,2.25,1.20
2015.11.24 01:51:54.588,1.51382,1.51391,1.57,1.10
2015.11.24 01:51:55.892,1.51382,1.51392,1.20,1.20
2015.11.24 01:51:57.996,1.51382,1.51392,1.20,1.45
2015.11.24 01:51:58.589,1.51382,1.51392,1.57,1.45
2015.11.24 01:52:00.601,1.51382,1.51392,1.20,1.45
2015.11.24 01:52:02.512,1.51382,1.51393,1.20,2.62
2015.11.24 01:52:03.435,1.5138,1.51391,1.95,2.32
2015.11.24 01:52:03.957,1.5138,1.51391,1.95,3.07
2015.11.24 01:52:04.465,1.5138,1.51391,1.95,3.07
2015.11.24 01:52:05.292,1.51381,1.51391,1.07,1.87
2015.11.24 01:52:06.166,1.51381,1.51391,1.07,1.87
2015.11.24 01:52:07.287,1.5138,1.51391,2.25,2.02
2015.11.24 01:52:11.940,1.5138,1.51391,2.25,2.02
2015.11.24 01:52:15.943,1.5138,1.51389,1.50,1.20
2015.11.24 01:52:17.885,1.51379,1.51388,1.57,1.10
2015.11.24 01:52:18.400,1.51379,1.51387,1.00,1.10
2015.11.24 01:52:18.704,1.51378,1.51389,4.57,1.87
2015.11.24 01:52:19.659,1.51378,1.5139,4.95,1.57
2015.11.24 01:52:23.265,1.51378,1.5139,4.65,2.25
2015.11.24 01:52:24.862,1.5138,1.51389,1.00,1.75
2015.11.24 01:52:26.874,1.5138,1.5139,1.00,2.25
2015.11.24 01:52:28.934,1.5138,1.5139,1.00,1.57
2015.11.24 01:52:29.861,1.5138,1.51391,1.12,1.65
2015.11.24 01:52:30.879,1.5138,1.51391,1.00,1.65
2015.11.24 01:52:33.301,1.51382,1.51391,1.00,1.65
2015.11.24 01:52:33.811,1.51381,1.51394,1.57,3.82
2015.11.24 01:52:34.382,1.51381,1.51393,1.57,1.07
2015.11.24 01:52:35.857,1.51382,1.51393,1.07,1.00
2015.11.24 01:52:49.233,1.51383,1.51393,1.57,1.50
2015.11.24 01:52:55.364,1.51382,1.51393,1.57,1.50
2015.11.24 01:52:55.932,1.51382,1.51393,1.57,1.50
2015.11.24 01:52:56.439,1.51382,1.51393,1.57,1.12
2015.11.24 01:52:56.984,1.51382,1.51393,1.47,1.12
2015.11.24 01:52:57.492,1.51382,1.51393,1.47,1.50
2015.11.24 01:53:04.566,1.51382,1.51392,1.10,1.12
2015.11.24 01:53:13.183,1.51382,1.51392,1.95,1.12
2015.11.24 01:53:14.168,1.51382,1.51392,1.95,1.37
