2013.10.10 05:00:01.951,1.59171,1.59179,1.50,3.75
2013.10.10 05:00:02.011,1.59171,1.59177,1.50,1.00
2013.10.10 05:00:02.189,1.59169,1.59176,1.00,1.00
2013.10.10 05:00:02.249,1.59166,1.59176,1.50,3.75
2013.10.10 05:00:02.789,1.59166,1.59175,1.00,1.00
2013.10.10 05:00:03.359,1.59165,1.59175,1.50,1.00
2013.10.10 05:00:06.469,1.59165,1.59173,1.00,4.50
2013.10.10 05:00:07.060,1.59158,1.59171,1.00,4.50
2013.10.10 05:00:07.379,1.59161,1.59168,1.00,3.75
2013.10.10 05:00:07.929,1.5916,1.59168,1.00,3.75
2013.10.10 05:00:08.469,1.5916,1.59166,1.00,3.75
2013.10.10 05:00:08.773,1.59156,1.59166,1.13,1.00
2013.10.10 05:00:08.840,1.59156,1.59164,1.13,1.50
2013.10.10 05:00:09.199,1.59145,1.59159,1.00,4.50
2013.10.10 05:00:09.259,1.59145,1.59155,1.50,3.75
2013.10.10 05:00:09.679,1.59145,1.59153,1.00,3.75
2013.10.10 05:00:09.740,1.5914,1.59153,1.00,3.75
2013.10.10 05:00:10.100,1.59144,1.59151,1.00,1.00
2013.10.10 05:00:10.685,1.59144,1.5915,1.00,1.00
2013.10.10 05:00:12.009,1.5914,1.5915,1.00,1.00
2013.10.10 05:00:12.682,1.5914,1.59149,1.00,3.75
2013.10.10 05:00:13.229,1.59139,1.59151,1.38,5.25
2013.10.10 05:00:13.409,1.59144,1.59151,1.00,4.50
2013.10.10 05:00:13.948,1.59144,1.59152,1.00,1.50
2013.10.10 05:00:18.208,1.59144,1.59153,1.00,1.00
2013.10.10 05:00:19.239,1.59144,1.59154,1.50,9.00
2013.10.10 05:00:21.042,1.59144,1.59152,1.50,1.00
2013.10.10 05:00:22.209,1.59144,1.5915,1.00,1.00
2013.10.10 05:00:22.629,1.59144,1.59152,1.50,1.00
2013.10.10 05:00:24.339,1.59144,1.59154,1.50,1.00
2013.10.10 05:00:24.849,1.59144,1.59155,1.50,1.50
2013.10.10 05:00:25.342,1.59144,1.5915,1.00,1.00
2013.10.10 05:00:25.481,1.59144,1.59154,1.50,3.75
2013.10.10 05:00:27.089,1.59144,1.59155,1.50,4.50
2013.10.10 05:00:27.331,1.59144,1.59151,1.50,1.00
2013.10.10 05:00:27.643,1.59141,1.59147,1.00,4.50
2013.10.10 05:00:27.770,1.5914,1.59149,1.00,7.50
2013.10.10 05:00:28.129,1.59144,1.59149,1.00,1.00
2013.10.10 05:00:28.491,1.59144,1.59151,1.00,4.50
2013.10.10 05:00:29.459,1.59144,1.59153,1.00,1.50
2013.10.10 05:00:31.880,1.59141,1.59146,1.00,1.00
2013.10.10 05:00:32.121,1.5914,1.59148,1.00,3.75
2013.10.10 05:00:32.239,1.59143,1.59148,1.00,1.00
2013.10.10 05:00:32.419,1.59146,1.59152,1.00,1.00
2013.10.10 05:00:32.599,1.59144,1.59152,1.00,1.00
2013.10.10 05:00:33.379,1.59144,1.59153,1.00,1.00
2013.10.10 05:00:33.919,1.59144,1.59154,1.00,1.50
2013.10.10 05:00:42.689,1.59149,1.59154,1.00,1.50
2013.10.10 05:00:42.939,1.59144,1.59154,1.00,1.50
2013.10.10 05:00:43.759,1.59143,1.59154,1.00,9.00
2013.10.10 05:00:44.281,1.59144,1.59154,1.00,1.50
2013.10.10 05:00:45.389,1.59145,1.59154,3.75,1.00
2013.10.10 05:00:45.955,1.59146,1.59154,7.50,1.00
2013.10.10 05:00:46.509,1.59145,1.59156,3.75,2.25
2013.10.10 05:00:47.058,1.59145,1.59156,3.75,1.50
2013.10.10 05:00:48.779,1.59146,1.59156,3.75,1.50
2013.10.10 05:00:49.319,1.59145,1.59156,3.75,1.50
2013.10.10 05:00:49.619,1.59144,1.5915,4.50,1.00
2013.10.10 05:00:49.842,1.59144,1.59156,1.50,1.50
2013.10.10 05:00:50.019,1.59144,1.59154,1.50,1.00
2013.10.10 05:00:50.709,1.59149,1.59154,1.00,1.00
2013.10.10 05:00:50.829,1.59149,1.59157,1.13,1.00
2013.10.10 05:00:51.379,1.59149,1.59158,1.13,4.13
2013.10.10 05:00:58.091,1.5915,1.59158,4.13,1.00
2013.10.10 05:00:58.210,1.59156,1.59159,1.00,1.00
2013.10.10 05:00:58.389,1.5915,1.59159,4.13,1.00
2013.10.10 05:00:58.938,1.59149,1.59159,5.25,1.00
2013.10.10 05:00:59.949,1.5915,1.59159,3.75,1.00
2013.10.10 05:01:00.629,1.59151,1.59159,3.75,1.00
2013.10.10 05:01:01.229,1.59149,1.59159,5.25,1.00
2013.10.10 05:01:07.299,1.59155,1.59159,1.00,1.00
2013.10.10 05:01:09.830,1.59149,1.59159,1.50,1.00
2013.10.10 05:01:13.682,1.5915,1.59159,1.00,1.00
2013.10.10 05:01:18.109,1.5915,1.59161,1.00,1.50
2013.10.10 05:01:22.509,1.59149,1.59161,5.25,1.50
2013.10.10 05:01:22.690,1.59151,1.59161,3.75,1.00
2013.10.10 05:01:23.051,1.59155,1.59162,1.00,1.00
2013.10.10 05:01:24.190,1.59151,1.59161,9.38,1.00
2013.10.10 05:01:24.741,1.59152,1.59161,3.75,1.00
2013.10.10 05:01:25.279,1.59153,1.59161,4.50,1.00
2013.10.10 05:01:26.189,1.59154,1.59162,1.00,1.00
2013.10.10 05:01:26.370,1.59154,1.59164,1.00,1.88
2013.10.10 05:01:29.189,1.59154,1.59158,1.00,5.25
2013.10.10 05:01:29.369,1.59147,1.59156,1.00,1.38
2013.10.10 05:01:29.429,1.59149,1.59155,1.00,4.13
2013.10.10 05:01:29.609,1.59149,1.59158,1.50,1.00
2013.10.10 05:01:29.669,1.59154,1.59158,1.00,1.00
2013.10.10 05:01:29.849,1.59154,1.59161,1.00,3.75
2013.10.10 05:01:32.620,1.5915,1.59156,1.00,1.00
2013.10.10 05:01:32.859,1.59146,1.59151,1.00,1.00
2013.10.10 05:01:32.927,1.59143,1.59151,1.00,1.00
2013.10.10 05:01:32.990,1.59144,1.59155,4.50,1.00
2013.10.10 05:01:33.050,1.59146,1.59155,3.75,1.00
2013.10.10 05:01:33.229,1.59147,1.59157,1.50,1.00
2013.10.10 05:01:33.408,1.59147,1.59159,1.50,1.00
2013.10.10 05:01:34.009,1.59147,1.59161,1.50,2.25
2013.10.10 05:01:38.670,1.59154,1.59161,1.00,2.25
2013.10.10 05:01:39.171,1.59154,1.59163,1.00,3.75
2013.10.10 05:01:40.649,1.59154,1.59164,1.00,9.00
2013.10.10 05:01:46.903,1.59154,1.59163,1.00,3.75
2013.10.10 05:01:47.479,1.59154,1.59164,1.00,8.25
2013.10.10 05:01:48.073,1.59154,1.59163,1.00,3.75
2013.10.10 05:01:49.739,1.59154,1.59164,1.00,8.25
2013.10.10 05:01:51.329,1.59154,1.59163,1.00,3.75
2013.10.10 05:01:53.659,1.59154,1.59162,1.00,3.75
2013.10.10 05:01:55.850,1.59154,1.59163,1.00,3.75
2013.10.10 05:02:01.950,1.59154,1.59162,1.00,3.75
2013.10.10 05:02:02.499,1.59154,1.59161,1.00,3.75
2013.10.10 05:02:02.620,1.59154,1.59163,1.00,3.75
2013.10.10 05:02:03.171,1.59154,1.59162,1.00,3.75
2013.10.10 05:02:03.410,1.59154,1.59164,1.00,9.75
2013.10.10 05:02:11.529,1.59154,1.59166,1.00,4.50
2013.10.10 05:02:11.769,1.59157,1.59166,1.38,1.00
2013.10.10 05:02:12.070,1.59172,1.59178,3.75,1.00
2013.10.10 05:02:12.190,1.59174,1.59181,1.00,3.75
2013.10.10 05:02:12.671,1.59171,1.59182,1.00,1.00
2013.10.10 05:02:13.030,1.59174,1.59181,1.00,3.75
2013.10.10 05:02:13.091,1.59172,1.59181,1.00,3.75
2013.10.10 05:02:13.212,1.59172,1.59183,1.00,4.50
2013.10.10 05:02:13.271,1.59171,1.5918,2.25,1.00
2013.10.10 05:02:13.510,1.59171,1.59182,1.00,1.00
2013.10.10 05:02:14.322,1.59173,1.59182,1.00,1.00
2013.10.10 05:02:14.561,1.59171,1.59182,1.00,1.00
2013.10.10 05:02:14.920,1.59174,1.59184,1.00,1.00
2013.10.10 05:02:14.979,1.59174,1.59186,1.00,1.00
2013.10.10 05:02:15.040,1.59176,1.59186,1.28,1.00
2013.10.10 05:02:15.341,1.59181,1.59186,1.00,1.00
2013.10.10 05:02:15.521,1.59181,1.59191,1.00,1.00
2013.10.10 05:02:15.640,1.59179,1.59191,1.88,1.00
2013.10.10 05:02:17.599,1.5918,1.59191,1.00,1.00
2013.10.10 05:02:18.119,1.59181,1.59191,1.00,1.00
2013.10.10 05:02:19.302,1.59181,1.59188,1.00,3.75
2013.10.10 05:02:19.370,1.59179,1.59188,1.00,3.75
2013.10.10 05:02:19.492,1.59179,1.59185,1.00,1.00
2013.10.10 05:02:20.160,1.59182,1.59188,1.00,3.75
2013.10.10 05:02:20.803,1.59181,1.59191,1.00,4.50
2013.10.10 05:02:21.479,1.59183,1.59191,1.00,1.00
2013.10.10 05:02:21.660,1.59179,1.59191,1.50,1.50
2013.10.10 05:02:21.719,1.59182,1.59186,1.00,1.00
2013.10.10 05:02:21.840,1.59176,1.59182,2.63,3.75
2013.10.10 05:02:22.259,1.59174,1.59182,1.50,3.75
2013.10.10 05:02:22.319,1.59174,1.5918,1.50,3.75
2013.10.10 05:02:25.757,1.59174,1.59181,1.00,3.75
2013.10.10 05:02:26.310,1.59174,1.59182,1.50,3.75
2013.10.10 05:02:34.929,1.59174,1.59183,1.50,3.75
2013.10.10 05:02:35.489,1.5918,1.59185,1.00,1.00
2013.10.10 05:02:35.549,1.59174,1.59186,1.50,5.25
2013.10.10 05:02:49.241,1.59177,1.59186,6.19,1.00
2013.10.10 05:02:49.301,1.59179,1.59189,3.79,5.25
2013.10.10 05:02:49.550,1.59182,1.59189,1.00,1.50
2013.10.10 05:02:49.610,1.5918,1.59189,4.50,1.00
2013.10.10 05:02:49.670,1.5918,1.59191,4.50,1.00
2013.10.10 05:02:49.730,1.59182,1.59191,1.00,1.00
2013.10.10 05:02:50.220,1.59185,1.59191,1.00,1.00
2013.10.10 05:02:50.759,1.59186,1.59193,1.00,1.13
2013.10.10 05:02:50.879,1.59186,1.5919,1.00,1.00
2013.10.10 05:02:51.000,1.59178,1.5919,1.00,1.00
2013.10.10 05:02:51.059,1.59176,1.5919,2.25,5.25
2013.10.10 05:02:51.300,1.59176,1.59188,1.50,1.00
2013.10.10 05:02:54.320,1.59176,1.5919,1.50,6.00
2013.10.10 05:02:54.619,1.59179,1.5919,1.00,1.50
2013.10.10 05:02:54.799,1.59176,1.5919,2.25,1.50
2013.10.10 05:02:56.821,1.5918,1.5919,1.00,1.50
2013.10.10 05:02:57.180,1.59186,1.59194,1.00,1.13
2013.10.10 05:02:57.779,1.59184,1.59194,1.00,1.13
2013.10.10 05:02:58.830,1.59188,1.59195,1.00,3.75
2013.10.10 05:02:58.890,1.59184,1.59194,1.00,1.00
2013.10.10 05:02:59.249,1.59188,1.59197,1.00,4.13
2013.10.10 05:02:59.650,1.59184,1.59194,1.00,1.00
2013.10.10 05:02:59.892,1.59186,1.59194,3.75,1.00
2013.10.10 05:03:00.252,1.59187,1.59198,1.00,1.00
2013.10.10 05:03:00.380,1.59191,1.592,1.00,1.00
2013.10.10 05:03:02.592,1.59191,1.59202,1.00,1.00
2013.10.10 05:03:02.650,1.59189,1.59202,1.00,1.00
2013.10.10 05:03:03.099,1.59191,1.59202,1.00,1.00
2013.10.10 05:03:03.220,1.59192,1.59204,1.00,1.00
2013.10.10 05:03:03.759,1.59192,1.59205,1.50,1.00
2013.10.10 05:03:04.120,1.59194,1.59205,1.00,1.00
2013.10.10 05:03:04.919,1.59197,1.59206,1.00,1.00
2013.10.10 05:03:05.169,1.59197,1.59209,1.00,1.00
2013.10.10 05:03:05.749,1.59196,1.5921,1.50,4.88
2013.10.10 05:03:05.810,1.59198,1.5921,1.00,4.88
2013.10.10 05:03:06.371,1.59198,1.59209,1.00,7.50
2013.10.10 05:03:06.920,1.59198,1.5921,1.00,4.50
2013.10.10 05:03:07.159,1.59199,1.59212,1.50,3.75
2013.10.10 05:03:07.696,1.59199,1.59213,1.50,6.00
2013.10.10 05:03:08.230,1.59199,1.59212,1.50,3.75
2013.10.10 05:03:08.769,1.59199,1.59211,1.50,3.75
2013.10.10 05:03:10.680,1.59199,1.59212,1.50,3.75
2013.10.10 05:03:11.290,1.59199,1.59211,1.00,3.75
2013.10.10 05:03:13.372,1.59199,1.59212,1.00,3.75
2013.10.10 05:03:18.450,1.59204,1.59212,1.00,1.00
2013.10.10 05:03:18.629,1.59204,1.59214,1.00,1.00
2013.10.10 05:03:19.179,1.59205,1.59213,1.00,3.75
2013.10.10 05:03:20.129,1.59204,1.59214,1.00,4.50
2013.10.10 05:03:21.909,1.59204,1.59213,1.00,1.00
2013.10.10 05:03:24.252,1.59205,1.59213,1.00,3.75
2013.10.10 05:03:25.869,1.59204,1.59213,1.00,3.75
2013.10.10 05:03:26.409,1.59204,1.59214,1.00,7.50
2013.10.10 05:03:28.112,1.59204,1.59213,1.00,3.75
2013.10.10 05:03:28.731,1.59204,1.59212,1.00,3.75
2013.10.10 05:03:30.852,1.59204,1.59213,1.00,3.75
2013.10.10 05:03:31.560,1.59204,1.59212,1.00,3.75
2013.10.10 05:03:32.040,1.59204,1.59209,1.00,3.75
2013.10.10 05:03:32.221,1.59202,1.5921,1.50,3.75
2013.10.10 05:03:32.759,1.59202,1.59209,1.00,3.75
2013.10.10 05:03:34.945,1.59202,1.59208,1.00,3.75
2013.10.10 05:03:36.640,1.59202,1.59209,1.00,7.50
2013.10.10 05:03:38.479,1.59202,1.59209,1.00,5.35
2013.10.10 05:03:38.539,1.59199,1.59209,1.50,5.35
2013.10.10 05:03:38.719,1.59197,1.59208,1.00,5.35
2013.10.10 05:03:38.839,1.59195,1.59205,1.50,5.85
2013.10.10 05:03:38.960,1.59195,1.59201,1.00,1.00
2013.10.10 05:03:39.140,1.59188,1.59199,1.30,8.50
2013.10.10 05:03:39.499,1.59184,1.59196,2.25,5.25
2013.10.10 05:03:40.100,1.59184,1.59196,1.50,4.50
2013.10.10 05:03:41.221,1.59184,1.59195,1.50,3.75
2013.10.10 05:03:41.909,1.59184,1.59194,1.50,3.75
2013.10.10 05:03:42.438,1.59184,1.59195,1.50,3.75
2013.10.10 05:03:43.004,1.59184,1.59196,1.50,1.00
2013.10.10 05:03:43.313,1.5919,1.59198,1.00,1.00
2013.10.10 05:03:43.869,1.5919,1.59199,1.00,8.63
2013.10.10 05:03:46.105,1.59186,1.59196,1.00,1.00
2013.10.10 05:03:46.410,1.59187,1.59199,1.00,4.13
2013.10.10 05:03:46.711,1.59186,1.59196,1.50,1.00
2013.10.10 05:04:04.109,1.59187,1.59196,1.00,1.00
2013.10.10 05:04:09.220,1.59187,1.59195,1.00,3.75
2013.10.10 05:04:09.579,1.59182,1.59191,2.25,1.00
2013.10.10 05:04:10.720,1.59184,1.59195,1.00,1.00
2013.10.10 05:04:10.899,1.59186,1.59196,1.00,1.00
2013.10.10 05:04:12.029,1.59186,1.59194,1.00,3.75
2013.10.10 05:04:12.149,1.59182,1.59192,2.25,3.75
2013.10.10 05:04:12.209,1.59182,1.59189,1.00,4.50
2013.10.10 05:04:12.330,1.59178,1.59188,1.00,3.75
2013.10.10 05:04:12.689,1.59178,1.59186,1.00,1.00
2013.10.10 05:04:18.369,1.59178,1.59189,1.00,9.00
2013.10.10 05:04:18.609,1.59178,1.59191,1.00,1.50
2013.10.10 05:04:19.150,1.59179,1.59192,1.00,1.50
2013.10.10 05:04:19.709,1.5918,1.59192,1.00,1.00
2013.10.10 05:04:25.439,1.5918,1.59194,1.00,3.00
2013.10.10 05:04:28.670,1.59179,1.59192,1.00,1.00
2013.10.10 05:04:29.219,1.59178,1.59192,2.03,1.00
2013.10.10 05:04:30.029,1.59184,1.59193,1.00,1.00
2013.10.10 05:04:30.569,1.59184,1.59194,1.00,7.50
2013.10.10 05:04:31.119,1.59184,1.59193,1.00,3.75
2013.10.10 05:04:31.649,1.59184,1.59192,1.00,3.75
2013.10.10 05:04:35.831,1.59184,1.59191,1.00,3.75
2013.10.10 05:04:37.802,1.59184,1.59189,1.00,3.75
2013.10.10 05:04:37.871,1.59182,1.59189,2.25,3.75
2013.10.10 05:04:38.051,1.59182,1.59185,1.00,3.75
2013.10.10 05:04:38.172,1.59177,1.59182,1.50,1.00
2013.10.10 05:04:38.411,1.59175,1.59183,1.00,5.25
2013.10.10 05:04:38.471,1.59175,1.59181,1.00,4.50
2013.10.10 05:04:38.771,1.59167,1.59177,1.13,3.75
2013.10.10 05:04:38.890,1.59167,1.59175,1.13,3.75
2013.10.10 05:04:40.209,1.59165,1.59175,1.00,3.75
2013.10.10 05:04:40.731,1.59164,1.59175,1.50,3.75
2013.10.10 05:04:41.250,1.59164,1.59176,1.50,4.50
2013.10.10 05:04:43.127,1.59165,1.59176,1.00,4.50
2013.10.10 05:04:50.550,1.59165,1.5917,1.00,1.00
2013.10.10 05:04:50.610,1.59165,1.59176,1.00,1.00
2013.10.10 05:04:50.849,1.5917,1.59177,1.00,3.75
2013.10.10 05:04:51.401,1.5917,1.59178,1.00,3.75
2013.10.10 05:04:52.781,1.59167,1.59176,1.00,1.00
2013.10.10 05:04:53.021,1.59169,1.59176,1.00,1.00
2013.10.10 05:04:53.082,1.59169,1.59179,5.25,4.50
2013.10.10 05:04:53.201,1.59173,1.5918,1.00,1.00
2013.10.10 05:04:53.380,1.59169,1.5918,5.25,1.00
2013.10.10 05:04:53.500,1.59169,1.59183,1.50,5.25
2013.10.10 05:04:53.619,1.59171,1.59184,1.00,2.25
2013.10.10 05:04:53.979,1.59176,1.59184,1.00,3.75
2013.10.10 05:04:54.459,1.59176,1.59186,1.00,4.88
2013.10.10 05:04:55.059,1.59177,1.59186,1.00,1.00
2013.10.10 05:04:55.119,1.59178,1.59189,1.00,7.50
2013.10.10 05:04:55.300,1.59182,1.59191,1.00,2.25
2013.10.10 05:04:55.840,1.59183,1.59191,1.00,1.00
2013.10.10 05:04:56.349,1.59182,1.59191,1.00,1.00
2013.10.10 05:04:57.479,1.59182,1.59192,1.00,1.00
2013.10.10 05:04:58.020,1.59181,1.59192,1.00,1.00
2013.10.10 05:04:59.210,1.59184,1.59192,1.00,1.00
2013.10.10 05:04:59.329,1.59184,1.59195,1.00,1.50
2013.10.10 05:05:03.762,1.59184,1.59196,1.00,4.50
2013.10.10 05:05:11.630,1.59187,1.59197,1.00,1.00
2013.10.10 05:05:12.169,1.59187,1.59198,1.50,3.75
2013.10.10 05:05:12.529,1.59187,1.59196,1.00,1.00
2013.10.10 05:05:12.590,1.59185,1.59196,1.88,1.00
2013.10.10 05:05:13.024,1.59187,1.59196,1.00,1.00
2013.10.10 05:05:18.559,1.59186,1.59196,1.00,1.00
2013.10.10 05:05:19.124,1.59185,1.59196,1.00,1.00
2013.10.10 05:05:20.357,1.59188,1.59196,4.50,1.00
2013.10.10 05:05:20.422,1.59189,1.59201,1.50,1.88
2013.10.10 05:05:20.659,1.59192,1.59202,1.00,1.00
2013.10.10 05:05:20.899,1.59192,1.59204,1.00,9.38
2013.10.10 05:05:21.450,1.59192,1.59203,1.00,3.75
2013.10.10 05:05:25.420,1.59192,1.59204,1.00,9.00
2013.10.10 05:05:25.959,1.59192,1.59203,1.00,3.75
2013.10.10 05:05:30.379,1.59192,1.59202,1.00,3.75
2013.10.10 05:05:35.709,1.59192,1.59203,1.50,1.00
2013.10.10 05:05:36.253,1.59192,1.59204,1.00,1.00
2013.10.10 05:05:39.929,1.59192,1.59203,1.00,3.75
2013.10.10 05:05:43.862,1.59192,1.59204,1.00,8.25
2013.10.10 05:05:44.240,1.59198,1.59205,1.00,1.00
2013.10.10 05:05:44.539,1.59192,1.59204,5.25,1.00
2013.10.10 05:05:51.720,1.59192,1.59203,1.50,1.00
2013.10.10 05:05:51.902,1.59191,1.59201,1.00,1.00
2013.10.10 05:05:52.261,1.59187,1.59195,1.00,3.75
2013.10.10 05:05:52.621,1.59177,1.59189,5.63,2.25
2013.10.10 05:05:52.979,1.59177,1.59189,4.50,2.25
2013.10.10 05:05:54.813,1.59177,1.59186,1.00,3.75
2013.10.10 05:05:55.491,1.59177,1.59187,1.00,4.50
2013.10.10 05:06:00.229,1.59174,1.59186,1.79,1.00
2013.10.10 05:06:07.259,1.59176,1.59186,3.75,1.00
2013.10.10 05:06:07.499,1.59176,1.59188,1.00,1.00
2013.10.10 05:06:07.739,1.59177,1.5919,1.00,1.00
2013.10.10 05:06:07.980,1.59177,1.59186,1.00,1.00
2013.10.10 05:06:08.100,1.59175,1.59186,5.25,1.00
2013.10.10 05:06:12.342,1.59174,1.59185,1.79,3.75
2013.10.10 05:06:12.591,1.59172,1.5918,1.50,1.00
2013.10.10 05:06:12.889,1.59167,1.59179,5.25,1.50
2013.10.10 05:06:13.449,1.59168,1.59179,3.75,1.50
2013.10.10 05:06:13.810,1.59169,1.59179,2.25,1.00
2013.10.10 05:06:13.869,1.59169,1.59181,6.38,1.00
2013.10.10 05:06:13.931,1.59174,1.59184,1.00,1.00
2013.10.10 05:06:21.670,1.59175,1.59184,3.75,1.00
2013.10.10 05:06:22.030,1.59176,1.59186,4.50,1.00
2013.10.10 05:06:22.569,1.59175,1.59186,4.50,1.50
2013.10.10 05:06:23.189,1.59174,1.59186,5.25,1.50
2013.10.10 05:06:24.240,1.59175,1.59186,3.75,1.50
2013.10.10 05:06:26.827,1.59174,1.59186,5.25,1.50
2013.10.10 05:06:33.540,1.59174,1.59184,4.50,1.00
2013.10.10 05:06:50.379,1.59175,1.59184,5.25,1.00
2013.10.10 05:06:50.500,1.59175,1.59186,6.00,1.00
2013.10.10 05:06:52.330,1.59175,1.59186,5.33,1.00
2013.10.10 05:06:53.330,1.59175,1.59186,1.00,1.00
2013.10.10 05:06:53.871,1.59174,1.59185,1.00,1.00
2013.10.10 05:06:54.429,1.59174,1.59186,1.00,1.50
2013.10.10 05:07:03.449,1.59174,1.59185,1.50,1.00
2013.10.10 05:07:09.669,1.59172,1.59181,1.00,1.00
2013.10.10 05:07:09.789,1.5917,1.59181,1.50,1.50
2013.10.10 05:07:09.912,1.5917,1.59179,1.00,1.00
2013.10.10 05:07:10.030,1.59167,1.59179,3.00,1.00
2013.10.10 05:07:12.980,1.59166,1.59174,1.50,1.00
2013.10.10 05:07:13.040,1.59164,1.59173,1.00,1.00
2013.10.10 05:07:13.640,1.59165,1.59176,1.00,1.00
2013.10.10 05:07:16.080,1.59166,1.59176,1.00,1.00
2013.10.10 05:07:16.690,1.59164,1.59176,1.50,1.00
2013.10.10 05:07:20.200,1.59164,1.59176,1.58,1.00
2013.10.10 05:07:20.702,1.59165,1.59176,1.00,1.00
2013.10.10 05:07:21.240,1.59165,1.59175,1.00,1.00
2013.10.10 05:07:21.761,1.59164,1.59175,1.00,1.00
2013.10.10 05:07:25.421,1.5917,1.59175,1.00,1.50
2013.10.10 05:07:25.540,1.59164,1.59175,1.00,1.50
2013.10.10 05:07:30.721,1.59165,1.59175,6.00,1.50
2013.10.10 05:07:31.930,1.59164,1.59175,1.00,1.50
2013.10.10 05:07:33.502,1.59168,1.59175,3.75,1.50
2013.10.10 05:07:33.633,1.59167,1.59175,3.75,1.00
2013.10.10 05:07:33.992,1.59167,1.59177,1.00,1.00
2013.10.10 05:07:34.500,1.59167,1.59178,1.00,1.00
2013.10.10 05:07:34.620,1.59165,1.59176,3.08,1.00
2013.10.10 05:07:35.265,1.59162,1.5917,5.25,1.00
2013.10.10 05:07:35.335,1.59167,1.59176,1.00,1.50
2013.10.10 05:07:35.400,1.59164,1.59176,1.00,2.25
2013.10.10 05:07:37.390,1.5917,1.59176,1.00,1.50
2013.10.10 05:07:37.450,1.59165,1.59176,3.75,2.25
2013.10.10 05:07:38.057,1.59164,1.59176,4.50,2.25
2013.10.10 05:07:38.311,1.59166,1.59176,7.50,2.25
2013.10.10 05:07:38.830,1.59165,1.59176,6.00,1.50
2013.10.10 05:07:39.510,1.59164,1.59176,1.50,1.50
2013.10.10 05:07:40.120,1.59165,1.59176,3.75,1.50
2013.10.10 05:07:40.920,1.59166,1.59176,7.50,1.50
2013.10.10 05:07:41.583,1.59165,1.59176,1.50,1.00
2013.10.10 05:07:45.959,1.59164,1.59176,1.58,1.00
2013.10.10 05:07:50.440,1.5917,1.59177,1.00,1.00
2013.10.10 05:08:00.043,1.59167,1.59176,3.75,1.00
2013.10.10 05:08:04.195,1.59167,1.59176,4.13,1.00
2013.10.10 05:08:04.262,1.59171,1.59177,1.65,1.00
2013.10.10 05:08:04.621,1.59176,1.59181,7.50,1.00
2013.10.10 05:08:04.741,1.59176,1.59185,7.50,1.00
2013.10.10 05:08:05.289,1.59176,1.59186,8.25,1.50
2013.10.10 05:08:08.270,1.59177,1.59186,3.75,1.00
2013.10.10 05:08:08.969,1.59176,1.59186,8.33,1.00
2013.10.10 05:08:13.551,1.59177,1.59186,3.75,1.00
2013.10.10 05:08:21.810,1.59179,1.59186,1.00,1.00
2013.10.10 05:08:22.111,1.59184,1.59189,3.75,1.00
2013.10.10 05:08:22.290,1.59182,1.5919,1.50,1.00
2013.10.10 05:08:22.410,1.59185,1.5919,1.00,1.00
2013.10.10 05:08:22.471,1.59185,1.59195,1.00,1.00
2013.10.10 05:08:22.590,1.59187,1.59195,1.00,1.00
2013.10.10 05:08:22.650,1.59185,1.59196,1.50,1.00
2013.10.10 05:08:23.190,1.59185,1.59195,1.00,1.00
2013.10.10 05:08:24.939,1.59185,1.59197,1.00,1.13
2013.10.10 05:08:28.691,1.59185,1.59196,1.00,1.00
2013.10.10 05:08:34.540,1.59185,1.59197,1.00,4.50
2013.10.10 05:08:35.312,1.59184,1.59194,1.00,1.00
2013.10.10 05:08:40.170,1.59185,1.59197,1.00,5.25
2013.10.10 05:08:40.540,1.59189,1.59196,3.75,1.00
2013.10.10 05:08:40.660,1.59191,1.59199,3.75,1.00
2013.10.10 05:08:40.900,1.59191,1.59201,3.00,1.50
2013.10.10 05:08:40.961,1.59192,1.59203,4.50,1.13
2013.10.10 05:08:41.020,1.59194,1.5921,1.50,4.88
2013.10.10 05:08:41.262,1.59194,1.59206,1.50,4.50
2013.10.10 05:08:45.460,1.59194,1.59204,1.50,3.75
2013.10.10 05:08:46.450,1.59194,1.59205,1.50,3.75
2013.10.10 05:08:48.430,1.59194,1.59204,1.00,3.75
2013.10.10 05:08:48.851,1.59194,1.59201,1.00,3.75
2013.10.10 05:08:49.152,1.59189,1.59192,1.00,1.00
2013.10.10 05:08:49.211,1.59184,1.5919,1.00,3.75
2013.10.10 05:08:49.630,1.59179,1.5919,1.50,3.75
2013.10.10 05:08:50.749,1.59179,1.59189,1.00,3.75
2013.10.10 05:08:50.871,1.59179,1.59186,1.00,3.75
2013.10.10 05:08:50.990,1.59177,1.59186,1.00,3.75
2013.10.10 05:08:51.050,1.59176,1.59181,2.25,1.00
2013.10.10 05:08:51.172,1.59177,1.59186,1.00,3.75
2013.10.10 05:08:52.447,1.59177,1.59187,1.00,3.75
2013.10.10 05:08:53.071,1.59184,1.59188,1.00,1.00
2013.10.10 05:08:53.153,1.59187,1.59192,1.00,1.00
2013.10.10 05:08:54.160,1.59187,1.59193,1.00,4.50
2013.10.10 05:08:54.380,1.59184,1.59193,1.00,4.50
2013.10.10 05:08:59.422,1.59184,1.59194,1.00,8.25
2013.10.10 05:09:01.919,1.59184,1.59195,1.00,4.50
2013.10.10 05:09:04.660,1.59184,1.59196,1.00,6.00
2013.10.10 05:09:07.463,1.59184,1.59194,1.00,7.50
2013.10.10 05:09:08.020,1.59184,1.59195,1.00,1.00
2013.10.10 05:09:08.333,1.59189,1.59197,1.50,1.50
2013.10.10 05:09:08.523,1.59189,1.592,5.25,1.50
2013.10.10 05:09:08.700,1.59194,1.59201,1.00,1.13
2013.10.10 05:09:08.880,1.59196,1.59202,1.00,1.00
2013.10.10 05:09:08.940,1.59196,1.59206,1.00,4.50
2013.10.10 05:09:09.479,1.59197,1.59206,1.00,1.00
2013.10.10 05:09:09.890,1.59197,1.59204,1.00,1.00
2013.10.10 05:09:10.190,1.59195,1.59203,1.50,1.00
2013.10.10 05:09:10.250,1.59195,1.592,1.50,1.00
2013.10.10 05:09:10.432,1.59195,1.59203,1.00,3.75
2013.10.10 05:09:10.681,1.59192,1.59203,1.50,3.75
2013.10.10 05:09:11.350,1.59192,1.59204,1.00,9.00
2013.10.10 05:09:12.600,1.59192,1.59202,1.00,1.00
2013.10.10 05:09:13.076,1.59192,1.59199,1.00,3.75
2013.10.10 05:09:13.260,1.59187,1.59197,1.00,1.00
2013.10.10 05:09:13.620,1.59185,1.59196,1.50,1.00
2013.10.10 05:09:14.090,1.59185,1.59194,1.00,3.75
2013.10.10 05:09:14.630,1.59184,1.59194,1.00,7.50
2013.10.10 05:09:15.151,1.59184,1.59195,1.00,3.75
2013.10.10 05:09:16.050,1.59184,1.59196,1.00,1.50
2013.10.10 05:09:18.311,1.59184,1.59195,1.00,3.75
2013.10.10 05:09:21.450,1.59184,1.59194,1.00,3.75
2013.10.10 05:09:21.751,1.59182,1.59193,1.50,3.75
2013.10.10 05:09:21.871,1.59182,1.59191,1.00,1.00
2013.10.10 05:09:22.230,1.59182,1.59186,1.00,3.75
2013.10.10 05:09:24.420,1.59182,1.59185,1.00,3.75
2013.10.10 05:09:26.660,1.59182,1.59189,1.00,1.00
2013.10.10 05:09:26.720,1.59182,1.59191,1.00,1.00
2013.10.10 05:09:26.784,1.59182,1.59194,1.50,1.50
2013.10.10 05:09:26.910,1.59184,1.59194,1.00,3.75
2013.10.10 05:09:27.750,1.59184,1.59195,1.00,3.75
2013.10.10 05:09:28.289,1.59185,1.59196,1.50,4.50
2013.10.10 05:09:29.642,1.59185,1.59195,1.00,3.75
2013.10.10 05:09:32.190,1.59185,1.59196,1.00,5.25
2013.10.10 05:09:33.570,1.59185,1.59195,1.00,3.75
2013.10.10 05:09:34.523,1.59185,1.59194,1.00,3.75
2013.10.10 05:09:35.080,1.59184,1.59193,1.00,3.75
2013.10.10 05:09:37.971,1.59185,1.59194,1.00,3.75
2013.10.10 05:09:38.030,1.59185,1.59196,1.00,1.50
2013.10.10 05:09:38.331,1.59192,1.59198,1.00,4.50
2013.10.10 05:09:38.449,1.59185,1.59196,1.00,1.00
2013.10.10 05:09:38.930,1.59188,1.59196,1.00,1.00
2013.10.10 05:09:42.370,1.59187,1.59196,1.00,1.00
2013.10.10 05:09:42.959,1.59186,1.59196,1.50,4.50
2013.10.10 05:09:59.780,1.59186,1.59195,1.50,3.75
2013.10.10 05:10:04.270,1.59185,1.59194,1.50,3.75
2013.10.10 05:10:04.794,1.59185,1.59193,1.50,3.75
2013.10.10 05:10:07.321,1.59185,1.59194,1.00,7.50
2013.10.10 05:10:11.420,1.59185,1.59193,1.00,3.75
2013.10.10 05:10:15.950,1.59185,1.59192,1.00,3.75
2013.10.10 05:10:16.540,1.59185,1.59191,1.00,3.75
2013.10.10 05:10:20.080,1.59184,1.59191,1.50,3.75
2013.10.10 05:10:22.991,1.59184,1.59193,1.00,3.75
2013.10.10 05:10:23.531,1.59184,1.59192,1.50,3.75
2013.10.10 05:10:25.761,1.59184,1.5919,1.50,3.75
2013.10.10 05:10:26.062,1.59183,1.59187,1.50,1.00
2013.10.10 05:10:26.180,1.59184,1.59189,1.00,7.50
2013.10.10 05:10:28.892,1.59184,1.59188,1.00,3.75
2013.10.10 05:10:31.562,1.59184,1.59189,1.00,7.50
2013.10.10 05:10:31.981,1.59183,1.59191,1.00,3.75
2013.10.10 05:10:32.280,1.59184,1.59189,1.00,7.50
2013.10.10 05:10:37.120,1.59184,1.59191,1.00,3.75
2013.10.10 05:10:39.240,1.59184,1.59192,1.00,3.75
2013.10.10 05:10:42.770,1.59184,1.59193,1.00,4.50
2013.10.10 05:10:43.380,1.59184,1.59194,1.00,4.88
2013.10.10 05:10:43.921,1.59185,1.59194,1.00,1.00
2013.10.10 05:10:47.660,1.59185,1.59193,1.00,1.00
2013.10.10 05:10:48.320,1.59186,1.59193,5.03,1.00
2013.10.10 05:10:48.620,1.5919,1.592,1.00,1.00
2013.10.10 05:10:48.921,1.59194,1.592,1.00,1.00
2013.10.10 05:10:49.281,1.59184,1.59192,2.25,3.75
2013.10.10 05:10:49.341,1.59184,1.59192,1.50,4.50
2013.10.10 05:10:49.904,1.59184,1.59191,1.50,3.75
2013.10.10 05:10:52.890,1.59184,1.5919,1.00,1.00
2013.10.10 05:10:54.922,1.59184,1.59189,1.00,3.75
2013.10.10 05:10:58.900,1.59184,1.5919,1.00,1.00
2013.10.10 05:10:59.618,1.59184,1.59189,1.00,3.75
2013.10.10 05:11:07.490,1.59184,1.5919,1.00,4.50
2013.10.10 05:11:08.020,1.59184,1.59191,1.00,3.75
2013.10.10 05:11:08.262,1.59181,1.59187,1.04,1.00
2013.10.10 05:11:08.620,1.59184,1.5919,1.00,3.75
2013.10.10 05:11:09.822,1.59184,1.59189,1.00,3.75
2013.10.10 05:11:10.427,1.59184,1.5919,1.00,3.75
2013.10.10 05:11:11.260,1.59184,1.59191,1.00,3.75
2013.10.10 05:11:18.730,1.59184,1.5919,1.00,3.75
2013.10.10 05:11:21.690,1.59184,1.59189,1.00,3.75
2013.10.10 05:11:27.420,1.59184,1.59192,1.00,3.75
2013.10.10 05:11:31.472,1.59184,1.5919,1.00,3.75
2013.10.10 05:11:31.990,1.59184,1.59191,1.00,3.75
2013.10.10 05:11:40.763,1.59184,1.59193,1.00,5.25
2013.10.10 05:11:45.720,1.59184,1.59192,1.00,3.75
2013.10.10 05:11:46.181,1.59186,1.59192,1.00,3.75
2013.10.10 05:11:51.570,1.59184,1.59192,1.00,3.75
2013.10.10 05:11:53.894,1.59184,1.59193,1.00,1.50
2013.10.10 05:11:54.730,1.59184,1.59192,1.00,3.75
2013.10.10 05:11:55.739,1.59184,1.59193,1.00,5.25
2013.10.10 05:12:19.830,1.59184,1.59194,1.00,8.25
2013.10.10 05:12:51.570,1.59183,1.59194,1.00,1.00
2013.10.10 05:12:56.259,1.59182,1.59194,1.00,1.00
2013.10.10 05:13:03.773,1.59181,1.59194,3.00,1.00
2013.10.10 05:13:58.391,1.59181,1.59193,1.00,3.75
2013.10.10 05:13:59.629,1.59181,1.59194,1.00,9.00
2013.10.10 05:14:01.329,1.59181,1.59193,1.00,3.75
2013.10.10 05:14:13.883,1.59181,1.59192,1.00,1.00
2013.10.10 05:14:20.580,1.59182,1.59192,1.00,1.00
2013.10.10 05:14:20.700,1.59186,1.59192,1.00,1.00
2013.10.10 05:14:23.641,1.59184,1.59192,1.00,1.00
2013.10.10 05:14:27.500,1.59184,1.59194,1.00,1.50
2013.10.10 05:14:27.692,1.5919,1.59194,1.00,1.00
2013.10.10 05:14:28.531,1.59184,1.59194,1.00,1.00
2013.10.10 05:14:35.731,1.59184,1.59193,1.00,1.00
2013.10.10 05:14:35.910,1.59184,1.59191,1.00,1.00
2013.10.10 05:14:51.640,1.59179,1.59191,2.25,1.50
2013.10.10 05:14:51.880,1.59181,1.5919,1.00,1.00
2013.10.10 05:14:52.240,1.59184,1.59191,1.00,1.00
2013.10.10 05:15:00.330,1.59184,1.59193,1.00,5.25
2013.10.10 05:15:02.161,1.59184,1.59191,1.00,3.75
2013.10.10 05:15:06.591,1.59184,1.59187,1.00,3.75
2013.10.10 05:15:06.711,1.59183,1.59188,1.00,1.00
2013.10.10 05:15:06.771,1.59179,1.59188,1.00,1.00
2013.10.10 05:15:06.830,1.59179,1.59184,1.00,1.00
2013.10.10 05:15:06.891,1.59175,1.59184,1.75,1.00
2013.10.10 05:15:07.011,1.59174,1.59182,1.75,1.00
2013.10.10 05:15:07.251,1.59174,1.59182,1.00,1.00
2013.10.10 05:15:08.580,1.59174,1.5918,1.00,1.00
2013.10.10 05:15:09.230,1.59174,1.59181,1.00,1.00
2013.10.10 05:15:32.182,1.59169,1.59181,1.50,1.50
2013.10.10 05:15:33.450,1.59169,1.5918,1.50,1.00
2013.10.10 05:15:57.761,1.5917,1.5918,1.00,1.00
2013.10.10 05:16:10.771,1.59169,1.5918,1.00,1.00
2013.10.10 05:16:27.450,1.59169,1.59178,1.00,3.75
2013.10.10 05:16:27.751,1.59166,1.59174,1.13,4.50
2013.10.10 05:16:28.264,1.59164,1.59174,1.00,9.00
2013.10.10 05:16:28.694,1.59164,1.59172,1.00,4.50
2013.10.10 05:16:29.257,1.59164,1.59169,1.00,3.75
2013.10.10 05:16:29.351,1.59159,1.59172,1.75,1.50
2013.10.10 05:16:29.892,1.59162,1.59172,1.00,1.50
2013.10.10 05:16:31.050,1.59159,1.59172,1.13,1.50
2013.10.10 05:16:32.861,1.59159,1.5917,1.13,1.00
2013.10.10 05:16:33.221,1.59154,1.59164,1.75,1.00
2013.10.10 05:16:33.461,1.59154,1.59166,1.75,5.25
2013.10.10 05:16:33.760,1.59154,1.59165,1.00,3.75
2013.10.10 05:16:34.355,1.59154,1.59164,1.00,7.50
2013.10.10 05:16:35.780,1.59154,1.59163,1.00,3.75
2013.10.10 05:16:37.521,1.59152,1.59162,1.50,3.75
2013.10.10 05:16:37.642,1.59152,1.59158,1.50,3.75
2013.10.10 05:16:37.951,1.59152,1.59155,1.00,3.75
2013.10.10 05:16:38.011,1.59145,1.59155,1.00,3.75
2013.10.10 05:16:38.493,1.59147,1.59154,1.50,3.75
2013.10.10 05:16:38.612,1.59147,1.59156,1.50,1.00
2013.10.10 05:16:38.851,1.59147,1.59158,5.03,1.50
2013.10.10 05:16:39.033,1.59149,1.5916,1.00,1.00
2013.10.10 05:16:39.101,1.59151,1.5916,1.00,1.00
2013.10.10 05:16:39.462,1.59154,1.59163,1.00,1.50
2013.10.10 05:16:40.000,1.59154,1.59164,1.00,9.75
2013.10.10 05:16:40.180,1.5915,1.59162,1.88,1.00
2013.10.10 05:16:41.141,1.5915,1.5916,1.50,1.00
2013.10.10 05:16:42.871,1.59151,1.5916,1.00,1.00
2013.10.10 05:16:43.179,1.59154,1.59162,1.00,1.00
2013.10.10 05:16:45.272,1.59154,1.59163,1.00,3.75
2013.10.10 05:16:47.121,1.59154,1.59162,1.00,3.75
2013.10.10 05:16:48.030,1.59154,1.59161,1.00,3.75
2013.10.10 05:16:48.331,1.59152,1.59159,1.00,1.00
2013.10.10 05:16:48.452,1.59148,1.59159,1.13,4.50
2013.10.10 05:16:49.011,1.59147,1.59159,1.00,1.00
2013.10.10 05:16:51.800,1.59146,1.59159,1.50,1.00
2013.10.10 05:16:59.340,1.59146,1.59157,1.50,1.00
2013.10.10 05:16:59.701,1.59149,1.59157,1.00,1.00
2013.10.10 05:17:00.062,1.59154,1.59158,1.00,1.00
2013.10.10 05:17:00.483,1.59155,1.59158,1.00,1.00
2013.10.10 05:17:00.671,1.59147,1.59156,1.00,1.00
2013.10.10 05:17:00.792,1.59146,1.59152,2.25,1.00
2013.10.10 05:17:01.172,1.59146,1.59156,1.00,5.25
2013.10.10 05:17:01.231,1.59144,1.59156,1.50,5.25
2013.10.10 05:17:06.278,1.59147,1.59157,1.88,1.00
2013.10.10 05:17:07.727,1.59149,1.59157,1.00,1.00
2013.10.10 05:17:08.031,1.59154,1.5916,1.00,1.00
2013.10.10 05:17:08.538,1.59154,1.59161,1.00,1.00
2013.10.10 05:17:13.001,1.5915,1.59161,1.00,1.00
2013.10.10 05:17:13.121,1.59148,1.59159,1.00,1.00
2013.10.10 05:17:13.431,1.59146,1.59156,1.00,1.00
2013.10.10 05:17:14.152,1.59145,1.59156,1.50,1.00
2013.10.10 05:17:15.501,1.59144,1.59156,1.50,1.00
2013.10.10 05:17:15.861,1.59145,1.59154,1.00,1.00
2013.10.10 05:17:25.421,1.59146,1.59154,3.75,1.00
2013.10.10 05:17:25.866,1.59147,1.59157,5.63,1.00
2013.10.10 05:17:27.371,1.59149,1.59157,1.00,1.00
2013.10.10 05:17:27.823,1.59149,1.59159,1.00,1.00
2013.10.10 05:17:28.293,1.59154,1.59159,1.00,1.00
2013.10.10 05:17:29.246,1.59154,1.59161,1.00,1.50
2013.10.10 05:17:31.612,1.59154,1.59163,1.00,1.00
2013.10.10 05:17:35.081,1.59156,1.59163,3.75,1.00
2013.10.10 05:17:35.382,1.59162,1.59163,1.00,1.00
2013.10.10 05:17:35.443,1.59162,1.59165,1.00,1.00
2013.10.10 05:17:35.741,1.59156,1.59165,7.50,1.00
2013.10.10 05:17:39.760,1.59154,1.59165,4.50,1.00
2013.10.10 05:17:47.350,1.59154,1.59163,1.00,1.00
2013.10.10 05:17:51.585,1.59154,1.59164,1.00,1.00
2013.10.10 05:17:58.721,1.59153,1.59161,3.75,1.00
2013.10.10 05:17:59.261,1.59152,1.59161,3.75,1.00
2013.10.10 05:18:00.482,1.59151,1.59161,7.88,1.00
2013.10.10 05:18:01.140,1.5915,1.59161,3.75,1.00
2013.10.10 05:18:02.891,1.59149,1.59161,6.00,1.00
2013.10.10 05:18:13.091,1.5915,1.59161,3.75,1.50
2013.10.10 05:18:14.282,1.59151,1.59161,3.75,1.50
2013.10.10 05:18:16.520,1.5915,1.59161,4.50,1.50
2013.10.10 05:18:17.070,1.59151,1.59161,7.50,1.50
2013.10.10 05:18:18.121,1.59152,1.59161,3.75,1.50
2013.10.10 05:18:22.783,1.59153,1.59161,3.75,1.50
2013.10.10 05:18:29.231,1.59154,1.59161,3.75,1.50
2013.10.10 05:18:29.791,1.59153,1.59159,4.50,1.00
2013.10.10 05:18:30.211,1.59149,1.59159,1.00,1.50
2013.10.10 05:18:30.452,1.59147,1.59156,5.25,1.00
2013.10.10 05:18:31.171,1.59145,1.59156,3.75,1.50
2013.10.10 05:18:31.531,1.59144,1.59154,1.00,8.25
2013.10.10 05:18:31.891,1.59144,1.59151,1.00,1.00
2013.10.10 05:18:32.341,1.59144,1.59153,1.00,1.00
2013.10.10 05:18:34.091,1.59145,1.59154,1.00,1.00
2013.10.10 05:18:34.211,1.59147,1.59155,1.00,1.00
2013.10.10 05:18:36.461,1.59144,1.59155,1.00,1.00
2013.10.10 05:18:43.393,1.59144,1.59154,1.00,1.00
2013.10.10 05:18:46.990,1.59144,1.59156,1.00,1.50
2013.10.10 05:18:48.091,1.59147,1.59156,1.00,1.00
2013.10.10 05:18:48.393,1.59149,1.59156,1.00,1.00
2013.10.10 05:18:48.454,1.59149,1.59159,1.00,1.00
2013.10.10 05:18:56.078,1.59149,1.59161,1.00,1.50
2013.10.10 05:19:00.260,1.59154,1.59161,1.00,1.50
2013.10.10 05:19:00.501,1.59154,1.59164,1.00,1.00
2013.10.10 05:19:00.561,1.59154,1.59166,1.00,1.50
2013.10.10 05:19:02.701,1.59154,1.59164,1.00,1.69
2013.10.10 05:19:02.820,1.59154,1.59166,1.00,1.50
2013.10.10 05:19:02.944,1.59154,1.59164,1.00,1.50
2013.10.10 05:19:03.481,1.59156,1.59164,3.75,1.00
2013.10.10 05:19:04.031,1.59155,1.59164,3.75,1.00
2013.10.10 05:19:04.600,1.59155,1.59165,3.75,1.00
2013.10.10 05:19:05.152,1.59154,1.59165,1.00,1.00
2013.10.10 05:19:05.472,1.59152,1.59162,4.88,1.00
2013.10.10 05:19:05.831,1.59154,1.59161,4.50,1.00
2013.10.10 05:19:05.951,1.59154,1.59163,4.50,1.00
2013.10.10 05:19:10.761,1.59154,1.59164,1.00,1.50
2013.10.10 05:19:11.366,1.59154,1.59165,1.00,1.00
2013.10.10 05:19:16.032,1.59156,1.59165,3.75,1.00
2013.10.10 05:19:16.871,1.59157,1.59165,1.00,1.00
2013.10.10 05:19:17.051,1.59157,1.59167,4.50,1.00
2013.10.10 05:19:17.662,1.59157,1.59166,3.75,1.00
2013.10.10 05:19:18.151,1.5916,1.59167,1.00,1.00
2013.10.10 05:19:20.223,1.59157,1.59166,3.75,1.00
2013.10.10 05:19:20.731,1.59156,1.59166,7.88,1.00
2013.10.10 05:19:21.271,1.59157,1.59166,3.75,1.00
2013.10.10 05:19:21.481,1.59159,1.59166,3.75,1.00
2013.10.10 05:19:22.041,1.59158,1.59166,3.75,1.00
2013.10.10 05:19:24.182,1.59158,1.59169,3.75,3.75
2013.10.10 05:19:24.724,1.59157,1.59169,1.50,1.50
2013.10.10 05:19:26.097,1.59157,1.59167,2.25,1.00
2013.10.10 05:19:26.582,1.59164,1.59167,1.00,1.00
2013.10.10 05:19:26.703,1.59168,1.59175,1.00,1.00
2013.10.10 05:19:26.881,1.59169,1.59172,1.00,1.00
2013.10.10 05:19:26.941,1.59166,1.59172,1.00,1.00
2013.10.10 05:19:27.002,1.59162,1.59171,1.00,1.00
2013.10.10 05:19:27.541,1.5916,1.59171,1.50,1.00
2013.10.10 05:19:28.323,1.59159,1.59172,1.75,2.25
2013.10.10 05:19:28.511,1.59164,1.59172,1.00,1.50
2013.10.10 05:19:29.051,1.59164,1.59173,1.00,1.00
2013.10.10 05:19:29.361,1.59161,1.59171,8.63,1.00
2013.10.10 05:19:29.541,1.59161,1.59169,1.00,1.00
2013.10.10 05:19:30.870,1.59162,1.59169,3.75,1.00
2013.10.10 05:19:32.021,1.59162,1.59171,3.75,1.50
2013.10.10 05:19:34.751,1.59161,1.59171,7.88,1.50
2013.10.10 05:19:35.111,1.59163,1.59171,3.75,1.50
2013.10.10 05:19:35.291,1.59161,1.59171,8.63,1.50
2013.10.10 05:19:35.770,1.59163,1.59171,3.75,1.50
2013.10.10 05:19:36.131,1.59161,1.59171,8.63,2.25
2013.10.10 05:19:36.635,1.5916,1.59171,3.75,2.25
2013.10.10 05:19:38.941,1.59161,1.59171,3.75,1.50
2013.10.10 05:19:39.002,1.59166,1.59171,1.28,1.50
2013.10.10 05:19:39.181,1.59167,1.59174,1.20,1.13
2013.10.10 05:19:39.241,1.59167,1.59176,1.20,2.25
2013.10.10 05:19:39.421,1.59166,1.59174,7.50,1.00
2013.10.10 05:19:39.977,1.59165,1.59174,1.00,1.50
2013.10.10 05:19:41.430,1.59165,1.59173,1.00,1.00
2013.10.10 05:19:44.441,1.59165,1.59174,1.00,1.50
2013.10.10 05:19:49.642,1.59167,1.59174,1.00,1.50
2013.10.10 05:19:56.871,1.59167,1.59173,1.00,1.00
2013.10.10 05:20:00.423,1.5917,1.59174,1.00,1.00
2013.10.10 05:20:00.602,1.5917,1.59178,1.00,1.00
2013.10.10 05:20:01.141,1.5917,1.59179,4.50,2.25
2013.10.10 05:20:01.692,1.59171,1.59179,3.75,1.50
2013.10.10 05:20:02.491,1.5917,1.59179,5.63,1.50
2013.10.10 05:20:03.311,1.5917,1.5918,4.88,1.88
2013.10.10 05:20:03.872,1.59171,1.5918,7.50,1.50
2013.10.10 05:20:05.881,1.59171,1.59181,4.50,1.00
2013.10.10 05:20:06.122,1.59173,1.5918,3.75,1.00
2013.10.10 05:20:09.800,1.59172,1.5918,3.75,1.00
2013.10.10 05:20:10.341,1.5917,1.5918,1.00,1.88
2013.10.10 05:20:14.372,1.59171,1.5918,1.00,1.00
2013.10.10 05:20:14.442,1.59171,1.59182,4.50,2.63
2013.10.10 05:20:14.502,1.59173,1.59182,1.00,1.13
2013.10.10 05:20:14.861,1.59175,1.59183,1.00,1.88
2013.10.10 05:20:15.371,1.59176,1.59183,1.00,1.88
2013.10.10 05:20:15.931,1.59175,1.59181,1.00,1.00
2013.10.10 05:20:15.991,1.59173,1.59181,1.00,1.00
2013.10.10 05:20:16.171,1.59173,1.59179,1.00,1.00
2013.10.10 05:20:16.321,1.59173,1.59181,1.00,1.50
2013.10.10 05:20:19.182,1.59173,1.59182,1.00,1.00
2013.10.10 05:20:19.421,1.59175,1.59183,1.00,1.50
2013.10.10 05:20:24.304,1.59175,1.59184,1.00,1.00
2013.10.10 05:20:25.421,1.59175,1.59182,1.00,1.00
2013.10.10 05:20:25.481,1.59172,1.59181,3.75,1.00
2013.10.10 05:20:25.721,1.5917,1.59181,4.50,1.50
2013.10.10 05:20:26.941,1.59171,1.59181,1.00,1.50
2013.10.10 05:20:29.471,1.59169,1.5918,5.25,1.00
2013.10.10 05:20:32.701,1.59171,1.5918,1.00,1.00
2013.10.10 05:20:36.161,1.59171,1.59181,1.50,2.25
2013.10.10 05:20:38.351,1.59172,1.59181,1.00,2.25
2013.10.10 05:20:38.711,1.59174,1.59183,1.00,1.00
2013.10.10 05:20:43.041,1.59176,1.59186,1.28,1.50
2013.10.10 05:20:43.101,1.59178,1.59186,1.00,1.50
2013.10.10 05:20:43.291,1.5918,1.5919,1.00,1.00
2013.10.10 05:20:43.351,1.59182,1.5919,1.00,1.00
2013.10.10 05:20:43.591,1.59184,1.59193,1.00,5.25
2013.10.10 05:20:43.831,1.59184,1.59196,1.13,1.00
2013.10.10 05:20:43.951,1.59187,1.59197,1.00,2.25
2013.10.10 05:20:44.311,1.59187,1.59194,1.50,2.25
2013.10.10 05:20:44.491,1.59187,1.59196,1.00,1.50
2013.10.10 05:20:44.611,1.59185,1.59196,4.50,1.50
2013.10.10 05:20:45.601,1.59186,1.59196,3.75,1.50
2013.10.10 05:20:46.234,1.59187,1.59196,1.00,1.00
2013.10.10 05:20:46.591,1.59187,1.59194,1.00,1.00
2013.10.10 05:20:46.891,1.59185,1.59193,1.00,1.00
2013.10.10 05:20:47.431,1.59184,1.59193,1.00,1.00
2013.10.10 05:20:48.681,1.59184,1.59194,1.00,7.50
2013.10.10 05:20:49.221,1.59185,1.59193,1.00,1.00
2013.10.10 05:20:49.722,1.59184,1.59193,1.00,1.00
2013.10.10 05:20:50.481,1.59184,1.59194,1.00,8.25
2013.10.10 05:20:50.781,1.59187,1.59197,1.00,1.50
2013.10.10 05:20:51.321,1.59187,1.59196,1.50,1.00
2013.10.10 05:20:51.661,1.59185,1.59195,1.00,1.00
2013.10.10 05:20:53.472,1.59185,1.59196,1.00,1.00
2013.10.10 05:20:53.532,1.59187,1.59196,3.75,1.00
2013.10.10 05:20:53.712,1.59187,1.59198,5.25,1.00
2013.10.10 05:20:53.833,1.59191,1.59198,1.00,1.00
2013.10.10 05:20:54.142,1.59187,1.59198,2.25,1.00
2013.10.10 05:20:54.732,1.59187,1.59199,2.25,1.00
2013.10.10 05:20:55.271,1.59188,1.59201,1.13,1.38
2013.10.10 05:20:55.391,1.59192,1.59201,1.00,1.38
2013.10.10 05:20:55.752,1.59194,1.59203,1.00,1.38
2013.10.10 05:21:01.664,1.59189,1.59203,1.50,1.38
2013.10.10 05:21:02.354,1.59189,1.59203,1.50,1.38
2013.10.10 05:21:02.443,1.59192,1.59203,1.00,1.38
2013.10.10 05:21:02.680,1.59192,1.59203,1.00,1.00
2013.10.10 05:21:03.210,1.59192,1.59203,1.00,1.38
2013.10.10 05:21:03.561,1.59192,1.59203,1.00,1.00
2013.10.10 05:21:04.541,1.59192,1.59204,1.00,1.00
2013.10.10 05:21:05.142,1.59193,1.59205,1.00,1.00
2013.10.10 05:21:07.131,1.59194,1.59205,3.75,1.00
2013.10.10 05:21:12.852,1.59193,1.59205,4.50,1.00
2013.10.10 05:21:13.391,1.59194,1.59205,4.50,1.00
2013.10.10 05:21:15.641,1.59196,1.59205,1.00,1.00
2013.10.10 05:21:16.181,1.59196,1.59206,1.50,1.00
2013.10.10 05:21:20.132,1.59196,1.59205,1.50,1.00
2013.10.10 05:21:20.961,1.59196,1.59207,1.50,1.50
2013.10.10 05:21:21.805,1.59197,1.59206,1.00,1.00
2013.10.10 05:21:27.102,1.59197,1.59207,1.00,1.00
2013.10.10 05:21:27.904,1.59197,1.59206,1.00,1.00
2013.10.10 05:21:38.551,1.59197,1.59207,1.00,1.00
2013.10.10 05:21:42.061,1.59202,1.59211,1.00,1.00
2013.10.10 05:21:42.182,1.59203,1.59213,1.00,1.50
2013.10.10 05:21:42.721,1.59204,1.59214,1.00,2.25
2013.10.10 05:21:43.303,1.59208,1.59214,1.00,1.50
2013.10.10 05:21:43.723,1.59207,1.59216,5.25,1.00
2013.10.10 05:21:43.782,1.59207,1.59212,4.50,1.00
2013.10.10 05:21:43.902,1.59209,1.59217,1.00,1.00
2013.10.10 05:21:44.083,1.59209,1.5922,1.00,1.00
2013.10.10 05:21:45.991,1.59209,1.59222,1.00,1.00
2013.10.10 05:21:49.291,1.59209,1.59221,1.00,1.00
2013.10.10 05:21:49.864,1.59209,1.5922,1.00,1.00
2013.10.10 05:21:51.502,1.59207,1.5922,1.00,1.00
2013.10.10 05:21:53.151,1.59209,1.5922,1.00,1.00
2013.10.10 05:21:53.452,1.59211,1.59219,1.00,7.50
2013.10.10 05:21:53.631,1.59206,1.59216,2.25,1.00
2013.10.10 05:21:53.691,1.59209,1.59216,1.00,1.00
2013.10.10 05:21:53.753,1.59206,1.59215,1.00,3.75
2013.10.10 05:21:53.872,1.59204,1.59214,2.25,3.75
2013.10.10 05:21:54.418,1.59204,1.59213,1.00,3.75
2013.10.10 05:21:54.544,1.59207,1.59213,1.00,3.75
2013.10.10 05:21:56.151,1.59207,1.59212,1.00,3.75
2013.10.10 05:21:58.333,1.59207,1.59213,1.00,3.75
2013.10.10 05:21:58.841,1.59207,1.59214,1.00,7.50
2013.10.10 05:22:01.122,1.59207,1.59213,1.00,3.75
2013.10.10 05:22:01.533,1.59207,1.59215,1.00,3.75
2013.10.10 05:22:03.513,1.59207,1.59216,1.00,4.50
2013.10.10 05:22:04.075,1.59207,1.59215,1.00,3.75
2013.10.10 05:22:04.201,1.59204,1.59215,1.00,3.75
2013.10.10 05:22:05.673,1.59207,1.59216,2.40,1.50
2013.10.10 05:22:06.032,1.59214,1.5922,1.00,5.25
2013.10.10 05:22:06.212,1.59209,1.5922,1.00,1.00
2013.10.10 05:22:06.759,1.59208,1.5922,1.50,1.00
2013.10.10 05:22:11.921,1.59214,1.5922,1.00,1.00
2013.10.10 05:22:12.941,1.59214,1.59224,1.00,9.00
2013.10.10 05:22:15.511,1.59214,1.59223,1.00,3.75
2013.10.10 05:22:22.031,1.59214,1.59222,1.00,1.00
2013.10.10 05:22:22.674,1.59214,1.59223,1.00,3.75
2013.10.10 05:22:23.231,1.59214,1.59224,1.00,7.50
2013.10.10 05:22:24.040,1.59214,1.59226,1.00,1.50
2013.10.10 05:22:24.101,1.59214,1.59224,1.00,3.75
2013.10.10 05:22:30.731,1.59214,1.59225,1.50,3.75
2013.10.10 05:22:31.413,1.59214,1.59226,1.50,5.55
2013.10.10 05:22:43.401,1.59214,1.59225,1.50,1.00
2013.10.10 05:22:49.852,1.59216,1.59225,1.00,1.00
2013.10.10 05:22:50.592,1.59216,1.59226,8.25,1.50
2013.10.10 05:22:52.851,1.59217,1.59229,1.00,10.50
2013.10.10 05:22:53.211,1.59216,1.59226,1.00,1.00
2013.10.10 05:22:56.642,1.59224,1.59229,1.50,8.25
2013.10.10 05:22:56.762,1.59224,1.59231,1.00,1.50
2013.10.10 05:22:56.943,1.59225,1.59235,1.00,1.38
2013.10.10 05:22:57.123,1.59229,1.59237,1.00,4.88
2013.10.10 05:22:57.423,1.59227,1.59236,1.65,1.88
2013.10.10 05:22:57.842,1.59227,1.59236,1.88,1.00
2013.10.10 05:22:57.962,1.59227,1.59234,1.30,3.75
2013.10.10 05:22:58.142,1.59226,1.59238,1.50,1.50
2013.10.10 05:22:58.265,1.59229,1.59238,1.00,1.50
2013.10.10 05:22:58.952,1.59229,1.59238,1.00,1.00
2013.10.10 05:23:01.444,1.59229,1.59236,1.00,1.00
2013.10.10 05:23:01.683,1.59226,1.59236,1.00,5.25
2013.10.10 05:23:02.195,1.59225,1.59235,1.00,3.75
2013.10.10 05:23:02.802,1.59224,1.59235,1.00,3.75
2013.10.10 05:23:04.441,1.59224,1.59234,1.00,1.00
2013.10.10 05:23:06.981,1.59224,1.59233,1.00,3.75
2013.10.10 05:23:07.530,1.59224,1.59234,1.00,4.50
2013.10.10 05:23:08.081,1.59224,1.59233,1.00,3.75
2013.10.10 05:23:09.941,1.59223,1.59231,1.00,1.00
2013.10.10 05:23:10.121,1.59221,1.59231,1.00,1.00
2013.10.10 05:23:15.301,1.59219,1.59231,2.25,1.00
2013.10.10 05:23:15.361,1.59219,1.59229,2.25,7.50
2013.10.10 05:23:15.722,1.59215,1.59221,1.75,1.00
2013.10.10 05:23:15.841,1.59212,1.59221,1.00,1.00
2013.10.10 05:23:15.901,1.59214,1.59222,1.00,1.50
2013.10.10 05:23:16.473,1.59214,1.59224,1.00,4.50
2013.10.10 05:23:20.692,1.59219,1.59224,1.00,8.25
2013.10.10 05:23:22.942,1.59214,1.59224,1.00,8.25
2013.10.10 05:23:25.801,1.59217,1.59224,3.04,1.00
2013.10.10 05:23:25.982,1.59219,1.59227,1.00,1.00
2013.10.10 05:23:26.042,1.59219,1.59229,1.00,1.50
2013.10.10 05:23:26.101,1.59221,1.59231,1.00,2.25
2013.10.10 05:23:26.461,1.59224,1.59231,1.00,1.00
2013.10.10 05:23:27.741,1.59224,1.59232,1.00,1.50
2013.10.10 05:23:29.121,1.59221,1.59231,1.50,1.00
2013.10.10 05:23:29.302,1.59221,1.59229,1.50,3.75
2013.10.10 05:23:29.422,1.59219,1.59229,1.00,8.25
2013.10.10 05:23:29.482,1.59218,1.59226,1.00,1.00
2013.10.10 05:23:29.841,1.59215,1.59226,1.00,5.25
2013.10.10 05:23:31.751,1.59218,1.59226,1.00,5.25
2013.10.10 05:23:32.324,1.59218,1.59225,1.00,3.75
2013.10.10 05:23:32.884,1.59218,1.59226,1.00,5.25
2013.10.10 05:23:34.972,1.5922,1.59226,1.00,1.00
2013.10.10 05:23:35.333,1.59222,1.59228,1.00,1.00
2013.10.10 05:23:35.837,1.59221,1.59229,1.00,2.25
2013.10.10 05:23:37.541,1.5922,1.59229,4.50,2.25
2013.10.10 05:23:39.691,1.59219,1.59229,4.50,2.25
2013.10.10 05:23:39.992,1.59217,1.59229,2.25,10.50
2013.10.10 05:23:40.052,1.59217,1.59226,1.00,1.00
2013.10.10 05:23:40.112,1.59217,1.59229,1.50,9.75
2013.10.10 05:23:40.234,1.59216,1.59227,2.25,4.50
2013.10.10 05:23:40.653,1.59218,1.59227,1.00,1.00
2013.10.10 05:23:41.211,1.59219,1.59227,1.00,1.00
2013.10.10 05:23:41.632,1.5922,1.5923,1.00,1.50
2013.10.10 05:23:42.191,1.59218,1.59226,1.50,1.00
2013.10.10 05:23:42.732,1.59217,1.59226,1.00,1.00
2013.10.10 05:23:50.112,1.59216,1.59226,1.00,1.00
2013.10.10 05:24:03.222,1.5922,1.59226,1.00,1.00
2013.10.10 05:24:03.461,1.59221,1.5923,1.00,1.00
2013.10.10 05:24:03.702,1.59221,1.59226,1.00,1.00
2013.10.10 05:24:04.302,1.59221,1.59229,1.00,2.25
2013.10.10 05:24:09.401,1.59221,1.59231,1.00,1.50
2013.10.10 05:24:09.941,1.59222,1.59231,1.00,1.00
2013.10.10 05:24:12.671,1.59222,1.59232,4.50,1.00
2013.10.10 05:24:12.912,1.59226,1.59233,1.00,1.00
2013.10.10 05:24:13.092,1.59227,1.59236,1.00,1.00
2013.10.10 05:24:13.212,1.59229,1.59238,1.00,1.00
2013.10.10 05:24:13.522,1.59234,1.59245,1.50,6.00
2013.10.10 05:24:14.062,1.59235,1.59245,1.00,1.50
2013.10.10 05:24:15.582,1.59235,1.59244,1.00,1.00
2013.10.10 05:24:15.641,1.59232,1.59241,4.84,1.00
2013.10.10 05:24:15.822,1.59231,1.59241,1.50,1.88
2013.10.10 05:24:19.412,1.5923,1.59237,1.00,1.00
2013.10.10 05:24:19.471,1.59228,1.59237,1.50,1.00
2013.10.10 05:24:20.096,1.59228,1.59239,1.00,2.25
2013.10.10 05:24:20.751,1.59229,1.59239,3.75,2.25
2013.10.10 05:24:21.301,1.59228,1.59239,1.00,2.25
2013.10.10 05:24:23.142,1.59229,1.59239,1.00,3.00
2013.10.10 05:24:27.092,1.5923,1.59239,1.00,3.00
2013.10.10 05:24:27.631,1.59231,1.59239,1.00,1.50
2013.10.10 05:24:27.811,1.59231,1.59241,1.00,1.50
2013.10.10 05:24:38.101,1.59234,1.59241,1.00,1.00
2013.10.10 05:24:38.522,1.59236,1.59242,1.00,1.00
2013.10.10 05:24:38.644,1.59236,1.59245,1.00,1.00
2013.10.10 05:24:39.151,1.59236,1.59246,1.50,2.25
2013.10.10 05:24:40.612,1.59237,1.59246,1.00,1.50
2013.10.10 05:24:47.883,1.59236,1.59246,1.00,1.50
2013.10.10 05:24:54.685,1.59243,1.59246,1.00,1.00
2013.10.10 05:24:54.933,1.59244,1.5925,1.00,2.25
2013.10.10 05:24:55.054,1.59244,1.59252,1.00,1.00
2013.10.10 05:24:55.113,1.59244,1.59254,1.00,1.00
2013.10.10 05:24:55.352,1.59246,1.59255,1.00,1.00
2013.10.10 05:24:55.655,1.59249,1.59259,1.50,1.50
2013.10.10 05:24:55.712,1.59249,1.59259,1.00,2.50
2013.10.10 05:24:56.071,1.59252,1.59259,1.00,1.00
2013.10.10 05:24:57.325,1.59247,1.59252,1.00,1.00
2013.10.10 05:24:57.394,1.59247,1.59256,1.00,1.00
2013.10.10 05:24:57.573,1.59245,1.59256,1.50,1.00
2013.10.10 05:25:00.351,1.59246,1.59256,1.00,1.00
2013.10.10 05:25:06.352,1.59246,1.59256,1.00,1.00
2013.10.10 05:25:06.712,1.59244,1.59254,1.50,2.50
2013.10.10 05:25:06.773,1.59248,1.59254,1.00,3.25
2013.10.10 05:25:06.952,1.59249,1.59254,1.00,1.00
2013.10.10 05:25:07.072,1.59249,1.59257,1.00,3.75
2013.10.10 05:25:07.132,1.59249,1.59259,1.00,9.75
2013.10.10 05:25:07.192,1.59245,1.59259,1.13,11.88
2013.10.10 05:25:08.460,1.59244,1.59258,1.50,3.25
2013.10.10 05:25:15.632,1.59244,1.59255,1.50,1.00
2013.10.10 05:25:19.111,1.59245,1.59255,1.00,1.00
2013.10.10 05:25:22.872,1.59245,1.59256,1.00,1.00
2013.10.10 05:25:27.712,1.59246,1.59256,1.00,1.00
2013.10.10 05:25:28.782,1.59249,1.59256,1.00,1.00
2013.10.10 05:25:34.951,1.59248,1.59256,1.00,1.00
2013.10.10 05:25:45.752,1.59251,1.59258,1.00,1.00
2013.10.10 05:25:45.814,1.59251,1.59261,1.00,1.00
2013.10.10 05:25:46.352,1.59252,1.59261,1.50,1.00
2013.10.10 05:25:46.472,1.59255,1.59261,1.00,1.00
2013.10.10 05:25:46.592,1.59253,1.59261,1.00,1.00
2013.10.10 05:25:50.742,1.59254,1.59264,1.00,1.00
2013.10.10 05:25:51.283,1.59254,1.59265,1.50,1.00
2013.10.10 05:25:51.832,1.59256,1.59268,4.50,6.75
2013.10.10 05:25:52.509,1.59257,1.59268,1.00,1.00
2013.10.10 05:25:53.692,1.59259,1.59268,3.75,1.00
2013.10.10 05:25:54.052,1.59266,1.59269,4.69,1.00
2013.10.10 05:25:54.112,1.59271,1.59274,1.00,2.25
2013.10.10 05:25:54.351,1.59273,1.5928,1.00,1.00
2013.10.10 05:25:54.472,1.59277,1.59282,1.00,1.00
2013.10.10 05:25:54.652,1.59277,1.59287,1.00,1.00
2013.10.10 05:25:54.832,1.59277,1.59289,1.00,1.00
2013.10.10 05:25:57.541,1.59279,1.59289,1.00,1.00
2013.10.10 05:25:59.312,1.59279,1.59284,1.00,1.28
2013.10.10 05:25:59.433,1.59276,1.59282,1.00,4.50
2013.10.10 05:25:59.492,1.59271,1.59282,1.88,5.25
2013.10.10 05:25:59.613,1.59273,1.59282,1.00,5.25
2013.10.10 05:25:59.972,1.59274,1.59284,1.00,9.75
2013.10.10 05:26:00.621,1.59274,1.59286,1.00,1.00
2013.10.10 05:26:00.761,1.59274,1.59284,1.00,3.75
2013.10.10 05:26:03.012,1.59274,1.59286,1.00,1.00
2013.10.10 05:26:03.192,1.59276,1.59287,1.50,5.25
2013.10.10 05:26:05.091,1.59276,1.59288,1.50,4.50
2013.10.10 05:26:05.451,1.59278,1.59289,1.00,1.00
2013.10.10 05:26:07.795,1.59281,1.5929,1.00,1.00
2013.10.10 05:26:07.866,1.59281,1.59292,1.00,1.00
2013.10.10 05:26:07.993,1.59286,1.59294,1.00,1.50
2013.10.10 05:26:11.054,1.59284,1.59294,1.00,2.25
2013.10.10 05:26:11.413,1.59284,1.59296,1.00,1.50
2013.10.10 05:26:11.962,1.59285,1.59296,1.00,1.00
2013.10.10 05:26:13.034,1.59284,1.59296,1.50,1.00
2013.10.10 05:26:13.552,1.59284,1.59295,1.50,3.75
2013.10.10 05:26:14.204,1.59284,1.59294,1.00,8.25
2013.10.10 05:26:18.692,1.59284,1.59293,1.00,3.75
2013.10.10 05:26:20.331,1.59284,1.59294,1.00,8.25
2013.10.10 05:26:24.562,1.59284,1.59295,1.00,3.75
2013.10.10 05:26:28.256,1.59285,1.59295,1.00,3.75
2013.10.10 05:26:28.802,1.59285,1.59294,1.00,3.75
2013.10.10 05:26:29.661,1.59285,1.59293,1.00,3.75
2013.10.10 05:26:30.193,1.59285,1.59292,1.00,3.75
2013.10.10 05:26:31.302,1.59285,1.59293,1.00,3.75
2013.10.10 05:26:33.791,1.59285,1.59292,1.00,3.75
2013.10.10 05:26:34.447,1.59284,1.59291,1.50,3.75
2013.10.10 05:26:37.074,1.59284,1.59292,1.00,3.75
2013.10.10 05:26:37.961,1.59284,1.59293,1.00,3.75
2013.10.10 05:26:44.662,1.59284,1.59294,1.00,9.00
2013.10.10 05:26:46.153,1.59284,1.59295,1.50,4.50
2013.10.10 05:26:46.332,1.59287,1.59295,1.13,1.00
2013.10.10 05:26:46.691,1.59291,1.59297,1.50,1.00
2013.10.10 05:26:47.052,1.59294,1.59303,1.00,5.25
2013.10.10 05:26:47.559,1.59295,1.59305,1.00,4.13
2013.10.10 05:26:48.093,1.59294,1.59306,1.00,1.50
2013.10.10 05:26:48.212,1.59294,1.59303,1.00,1.00
2013.10.10 05:26:48.932,1.59295,1.59303,1.00,1.00
2013.10.10 05:26:56.641,1.59292,1.59301,4.50,1.00
2013.10.10 05:26:56.941,1.5929,1.593,5.25,1.00
2013.10.10 05:27:00.362,1.59294,1.593,1.00,1.00
2013.10.10 05:27:00.721,1.59294,1.59303,1.00,1.00
2013.10.10 05:27:06.322,1.59295,1.59303,4.13,1.00
2013.10.10 05:27:06.561,1.59299,1.59307,1.00,1.00
2013.10.10 05:27:06.682,1.59301,1.59308,1.00,1.00
2013.10.10 05:27:06.861,1.59304,1.59312,1.00,1.00
2013.10.10 05:27:07.401,1.59304,1.59313,1.00,1.50
2013.10.10 05:27:08.072,1.59304,1.59315,1.00,1.00
2013.10.10 05:27:11.142,1.59304,1.59316,1.00,2.25
2013.10.10 05:27:16.962,1.59305,1.59316,1.00,1.50
2013.10.10 05:27:17.026,1.59303,1.59313,4.50,1.00
2013.10.10 05:27:17.581,1.59302,1.59313,5.25,1.00
2013.10.10 05:27:19.887,1.59304,1.59316,1.00,2.25
2013.10.10 05:27:22.105,1.59304,1.59314,1.00,1.00
2013.10.10 05:27:25.242,1.59306,1.59314,3.75,1.00
2013.10.10 05:27:25.602,1.59309,1.59319,1.00,1.50
2013.10.10 05:27:25.723,1.59314,1.59319,3.75,1.00
2013.10.10 05:27:26.144,1.59309,1.5932,1.50,1.13
2013.10.10 05:27:26.642,1.59309,1.59318,1.00,1.00
2013.10.10 05:27:26.942,1.59307,1.59317,1.88,1.00
2013.10.10 05:27:27.472,1.59307,1.59318,5.85,1.00
2013.10.10 05:27:27.832,1.59312,1.59318,1.00,1.00
2013.10.10 05:27:28.334,1.59312,1.59319,1.00,1.50
2013.10.10 05:27:30.592,1.59309,1.59319,1.00,9.75
2013.10.10 05:27:30.652,1.59309,1.59317,1.00,1.00
2013.10.10 05:27:30.712,1.59306,1.59316,1.50,1.00
2013.10.10 05:27:30.831,1.59304,1.59315,4.88,1.00
2013.10.10 05:27:31.942,1.59304,1.59311,3.75,1.00
2013.10.10 05:27:32.181,1.59302,1.59311,3.75,1.00
2013.10.10 05:27:32.700,1.59301,1.59311,9.38,1.00
2013.10.10 05:27:35.142,1.593,1.59309,4.50,3.75
2013.10.10 05:27:35.444,1.59297,1.59303,1.50,1.00
2013.10.10 05:27:35.565,1.59299,1.59308,1.00,1.00
2013.10.10 05:27:35.624,1.59297,1.59306,1.50,1.00
2013.10.10 05:27:35.981,1.59295,1.59306,1.00,1.50
2013.10.10 05:27:36.491,1.59295,1.59305,3.75,1.00
2013.10.10 05:27:36.952,1.59295,1.59308,1.00,1.00
2013.10.10 05:27:37.192,1.59295,1.59306,3.75,1.00
2013.10.10 05:27:37.792,1.59295,1.59305,3.75,1.00
2013.10.10 05:27:38.343,1.59296,1.59305,7.50,1.00
2013.10.10 05:27:41.841,1.59296,1.59306,7.50,1.00
2013.10.10 05:27:42.343,1.59298,1.59306,3.75,1.00
2013.10.10 05:27:42.893,1.59299,1.59306,3.75,1.00
2013.10.10 05:27:44.456,1.59299,1.59304,3.75,1.00
2013.10.10 05:27:45.003,1.59304,1.59306,1.00,1.00
2013.10.10 05:27:45.122,1.59304,1.59308,1.00,1.00
2013.10.10 05:27:45.362,1.59304,1.59311,1.00,1.13
2013.10.10 05:27:52.922,1.59304,1.59312,1.00,1.00
2013.10.10 05:27:56.042,1.59304,1.59313,1.00,1.00
2013.10.10 05:27:56.804,1.59305,1.59313,1.00,1.00
2013.10.10 05:27:57.333,1.59305,1.59314,1.00,1.00
2013.10.10 05:27:59.824,1.59305,1.59314,1.53,1.00
2013.10.10 05:27:59.883,1.59306,1.59316,1.80,1.00
2013.10.10 05:27:59.943,1.59309,1.59316,1.00,1.00
2013.10.10 05:28:00.123,1.59307,1.59318,1.50,1.00
2013.10.10 05:28:00.422,1.59307,1.59316,1.50,1.00
2013.10.10 05:28:09.922,1.59307,1.59317,1.50,1.00
2013.10.10 05:28:10.932,1.59307,1.59318,1.50,1.00
2013.10.10 05:28:18.523,1.5931,1.59318,1.00,1.00
2013.10.10 05:28:21.186,1.59307,1.59318,1.50,1.00
2013.10.10 05:28:21.314,1.5931,1.59319,1.00,1.00
2013.10.10 05:28:21.672,1.59306,1.59319,1.00,1.50
2013.10.10 05:28:21.793,1.59306,1.59319,1.00,7.00
2013.10.10 05:28:28.522,1.59308,1.59314,1.17,1.00
2013.10.10 05:28:28.824,1.59312,1.5932,1.00,1.00
2013.10.10 05:28:28.884,1.59314,1.5932,1.00,1.00
2013.10.10 05:28:29.193,1.59313,1.59317,1.00,1.00
2013.10.10 05:28:29.312,1.5931,1.59317,1.00,1.00
2013.10.10 05:28:30.091,1.59309,1.59317,1.00,1.00
2013.10.10 05:28:30.602,1.59308,1.59317,1.00,1.00
2013.10.10 05:28:35.092,1.59311,1.59317,1.00,1.00
2013.10.10 05:28:35.452,1.59314,1.59326,1.00,1.00
2013.10.10 05:28:36.312,1.59314,1.59322,1.00,1.00
2013.10.10 05:28:46.002,1.59316,1.59322,3.75,1.00
2013.10.10 05:28:46.362,1.59314,1.59324,6.38,1.50
2013.10.10 05:28:58.763,1.59315,1.59324,3.75,1.50
2013.10.10 05:28:58.825,1.59317,1.59324,1.00,1.50
2013.10.10 05:28:59.243,1.5932,1.59325,1.00,1.00
2013.10.10 05:28:59.362,1.59317,1.59325,3.75,1.00
2013.10.10 05:28:59.884,1.59318,1.59326,3.75,2.25
2013.10.10 05:29:01.711,1.59317,1.59326,4.50,2.25
2013.10.10 05:29:01.953,1.59319,1.59326,1.00,2.25
2013.10.10 05:29:02.313,1.59323,1.59329,1.00,1.00
2013.10.10 05:29:02.433,1.59322,1.59331,3.75,1.00
2013.10.10 05:29:05.423,1.59323,1.59331,3.75,1.00
2013.10.10 05:29:06.745,1.59324,1.59331,3.75,1.00
2013.10.10 05:29:10.199,1.59323,1.59331,3.75,1.00
2013.10.10 05:29:10.833,1.59324,1.59331,3.75,1.00
2013.10.10 05:29:13.161,1.59323,1.59331,4.50,1.00
2013.10.10 05:29:13.835,1.59324,1.59331,3.75,1.00
2013.10.10 05:29:14.393,1.59324,1.59332,4.50,1.00
2013.10.10 05:29:14.511,1.59324,1.59335,4.50,1.00
2013.10.10 05:29:15.146,1.59325,1.59335,3.75,1.00
2013.10.10 05:29:15.662,1.59326,1.59335,7.50,1.00
2013.10.10 05:29:15.785,1.59329,1.59335,1.00,1.00
2013.10.10 05:29:16.093,1.59334,1.59344,1.00,1.00
2013.10.10 05:29:16.218,1.59332,1.59341,1.00,1.13
2013.10.10 05:29:16.761,1.59333,1.59342,1.00,1.00
2013.10.10 05:29:17.001,1.59334,1.59344,1.50,2.25
2013.10.10 05:29:18.132,1.59334,1.59345,1.00,1.50
2013.10.10 05:29:18.312,1.59336,1.59342,1.00,1.00
2013.10.10 05:29:18.552,1.59338,1.59347,1.00,1.88
2013.10.10 05:29:18.732,1.59339,1.5935,1.00,1.00
2013.10.10 05:29:19.333,1.59339,1.5935,1.38,1.00
2013.10.10 05:29:19.692,1.59349,1.59358,1.00,1.00
2013.10.10 05:29:19.872,1.59349,1.5936,1.00,1.50
2013.10.10 05:29:20.493,1.59349,1.59359,1.00,1.00
2013.10.10 05:29:21.031,1.59349,1.59358,1.00,5.25
2013.10.10 05:29:21.896,1.59346,1.59351,1.50,1.00
2013.10.10 05:29:22.204,1.59347,1.59355,1.13,1.00
2013.10.10 05:29:22.266,1.59349,1.59355,1.00,1.00
2013.10.10 05:29:22.572,1.59351,1.59361,1.09,1.00
2013.10.10 05:29:22.633,1.59353,1.59361,1.00,1.00
2013.10.10 05:29:22.693,1.59357,1.59364,1.00,1.88
2013.10.10 05:29:23.051,1.59354,1.59361,1.00,1.00
2013.10.10 05:29:23.553,1.59351,1.59361,1.00,1.00
2013.10.10 05:29:23.933,1.59351,1.59357,1.00,3.75
2013.10.10 05:29:24.247,1.59345,1.59354,1.00,1.00
2013.10.10 05:29:24.432,1.59343,1.59354,1.00,4.50
2013.10.10 05:29:24.971,1.59344,1.59353,1.00,1.00
2013.10.10 05:29:25.151,1.59344,1.59355,1.00,1.50
2013.10.10 05:29:25.992,1.59341,1.59353,5.25,1.00
2013.10.10 05:29:28.484,1.59344,1.59354,1.00,7.50
2013.10.10 05:29:29.042,1.59345,1.59355,3.75,1.50
2013.10.10 05:29:29.402,1.59347,1.59355,3.75,1.50
2013.10.10 05:29:30.432,1.59346,1.59355,4.88,1.00
2013.10.10 05:29:32.141,1.59345,1.59355,5.25,1.50
2013.10.10 05:29:33.212,1.59344,1.59355,1.50,1.50
2013.10.10 05:29:34.942,1.59344,1.59356,1.00,1.13
2013.10.10 05:29:38.198,1.59343,1.59351,4.50,1.00
2013.10.10 05:29:39.265,1.59342,1.59351,5.25,1.00
2013.10.10 05:29:47.972,1.59341,1.59349,5.63,3.75
2013.10.10 05:29:48.154,1.59339,1.59349,1.50,8.25
2013.10.10 05:29:48.213,1.59339,1.59347,1.00,1.00
2013.10.10 05:29:48.752,1.59339,1.59347,1.00,1.50
2013.10.10 05:29:49.051,1.59339,1.59349,1.00,9.75
2013.10.10 05:29:49.596,1.59337,1.59349,1.00,6.00
2013.10.10 05:29:49.663,1.59339,1.59349,1.00,6.00
2013.10.10 05:29:50.022,1.59337,1.59345,1.00,1.00
2013.10.10 05:29:50.382,1.59337,1.59347,1.00,1.00
2013.10.10 05:29:50.442,1.59335,1.59347,1.50,1.00
2013.10.10 05:29:50.742,1.59339,1.59347,1.00,1.13
2013.10.10 05:29:52.122,1.59337,1.59342,1.00,1.00
2013.10.10 05:29:52.306,1.59333,1.59342,1.00,1.00
2013.10.10 05:29:52.492,1.59334,1.59344,1.00,1.00
2013.10.10 05:29:53.032,1.59334,1.59343,4.50,1.00
2013.10.10 05:29:54.432,1.59332,1.59342,3.75,1.00
2013.10.10 05:29:54.972,1.59331,1.59342,8.25,1.00
2013.10.10 05:29:55.472,1.59332,1.59344,1.00,8.25
2013.10.10 05:29:56.012,1.59331,1.59339,1.00,1.00
2013.10.10 05:29:56.552,1.5933,1.59339,1.00,1.00
2013.10.10 05:29:59.904,1.59333,1.59343,1.00,4.50
2013.10.10 05:30:00.323,1.59333,1.59341,1.00,1.00
2013.10.10 05:30:01.443,1.59331,1.5934,1.00,1.00
2013.10.10 05:30:01.992,1.59332,1.59341,1.00,1.00
2013.10.10 05:30:04.943,1.59332,1.59344,1.38,2.25
2013.10.10 05:30:05.063,1.59338,1.59344,1.00,1.50
2013.10.10 05:30:05.543,1.59338,1.59344,1.00,3.38
2013.10.10 05:30:05.724,1.59334,1.59344,1.00,3.38
2013.10.10 05:30:06.913,1.59334,1.59344,1.00,1.50
2013.10.10 05:30:07.772,1.59334,1.59344,1.38,1.38
2013.10.10 05:30:07.832,1.59334,1.59346,3.38,6.00
2013.10.10 05:30:08.072,1.59334,1.59346,3.38,6.15
2013.10.10 05:30:08.491,1.59334,1.59346,3.38,6.00
2013.10.10 05:30:08.672,1.59339,1.59346,3.75,1.50
2013.10.10 05:30:08.973,1.59339,1.59346,6.38,1.00
2013.10.10 05:30:10.657,1.59338,1.59346,5.40,1.00
2013.10.10 05:30:11.282,1.59338,1.59346,4.28,1.00
2013.10.10 05:30:11.402,1.59338,1.59346,4.65,1.00
2013.10.10 05:30:11.883,1.59338,1.59349,4.65,2.25
2013.10.10 05:30:14.942,1.59341,1.59349,5.25,1.50
2013.10.10 05:30:15.242,1.59343,1.59354,1.00,2.25
2013.10.10 05:30:15.483,1.59345,1.59355,1.00,3.00
2013.10.10 05:30:15.894,1.59346,1.59356,1.20,1.88
2013.10.10 05:30:16.023,1.59346,1.59356,1.88,1.13
2013.10.10 05:30:16.084,1.59348,1.59356,2.25,1.00
2013.10.10 05:30:16.382,1.59349,1.59361,1.75,1.00
2013.10.10 05:30:19.022,1.59349,1.59363,1.38,2.63
2013.10.10 05:30:19.083,1.59349,1.59362,1.13,2.63
2013.10.10 05:30:19.822,1.59349,1.59364,1.75,4.13
2013.10.10 05:30:23.392,1.59348,1.5936,3.38,1.00
2013.10.10 05:30:23.752,1.59347,1.59356,1.75,1.00
2013.10.10 05:30:24.892,1.59345,1.59356,4.50,1.00
2013.10.10 05:30:27.763,1.5935,1.59359,1.00,3.00
2013.10.10 05:30:28.302,1.59348,1.59356,4.50,1.00
2013.10.10 05:30:29.364,1.59346,1.59359,6.38,5.63
2013.10.10 05:30:29.424,1.59346,1.59357,2.63,3.75
2013.10.10 05:30:29.483,1.59344,1.59357,2.63,4.13
2013.10.10 05:30:29.663,1.59344,1.59355,2.63,1.00
2013.10.10 05:30:30.022,1.59349,1.59358,1.00,6.38
2013.10.10 05:30:30.142,1.59343,1.59355,6.00,1.13
2013.10.10 05:30:36.134,1.59343,1.59354,1.13,8.25
2013.10.10 05:30:38.172,1.59343,1.59354,1.75,7.50
2013.10.10 05:30:39.333,1.59343,1.59354,1.50,7.88
2013.10.10 05:30:39.892,1.59343,1.59354,1.13,8.25
2013.10.10 05:30:42.682,1.59343,1.59355,1.75,1.13
2013.10.10 05:30:49.992,1.59343,1.59355,1.13,5.25
2013.10.10 05:30:56.037,1.59343,1.59355,1.50,1.38
2013.10.10 05:30:56.104,1.59343,1.59355,1.75,1.13
2013.10.10 05:31:16.125,1.59343,1.59355,4.88,1.50
2013.10.10 05:31:16.182,1.59343,1.59355,4.88,1.75
2013.10.10 05:31:16.802,1.59343,1.59355,4.88,3.38
2013.10.10 05:31:17.508,1.59343,1.59354,4.50,2.63
2013.10.10 05:31:18.822,1.59343,1.59355,4.88,1.75
2013.10.10 05:31:24.922,1.59343,1.59354,1.00,2.63
2013.10.10 05:31:32.505,1.59342,1.59354,4.50,2.63
2013.10.10 05:31:35.043,1.59342,1.59355,1.38,2.63
2013.10.10 05:31:35.546,1.59342,1.59356,1.50,6.75
2013.10.10 05:31:51.311,1.59342,1.59349,2.25,3.75
2013.10.10 05:31:51.612,1.59334,1.59345,1.38,3.38
2013.10.10 05:31:51.972,1.5933,1.59341,5.63,1.50
2013.10.10 05:31:52.332,1.59329,1.59338,1.00,4.13
2013.10.10 05:31:52.392,1.59329,1.59338,1.00,5.25
2013.10.10 05:31:52.512,1.59325,1.59336,1.50,1.13
2013.10.10 05:31:52.693,1.59323,1.59334,4.13,1.88
2013.10.10 05:31:52.752,1.5932,1.59334,4.50,2.25
2013.10.10 05:31:54.286,1.59324,1.59334,1.00,2.25
2013.10.10 05:31:54.884,1.59325,1.59334,3.75,1.75
2013.10.10 05:31:57.584,1.59325,1.59334,3.75,3.38
2013.10.10 05:31:57.942,1.59328,1.59333,3.75,2.63
2013.10.10 05:31:58.489,1.59327,1.59333,3.75,2.63
2013.10.10 05:31:58.752,1.59325,1.59333,3.75,2.63
2013.10.10 05:31:59.262,1.59324,1.59333,1.00,2.63
2013.10.10 05:32:27.452,1.59325,1.59333,3.75,2.63
2013.10.10 05:32:29.233,1.59324,1.59333,1.00,2.63
2013.10.10 05:32:29.294,1.59322,1.59333,1.00,2.63
2013.10.10 05:32:29.843,1.59321,1.59331,7.50,1.50
2013.10.10 05:32:30.392,1.59319,1.5933,6.75,1.00
2013.10.10 05:32:36.982,1.59319,1.5933,5.63,1.38
2013.10.10 05:32:37.671,1.59319,1.5933,5.25,1.88
2013.10.10 05:32:47.953,1.59319,1.59328,1.00,6.00
2013.10.10 05:32:48.014,1.59314,1.59324,3.00,1.00
2013.10.10 05:32:48.133,1.59314,1.59321,1.75,1.00
2013.10.10 05:32:48.253,1.59311,1.59321,1.00,1.50
2013.10.10 05:32:48.313,1.5931,1.59321,3.75,3.38
2013.10.10 05:32:48.614,1.59307,1.59316,3.75,1.38
2013.10.10 05:32:48.973,1.59306,1.59314,7.88,1.75
2013.10.10 05:32:49.773,1.59305,1.59314,4.50,1.75
2013.10.10 05:32:51.152,1.59305,1.59314,4.50,1.50
2013.10.10 05:32:51.823,1.59304,1.59311,4.50,1.00
2013.10.10 05:32:52.124,1.59301,1.59306,10.13,1.00
2013.10.10 05:32:52.483,1.59301,1.59306,1.13,1.00
2013.10.10 05:32:52.902,1.59301,1.59311,8.63,2.25
2013.10.10 05:32:53.203,1.59304,1.59312,1.00,1.50
2013.10.10 05:32:54.272,1.59305,1.59313,3.75,1.75
2013.10.10 05:32:55.252,1.59309,1.59313,1.00,1.00
2013.10.10 05:32:55.372,1.59309,1.59315,1.00,1.13
2013.10.10 05:32:55.922,1.59308,1.59316,3.75,1.50
2013.10.10 05:32:57.274,1.59308,1.59311,3.75,1.00
2013.10.10 05:32:58.053,1.59308,1.59316,3.75,1.50
2013.10.10 05:32:59.673,1.59309,1.59316,3.75,1.50
2013.10.10 05:33:06.173,1.59308,1.59316,4.05,1.50
2013.10.10 05:33:07.172,1.59306,1.59316,1.00,1.50
2013.10.10 05:33:07.782,1.59308,1.59316,4.20,1.50
2013.10.10 05:33:08.143,1.59311,1.59319,4.35,1.13
2013.10.10 05:33:10.952,1.59314,1.59321,3.75,1.75
2013.10.10 05:33:11.312,1.59315,1.59324,3.75,1.13
2013.10.10 05:33:11.852,1.59316,1.59325,7.50,2.63
2013.10.10 05:33:12.393,1.59315,1.59325,1.00,2.63
2013.10.10 05:33:12.943,1.59316,1.59325,7.50,2.63
2013.10.10 05:33:14.282,1.59318,1.59325,3.75,2.63
2013.10.10 05:33:14.342,1.59318,1.59326,3.75,1.75
2013.10.10 05:33:14.582,1.59318,1.59326,4.65,1.00
2013.10.10 05:33:15.692,1.59321,1.59331,3.75,1.50
2013.10.10 05:33:16.483,1.59324,1.59333,1.00,2.63
2013.10.10 05:33:16.732,1.59324,1.59335,1.00,3.38
2013.10.10 05:33:28.932,1.59324,1.59331,3.75,1.00
2013.10.10 05:33:29.492,1.59323,1.59331,3.75,1.00
2013.10.10 05:33:33.303,1.59326,1.59331,3.75,1.00
2013.10.10 05:33:33.843,1.59325,1.59331,3.75,1.00
2013.10.10 05:33:34.382,1.59326,1.59335,7.50,2.63
2013.10.10 05:33:36.503,1.59327,1.59336,1.53,2.25
2013.10.10 05:33:36.562,1.59327,1.59341,1.65,2.63
2013.10.10 05:33:37.113,1.59329,1.59341,1.00,2.63
2013.10.10 05:33:39.527,1.59334,1.59341,1.00,2.63
2013.10.10 05:33:39.772,1.59334,1.59343,1.00,2.63
2013.10.10 05:33:41.152,1.59334,1.59345,1.00,2.63
2013.10.10 05:33:43.692,1.59334,1.59343,1.00,2.63
2013.10.10 05:33:46.343,1.59334,1.59344,1.00,2.63
2013.10.10 05:33:46.943,1.59334,1.59345,1.00,6.38
2013.10.10 05:33:50.932,1.59334,1.59344,1.00,2.63
2013.10.10 05:33:51.531,1.59334,1.59343,1.00,2.63
2013.10.10 05:33:56.742,1.59334,1.59342,1.00,2.63
2013.10.10 05:34:01.224,1.59339,1.59342,1.00,2.63
2013.10.10 05:34:01.402,1.59339,1.59345,1.00,6.38
2013.10.10 05:34:01.462,1.59335,1.59345,1.00,6.38
2013.10.10 05:34:01.924,1.59335,1.59342,1.00,2.63
2013.10.10 05:34:02.442,1.59334,1.59343,1.00,6.38
2013.10.10 05:34:09.995,1.59336,1.59341,1.00,2.63
2013.10.10 05:34:22.036,1.59334,1.59341,1.00,2.63
2013.10.10 05:34:22.223,1.59334,1.59344,1.00,3.38
2013.10.10 05:34:22.763,1.59334,1.59343,1.00,1.00
2013.10.10 05:34:23.232,1.59334,1.59344,1.00,3.38
2013.10.10 05:34:29.943,1.59334,1.59345,4.50,1.75
2013.10.10 05:34:30.003,1.5934,1.59345,1.00,1.75
2013.10.10 05:34:30.063,1.59337,1.59345,1.00,1.75
2013.10.10 05:34:30.302,1.59335,1.59345,3.75,1.75
2013.10.10 05:34:30.852,1.59334,1.59345,4.50,1.75
2013.10.10 05:34:37.923,1.59334,1.59342,4.50,1.00
2013.10.10 05:34:38.102,1.5933,1.59341,4.13,2.25
2013.10.10 05:34:40.632,1.59329,1.59339,1.50,6.25
2013.10.10 05:34:40.992,1.59324,1.59334,1.50,3.38
2013.10.10 05:34:41.912,1.59324,1.59334,1.00,3.38
2013.10.10 05:34:46.236,1.59327,1.59333,1.00,1.75
2013.10.10 05:34:46.422,1.59327,1.59335,1.00,1.50
2013.10.10 05:34:47.453,1.59327,1.59336,1.13,1.00
2013.10.10 05:34:49.143,1.59327,1.59336,1.00,1.38
2013.10.10 05:34:49.323,1.59324,1.59336,5.25,2.25
2013.10.10 05:34:49.875,1.59323,1.5933,5.25,1.00
2013.10.10 05:34:50.355,1.59324,1.59334,1.13,1.38
2013.10.10 05:34:53.763,1.59324,1.59335,4.88,1.50
2013.10.10 05:34:54.002,1.59325,1.59335,4.88,1.00
2013.10.10 05:34:55.483,1.59324,1.59336,7.13,1.50
2013.10.10 05:34:55.842,1.59327,1.59336,3.38,1.00
2013.10.10 05:34:56.622,1.59327,1.59335,3.38,1.00
2013.10.10 05:34:56.682,1.59327,1.59335,1.50,1.00
2013.10.10 05:34:57.886,1.59327,1.59336,1.50,1.00
2013.10.10 05:34:58.073,1.59327,1.59336,6.38,1.50
2013.10.10 05:34:58.253,1.5933,1.59339,1.13,1.00
2013.10.10 05:34:58.373,1.59332,1.59341,2.63,1.00
2013.10.10 05:34:58.677,1.59334,1.59344,3.38,2.25
2013.10.10 05:34:59.233,1.59334,1.59344,3.38,1.50
2013.10.10 05:35:00.612,1.59334,1.59345,7.13,1.00
2013.10.10 05:35:01.185,1.59335,1.59346,4.50,2.25
2013.10.10 05:35:01.973,1.59335,1.59346,4.50,2.50
2013.10.10 05:35:02.933,1.59334,1.59346,7.88,2.25
2013.10.10 05:35:10.003,1.59335,1.59346,4.50,1.00
2013.10.10 05:35:15.822,1.59335,1.59345,4.13,1.13
2013.10.10 05:35:27.373,1.59335,1.59345,4.50,1.00
2013.10.10 05:35:37.973,1.59335,1.59345,4.50,1.13
2013.10.10 05:35:38.533,1.59335,1.59345,4.13,1.13
2013.10.10 05:35:43.943,1.59336,1.59345,7.50,1.13
2013.10.10 05:35:52.969,1.59335,1.59346,4.88,2.25
2013.10.10 05:35:57.632,1.59335,1.59345,4.50,1.13
2013.10.10 05:35:58.133,1.59335,1.59345,4.50,1.00
2013.10.10 05:35:58.923,1.59333,1.59345,5.25,1.13
2013.10.10 05:36:06.642,1.59336,1.59345,1.00,1.13
2013.10.10 05:36:09.182,1.59335,1.59346,4.13,2.25
2013.10.10 05:36:09.825,1.59336,1.59346,7.50,1.50
2013.10.10 05:36:11.472,1.59336,1.59346,7.65,1.50
2013.10.10 05:36:11.835,1.59342,1.59349,3.75,1.88
2013.10.10 05:36:12.382,1.59343,1.59349,4.13,1.00
2013.10.10 05:36:12.623,1.59346,1.59354,8.25,1.00
2013.10.10 05:36:12.802,1.59346,1.59354,8.25,1.00
2013.10.10 05:36:12.983,1.59347,1.59356,4.50,1.50
2013.10.10 05:36:13.103,1.59347,1.59356,6.38,1.50
2013.10.10 05:36:15.753,1.59349,1.59356,3.38,1.00
2013.10.10 05:36:15.813,1.59349,1.59359,4.13,1.50
2013.10.10 05:36:16.052,1.59349,1.59361,9.38,1.50
2013.10.10 05:36:34.023,1.59349,1.59358,3.38,4.50
2013.10.10 05:36:34.204,1.59348,1.59356,1.13,1.50
2013.10.10 05:36:34.503,1.59344,1.59355,2.25,1.50
2013.10.10 05:36:35.253,1.59344,1.59355,1.13,1.50
2013.10.10 05:36:41.433,1.59345,1.59355,3.75,1.50
2013.10.10 05:36:44.433,1.59347,1.59356,5.25,2.25
2013.10.10 05:36:44.792,1.59349,1.59359,8.25,1.00
2013.10.10 05:37:04.722,1.5935,1.59361,4.50,1.50
2013.10.10 05:37:05.792,1.59353,1.59361,3.75,1.50
2013.10.10 05:37:07.367,1.59352,1.59361,4.13,1.50
2013.10.10 05:37:07.879,1.59353,1.59361,1.00,1.50
2013.10.10 05:37:08.423,1.59353,1.59361,4.50,1.00
2013.10.10 05:37:08.543,1.59357,1.59361,3.75,1.00
2013.10.10 05:37:08.663,1.59361,1.59369,6.75,1.13
2013.10.10 05:37:08.723,1.59361,1.5937,1.13,1.13
2013.10.10 05:37:08.783,1.59361,1.59372,1.50,4.13
2013.10.10 05:37:09.143,1.59361,1.59372,3.38,3.75
2013.10.10 05:37:09.453,1.59363,1.59373,2.63,1.00
2013.10.10 05:37:10.013,1.59364,1.59374,1.75,8.63
2013.10.10 05:37:10.593,1.59364,1.59374,3.38,3.75
2013.10.10 05:37:10.653,1.59369,1.59378,1.00,4.13
2013.10.10 05:37:11.173,1.59365,1.59378,3.38,4.13
2013.10.10 05:37:13.573,1.59365,1.59377,3.38,3.75
2013.10.10 05:37:13.752,1.59365,1.59377,1.38,6.00
2013.10.10 05:37:13.812,1.59365,1.59377,1.00,6.38
2013.10.10 05:37:19.343,1.59365,1.59378,1.38,6.38
2013.10.10 05:37:19.882,1.59365,1.59378,1.50,4.50
2013.10.10 05:37:40.282,1.59364,1.59376,3.38,4.50
2013.10.10 05:37:42.142,1.59364,1.59376,1.50,5.25
2013.10.10 05:37:50.184,1.59369,1.59377,1.00,4.50
2013.10.10 05:37:50.743,1.59369,1.59379,1.00,2.63
2013.10.10 05:37:50.863,1.59371,1.59381,7.50,1.75
2013.10.10 05:37:51.688,1.5937,1.59381,4.50,1.75
2013.10.10 05:37:52.192,1.5937,1.59381,4.88,1.50
2013.10.10 05:37:52.722,1.5937,1.59381,5.25,1.13
2013.10.10 05:37:55.044,1.59371,1.59381,2.63,1.00
2013.10.10 05:37:55.244,1.59369,1.59381,9.00,1.00
2013.10.10 05:37:55.802,1.59369,1.59381,7.13,1.38
2013.10.10 05:37:56.363,1.59369,1.59381,7.13,1.50
2013.10.10 05:37:56.542,1.59369,1.59381,6.38,3.38
2013.10.10 05:37:56.722,1.59369,1.59381,7.13,1.50
2013.10.10 05:38:01.695,1.59374,1.59383,1.00,7.13
2013.10.10 05:38:01.872,1.59374,1.59383,1.00,4.50
2013.10.10 05:38:02.353,1.59374,1.59379,1.00,3.75
2013.10.10 05:38:02.713,1.59367,1.59372,3.00,1.00
2013.10.10 05:38:02.832,1.59367,1.59371,1.00,4.13
2013.10.10 05:38:02.952,1.59359,1.59368,1.13,1.00
2013.10.10 05:38:03.192,1.59354,1.59367,1.13,2.63
2013.10.10 05:38:03.733,1.59355,1.59367,1.00,2.63
2013.10.10 05:38:04.773,1.59355,1.59365,1.00,2.63
2013.10.10 05:38:07.474,1.59355,1.59366,1.00,1.75
2013.10.10 05:38:07.713,1.59355,1.59365,1.00,2.63
2013.10.10 05:38:10.163,1.59355,1.59367,1.00,3.38
2013.10.10 05:38:10.673,1.59356,1.59367,1.00,3.38
2013.10.10 05:38:16.293,1.59356,1.59366,1.13,1.13
2013.10.10 05:38:19.683,1.59356,1.59369,1.50,3.38
2013.10.10 05:38:19.743,1.59356,1.5937,1.75,1.75
2013.10.10 05:38:20.043,1.59363,1.5937,1.00,1.13
2013.10.10 05:38:20.284,1.59363,1.59372,1.50,1.20
2013.10.10 05:38:20.404,1.59367,1.59372,1.00,1.20
2013.10.10 05:38:20.463,1.59363,1.59372,1.50,1.20
2013.10.10 05:38:20.909,1.59368,1.59372,1.00,1.20
2013.10.10 05:38:21.174,1.59364,1.59372,1.13,1.20
2013.10.10 05:38:23.094,1.59364,1.59375,1.88,2.63
2013.10.10 05:38:23.395,1.59368,1.59376,4.13,2.25
2013.10.10 05:38:23.513,1.59367,1.59378,4.50,1.00
2013.10.10 05:38:24.112,1.59366,1.59376,3.00,1.00
2013.10.10 05:38:25.323,1.59366,1.59378,3.83,1.00
2013.10.10 05:38:28.103,1.59366,1.59378,1.95,1.38
2013.10.10 05:38:28.583,1.59369,1.59379,3.00,1.13
2013.10.10 05:38:28.945,1.59369,1.59381,3.38,1.13
2013.10.10 05:38:30.963,1.59369,1.5938,3.38,3.75
2013.10.10 05:38:31.023,1.59369,1.5938,3.00,4.50
2013.10.10 05:38:40.566,1.59369,1.59375,2.63,1.00
2013.10.10 05:38:44.463,1.59369,1.5938,3.38,3.75
2013.10.10 05:38:45.003,1.59369,1.59381,3.38,5.63
2013.10.10 05:38:45.953,1.59369,1.5938,2.25,1.38
2013.10.10 05:38:46.193,1.59364,1.59374,1.50,7.88
2013.10.10 05:38:46.732,1.59364,1.59374,1.13,7.88
2013.10.10 05:38:53.523,1.59364,1.59373,1.13,3.75
2013.10.10 05:38:54.063,1.59364,1.59372,1.00,4.13
2013.10.10 05:39:04.113,1.59363,1.59372,1.00,4.13
2013.10.10 05:39:07.166,1.59364,1.59375,1.00,7.13
2013.10.10 05:39:08.832,1.59363,1.59374,1.00,8.25
2013.10.10 05:39:11.572,1.59364,1.59375,1.00,2.63
2013.10.10 05:39:14.323,1.59364,1.59373,1.00,1.00
2013.10.10 05:39:24.413,1.59362,1.59371,1.50,1.00
2013.10.10 05:39:24.593,1.59359,1.59371,4.13,1.13
2013.10.10 05:39:27.835,1.59359,1.5937,4.13,3.75
2013.10.10 05:39:45.202,1.5936,1.5937,1.00,4.13
2013.10.10 05:39:46.553,1.59359,1.59369,3.38,3.75
2013.10.10 05:39:46.793,1.59359,1.59367,1.50,3.75
2013.10.10 05:39:47.153,1.59354,1.59363,1.00,4.50
2013.10.10 05:39:47.453,1.59354,1.5936,1.00,3.75
2013.10.10 05:39:51.633,1.59355,1.59363,1.00,2.63
2013.10.10 05:39:51.874,1.59355,1.59365,1.00,2.63
2013.10.10 05:40:00.413,1.59353,1.59361,1.00,1.00
2013.10.10 05:40:00.953,1.59352,1.59361,1.13,1.00
2013.10.10 05:40:23.123,1.59354,1.59363,1.00,2.63
2013.10.10 05:40:23.303,1.59354,1.59365,1.00,6.38
2013.10.10 05:40:24.153,1.59355,1.59365,1.00,1.88
2013.10.10 05:40:24.393,1.59355,1.59365,1.13,1.00
2013.10.10 05:40:25.184,1.59354,1.59364,1.50,3.75
2013.10.10 05:40:25.244,1.59353,1.5936,1.75,1.00
2013.10.10 05:40:25.303,1.59353,1.59363,1.75,3.75
2013.10.10 05:40:25.864,1.59352,1.59362,2.86,4.50
2013.10.10 05:40:26.103,1.59351,1.59362,2.30,1.00
2013.10.10 05:40:26.643,1.59354,1.59362,1.00,3.75
2013.10.10 05:40:27.683,1.59354,1.59361,1.00,3.75
2013.10.10 05:40:27.804,1.59354,1.59359,1.00,7.50
2013.10.10 05:40:27.984,1.59349,1.59358,4.50,3.75
2013.10.10 05:40:28.045,1.59349,1.59354,3.75,1.00
2013.10.10 05:40:28.284,1.59349,1.59352,1.00,1.00
2013.10.10 05:40:28.586,1.59346,1.59351,1.13,3.75
2013.10.10 05:40:28.833,1.59346,1.59353,1.00,1.00
2013.10.10 05:40:29.568,1.59346,1.59352,1.00,3.75
2013.10.10 05:40:29.695,1.59344,1.59352,1.13,4.13
2013.10.10 05:40:32.153,1.59339,1.5935,2.63,1.00
2013.10.10 05:40:32.275,1.59339,1.59348,2.63,3.75
2013.10.10 05:40:32.454,1.59339,1.59347,2.25,1.00
2013.10.10 05:40:34.063,1.59339,1.5935,3.00,1.50
2013.10.10 05:40:50.513,1.59339,1.59348,1.00,4.50
2013.10.10 05:40:51.955,1.59339,1.59348,1.13,3.75
2013.10.10 05:40:53.993,1.59339,1.59347,1.13,3.75
2013.10.10 05:40:54.565,1.59339,1.59347,1.00,4.50
2013.10.10 05:40:58.623,1.59339,1.59345,1.00,3.75
2013.10.10 05:40:59.153,1.59339,1.59346,1.00,4.88
2013.10.10 05:41:07.503,1.59339,1.59348,1.13,4.13
2013.10.10 05:41:10.003,1.59339,1.59349,1.13,9.00
2013.10.10 05:41:10.553,1.59339,1.59346,1.00,4.13
2013.10.10 05:41:11.093,1.59339,1.59345,1.00,3.75
2013.10.10 05:41:11.633,1.59339,1.59348,1.00,5.25
2013.10.10 05:41:12.233,1.59338,1.59347,1.00,4.50
2013.10.10 05:41:14.172,1.59334,1.59346,6.00,1.88
2013.10.10 05:41:14.353,1.59334,1.59346,1.38,8.25
2013.10.10 05:41:14.713,1.59334,1.59346,3.00,2.25
2013.10.10 05:41:14.833,1.59334,1.59345,1.13,1.38
2013.10.10 05:41:24.133,1.59334,1.59344,1.00,2.63
2013.10.10 05:41:29.313,1.59334,1.59345,1.00,4.13
2013.10.10 05:41:29.902,1.59334,1.59345,1.00,2.25
2013.10.10 05:41:47.873,1.59334,1.59344,1.00,3.38
2013.10.10 05:41:59.243,1.59331,1.59343,1.13,1.75
2013.10.10 05:41:59.783,1.59329,1.59341,1.88,3.00
2013.10.10 05:42:00.084,1.59325,1.59334,1.50,3.75
2013.10.10 05:42:00.326,1.59324,1.59334,1.13,9.38
2013.10.10 05:42:00.873,1.59324,1.59332,1.00,1.00
2013.10.10 05:42:02.534,1.59324,1.59332,1.38,1.00
2013.10.10 05:42:02.834,1.59321,1.59331,8.25,1.00
2013.10.10 05:42:04.596,1.59324,1.59332,1.00,1.50
2013.10.10 05:42:05.133,1.59324,1.59333,1.50,1.13
2013.10.10 05:42:06.194,1.59324,1.59334,1.50,1.00
2013.10.10 05:42:12.163,1.59329,1.59334,1.00,1.00
2013.10.10 05:42:12.343,1.59329,1.59336,1.00,1.00
2013.10.10 05:42:12.883,1.59329,1.59337,1.00,1.13
2013.10.10 05:42:13.264,1.59324,1.59336,3.38,1.00
2013.10.10 05:42:13.384,1.59324,1.59336,1.50,1.50
2013.10.10 05:42:18.413,1.59323,1.59331,4.50,1.00
2013.10.10 05:42:18.593,1.59322,1.59331,4.88,1.00
2013.10.10 05:42:19.753,1.59324,1.59333,4.50,1.88
2013.10.10 05:42:20.113,1.59324,1.59335,1.13,1.50
2013.10.10 05:42:21.856,1.59326,1.59335,4.13,1.00
2013.10.10 05:42:22.203,1.59329,1.59337,1.00,1.50
2013.10.10 05:42:22.563,1.59324,1.59333,4.50,1.00
2013.10.10 05:42:22.986,1.59322,1.59333,5.25,1.00
2013.10.10 05:42:30.663,1.59325,1.59333,4.50,1.00
2013.10.10 05:42:30.730,1.59325,1.59331,4.50,1.00
2013.10.10 05:42:30.913,1.59323,1.59331,4.50,1.00
2013.10.10 05:42:31.153,1.59324,1.59333,4.13,1.88
2013.10.10 05:42:33.433,1.59324,1.59333,4.50,1.50
2013.10.10 05:42:33.973,1.59324,1.59333,4.88,1.00
2013.10.10 05:42:36.703,1.59325,1.59333,3.75,1.00
2013.10.10 05:42:39.473,1.59325,1.59333,3.83,1.00
2013.10.10 05:42:40.334,1.59329,1.59333,3.75,1.00
2013.10.10 05:42:43.126,1.59328,1.59333,4.58,1.00
2013.10.10 05:42:43.870,1.59329,1.59333,3.75,1.00
2013.10.10 05:42:45.263,1.59329,1.59336,3.75,1.13
2013.10.10 05:42:48.524,1.59329,1.59338,4.50,1.50
2013.10.10 05:42:48.883,1.59329,1.59339,4.88,1.13
2013.10.10 05:42:50.104,1.59329,1.5934,6.00,1.13
2013.10.10 05:43:00.343,1.5933,1.59339,4.88,1.00
2013.10.10 05:43:01.120,1.59331,1.59339,7.50,1.00
2013.10.10 05:43:01.664,1.59329,1.59339,7.88,1.00
2013.10.10 05:43:02.459,1.59331,1.59339,3.75,1.00
2013.10.10 05:43:04.393,1.5933,1.59339,4.88,1.00
2013.10.10 05:43:09.273,1.5933,1.59339,4.50,1.00
2013.10.10 05:43:09.853,1.5933,1.59341,4.50,1.88
2013.10.10 05:43:24.183,1.59332,1.59341,1.00,1.13
2013.10.10 05:43:30.263,1.59332,1.59344,1.13,1.75
2013.10.10 05:43:30.764,1.59333,1.59345,4.50,3.38
2013.10.10 05:43:31.844,1.59333,1.59345,6.00,1.50
2013.10.10 05:43:38.112,1.59334,1.59345,3.75,3.38
2013.10.10 05:43:39.294,1.59335,1.59345,3.75,3.38
2013.10.10 05:43:40.015,1.59334,1.59345,4.50,3.38
2013.10.10 05:43:40.563,1.59335,1.59345,3.75,3.38
2013.10.10 05:43:41.235,1.59336,1.59345,3.75,3.38
2013.10.10 05:43:44.622,1.59334,1.59343,4.50,1.88
2013.10.10 05:43:45.143,1.59333,1.59343,4.50,1.88
2013.10.10 05:43:48.995,1.59333,1.59343,1.00,1.88
2013.10.10 05:43:49.665,1.59333,1.59343,1.00,3.75
2013.10.10 05:43:57.952,1.59332,1.59343,4.50,4.50
2013.10.10 05:43:59.173,1.59331,1.59343,11.63,4.50
2013.10.10 05:44:06.505,1.59331,1.59337,10.88,1.00
2013.10.10 05:44:06.865,1.59331,1.59343,10.50,4.50
2013.10.10 05:44:08.826,1.59331,1.59337,2.25,1.00
2013.10.10 05:44:09.304,1.59331,1.59343,10.50,4.50
2013.10.10 05:44:13.422,1.59332,1.59343,3.75,4.50
2013.10.10 05:44:14.592,1.59331,1.59343,10.88,4.50
2013.10.10 05:44:27.002,1.59328,1.59339,2.59,1.00
2013.10.10 05:44:29.270,1.59329,1.59339,1.00,1.13
2013.10.10 05:44:30.313,1.5933,1.5934,4.50,1.38
2013.10.10 05:44:31.093,1.59329,1.59339,1.13,2.78
2013.10.10 05:44:31.214,1.59326,1.59336,8.25,1.95
2013.10.10 05:44:31.393,1.59326,1.59334,7.50,2.70
2013.10.10 05:44:33.214,1.59325,1.59334,4.50,2.70
2013.10.10 05:44:37.639,1.59326,1.59334,7.50,2.70
2013.10.10 05:44:38.314,1.59327,1.59335,3.75,2.70
2013.10.10 05:44:38.493,1.59327,1.59336,3.75,2.70
2013.10.10 05:44:42.564,1.59326,1.59336,8.25,2.70
2013.10.10 05:44:42.685,1.59328,1.59336,3.75,2.70
2013.10.10 05:44:43.283,1.59329,1.59336,3.75,2.63
2013.10.10 05:44:43.589,1.59333,1.59339,3.75,4.88
2013.10.10 05:44:43.655,1.59333,1.59339,3.75,2.63
2013.10.10 05:44:43.958,1.59331,1.59339,7.88,1.88
2013.10.10 05:44:44.503,1.5933,1.59339,4.50,1.13
2013.10.10 05:44:45.138,1.59331,1.59339,8.63,1.13
2013.10.10 05:44:49.374,1.59332,1.5934,3.75,1.38
2013.10.10 05:44:53.533,1.59331,1.5934,8.63,1.38
2013.10.10 05:44:54.023,1.59333,1.59341,3.75,1.75
2013.10.10 05:44:55.193,1.59334,1.59341,4.50,1.75
2013.10.10 05:45:01.184,1.59333,1.5934,4.50,1.50
2013.10.10 05:45:05.394,1.59332,1.5934,4.50,1.50
2013.10.10 05:45:07.603,1.59331,1.5934,7.50,1.88
2013.10.10 05:45:11.538,1.59332,1.5934,3.75,1.88
2013.10.10 05:45:20.024,1.59333,1.5934,3.75,1.88
2013.10.10 05:45:20.563,1.59334,1.5934,3.75,1.50
2013.10.10 05:45:24.773,1.59333,1.5934,4.50,1.50
2013.10.10 05:45:25.553,1.59332,1.5934,3.75,1.50
2013.10.10 05:45:36.953,1.59331,1.5934,8.63,1.50
2013.10.10 05:45:43.074,1.59329,1.5934,6.38,1.50
2013.10.10 05:45:43.737,1.59329,1.5934,6.00,1.00
2013.10.10 05:45:51.442,1.5933,1.5934,4.50,1.00
2013.10.10 05:45:51.963,1.59331,1.5934,7.50,1.00
2013.10.10 05:45:54.503,1.5933,1.5934,4.50,1.00
2013.10.10 05:45:59.953,1.59331,1.5934,3.75,1.00
2013.10.10 05:46:00.893,1.5933,1.5934,4.50,1.00
2013.10.10 05:46:01.414,1.59331,1.5934,7.50,1.00
2013.10.10 05:46:02.853,1.5933,1.5934,4.50,1.00
2013.10.10 05:46:07.253,1.59331,1.5934,3.75,1.00
2013.10.10 05:46:09.083,1.59329,1.5934,5.25,1.00
2013.10.10 05:46:09.668,1.5933,1.5934,3.75,1.00
2013.10.10 05:46:13.062,1.59331,1.5934,3.75,1.00
2013.10.10 05:46:14.513,1.59331,1.59341,7.50,1.00
2013.10.10 05:46:28.253,1.59331,1.59341,7.50,1.50
2013.10.10 05:46:32.823,1.5933,1.59341,4.13,1.50
2013.10.10 05:46:40.084,1.59332,1.59341,4.50,1.50
2013.10.10 05:46:40.695,1.59333,1.59341,3.75,1.50
2013.10.10 05:46:44.223,1.59332,1.59341,4.50,1.50
2013.10.10 05:46:44.763,1.59333,1.59341,3.75,1.50
2013.10.10 05:46:51.553,1.59332,1.59341,4.50,1.50
2013.10.10 05:46:52.362,1.59333,1.59341,4.50,1.50
2013.10.10 05:46:58.197,1.59332,1.59342,4.50,2.44
2013.10.10 05:47:09.724,1.59332,1.59342,3.75,4.32
2013.10.10 05:47:10.303,1.59331,1.59342,3.75,4.32
2013.10.10 05:47:10.663,1.5933,1.5934,1.00,2.63
2013.10.10 05:47:15.374,1.5933,1.59342,4.50,4.69
2013.10.10 05:47:23.513,1.59332,1.59342,3.75,4.32
2013.10.10 05:47:33.213,1.59333,1.59342,4.50,4.32
2013.10.10 05:47:33.335,1.59333,1.59342,4.50,2.44
2013.10.10 05:47:37.243,1.59334,1.59342,3.75,1.69
2013.10.10 05:47:39.543,1.59333,1.59342,4.50,1.69
2013.10.10 05:47:40.317,1.59332,1.59342,4.50,1.69
2013.10.10 05:47:45.955,1.59333,1.59342,3.75,1.69
2013.10.10 05:47:46.704,1.59333,1.59342,4.13,1.25
2013.10.10 05:47:48.003,1.59333,1.59342,3.75,1.69
2013.10.10 05:48:04.623,1.59332,1.59342,4.50,2.44
2013.10.10 05:48:14.519,1.59333,1.59342,1.13,1.50
2013.10.10 05:48:14.592,1.59339,1.59344,1.00,4.54
2013.10.10 05:48:14.730,1.5934,1.59345,3.75,1.88
2013.10.10 05:48:14.797,1.5934,1.59346,3.75,1.38
2013.10.10 05:48:14.975,1.59336,1.59345,1.00,1.38
2013.10.10 05:48:15.635,1.59334,1.59345,1.00,3.00
2013.10.10 05:48:15.756,1.59334,1.59345,5.25,1.00
2013.10.10 05:48:36.004,1.59334,1.59346,4.88,2.44
2013.10.10 05:48:37.193,1.59337,1.59346,1.00,2.00
2013.10.10 05:48:37.674,1.59335,1.59346,1.00,2.00
2013.10.10 05:48:53.174,1.5934,1.59346,1.00,2.00
2013.10.10 05:48:53.354,1.5934,1.59346,1.00,1.32
2013.10.10 05:48:57.674,1.5934,1.5935,1.00,1.75
2013.10.10 05:48:57.854,1.59342,1.5935,1.00,1.13
2013.10.10 05:48:59.194,1.59342,1.59353,1.13,2.25
2013.10.10 05:49:19.204,1.59342,1.59353,1.38,1.50
2013.10.10 05:50:06.734,1.59342,1.59353,1.13,3.19
2013.10.10 05:50:06.916,1.59343,1.59353,1.00,1.69
2013.10.10 05:50:06.974,1.59349,1.59353,1.00,1.69
2013.10.10 05:50:07.034,1.59344,1.59353,3.75,1.69
2013.10.10 05:50:07.394,1.59349,1.59353,1.00,1.69
2013.10.10 05:50:07.855,1.59345,1.59353,1.00,3.19
2013.10.10 05:50:11.943,1.59345,1.59353,1.00,1.69
2013.10.10 05:50:13.064,1.59348,1.59353,1.10,1.69
2013.10.10 05:50:13.424,1.59354,1.59357,1.00,2.63
2013.10.10 05:50:13.724,1.59354,1.59363,1.00,2.63
2013.10.10 05:50:13.784,1.59354,1.59365,1.50,1.13
2013.10.10 05:50:15.344,1.59361,1.59367,1.00,1.75
2013.10.10 05:50:15.824,1.5936,1.59365,1.00,1.75
2013.10.10 05:50:15.884,1.59355,1.59365,1.00,1.75
2013.10.10 05:50:19.895,1.59356,1.59365,3.75,1.75
2013.10.10 05:50:20.476,1.59355,1.59366,5.25,3.38
2013.10.10 05:50:21.065,1.59356,1.59366,7.50,3.38
2013.10.10 05:50:21.816,1.59355,1.59366,1.00,3.38
2013.10.10 05:50:24.045,1.59355,1.59367,1.13,3.00
2013.10.10 05:50:24.974,1.59358,1.59367,1.00,1.75
2013.10.10 05:50:25.094,1.59358,1.59367,1.10,1.13
2013.10.10 05:50:26.234,1.59356,1.59367,4.88,4.88
2013.10.10 05:50:26.294,1.59355,1.59367,1.13,5.25
2013.10.10 05:50:27.554,1.59355,1.59367,1.75,1.13
2013.10.10 05:50:29.157,1.59357,1.59368,6.00,2.63
2013.10.10 05:50:29.465,1.5936,1.59368,1.50,2.25
2013.10.10 05:50:29.825,1.5936,1.5937,7.13,1.13
2013.10.10 05:50:30.964,1.5936,1.59372,7.88,2.25
2013.10.10 05:50:38.172,1.59361,1.59372,4.13,3.00
2013.10.10 05:50:43.692,1.59361,1.59372,8.25,1.88
2013.10.10 05:50:44.515,1.59361,1.59372,9.38,1.50
2013.10.10 05:50:45.774,1.5936,1.59372,7.13,3.27
2013.10.10 05:50:51.814,1.5936,1.59372,6.00,4.02
2013.10.10 05:50:55.574,1.5936,1.59372,6.00,3.00
2013.10.10 05:50:56.114,1.59362,1.59372,4.50,2.25
2013.10.10 05:50:56.647,1.59363,1.59372,4.88,1.50
2013.10.10 05:51:00.088,1.59362,1.59369,6.00,1.00
2013.10.10 05:51:00.395,1.59362,1.59372,4.88,1.88
2013.10.10 05:51:00.574,1.59362,1.59372,1.38,1.13
2013.10.10 05:51:01.336,1.59363,1.59374,1.50,1.13
2013.10.10 05:51:02.184,1.59369,1.59374,1.00,1.13
2013.10.10 05:51:03.364,1.59369,1.59374,1.00,1.38
2013.10.10 05:51:04.467,1.59362,1.59371,4.50,2.63
2013.10.10 05:51:04.654,1.59363,1.59369,1.00,2.63
2013.10.10 05:51:04.714,1.59363,1.59371,1.00,2.63
2013.10.10 05:51:05.374,1.59363,1.59372,1.00,2.63
2013.10.10 05:51:05.494,1.59366,1.59372,1.65,2.63
2013.10.10 05:51:05.734,1.59383,1.59388,1.00,5.25
2013.10.10 05:51:05.855,1.59382,1.59396,1.00,1.38
2013.10.10 05:51:05.975,1.59385,1.59393,1.00,3.00
2013.10.10 05:51:06.274,1.59381,1.59391,1.00,2.63
2013.10.10 05:51:06.334,1.59378,1.59391,1.88,2.63
2013.10.10 05:51:06.634,1.59379,1.59393,2.63,1.50
2013.10.10 05:51:06.945,1.59379,1.59392,2.63,1.13
2013.10.10 05:51:07.364,1.5938,1.59392,1.75,1.13
2013.10.10 05:51:07.484,1.59381,1.59392,2.63,1.00
2013.10.10 05:51:07.544,1.59381,1.59394,2.63,1.88
2013.10.10 05:51:08.595,1.59382,1.59394,2.63,1.88
2013.10.10 05:51:09.141,1.59383,1.59394,2.63,1.00
2013.10.10 05:51:14.384,1.59387,1.59394,1.08,1.00
2013.10.10 05:51:14.446,1.59387,1.594,1.08,1.50
2013.10.10 05:51:14.870,1.59388,1.59397,4.58,1.38
2013.10.10 05:51:15.175,1.59389,1.594,2.63,1.38
2013.10.10 05:51:15.775,1.59389,1.59401,2.63,1.00
2013.10.10 05:51:15.835,1.59391,1.59401,2.63,1.00
2013.10.10 05:51:16.378,1.59391,1.59402,2.63,1.00
2013.10.10 05:51:16.715,1.59391,1.59399,2.63,1.00
2013.10.10 05:51:16.775,1.59393,1.59403,1.50,1.00
2013.10.10 05:51:17.385,1.59391,1.59397,2.63,1.00
2013.10.10 05:51:17.564,1.59389,1.59397,2.63,1.00
2013.10.10 05:51:17.934,1.59387,1.59397,7.13,1.00
2013.10.10 05:51:18.365,1.59387,1.59397,4.50,1.00
2013.10.10 05:51:18.925,1.59387,1.59397,4.50,1.00
2013.10.10 05:51:19.454,1.59387,1.59397,4.50,1.00
2013.10.10 05:51:20.622,1.59391,1.59399,3.75,3.75
2013.10.10 05:51:21.144,1.59392,1.59399,3.75,2.25
2013.10.10 05:51:21.565,1.59394,1.59401,4.13,1.00
2013.10.10 05:51:21.867,1.59396,1.59402,1.00,1.00
2013.10.10 05:51:22.225,1.59392,1.59403,4.50,1.00
2013.10.10 05:51:22.765,1.59395,1.59404,1.00,1.13
2013.10.10 05:51:23.664,1.59396,1.5941,1.23,3.75
2013.10.10 05:51:23.785,1.59396,1.59407,7.49,3.75
2013.10.10 05:51:24.144,1.59401,1.59413,2.63,1.38
2013.10.10 05:51:24.385,1.59401,1.59413,2.63,1.38
2013.10.10 05:51:24.924,1.59401,1.59413,10.13,1.00
2013.10.10 05:51:25.485,1.59405,1.59414,1.00,1.13
2013.10.10 05:51:26.386,1.59405,1.59414,1.38,1.00
2013.10.10 05:51:26.445,1.59405,1.59414,1.50,5.63
2013.10.10 05:51:26.505,1.59405,1.59414,1.00,6.00
2013.10.10 05:51:26.624,1.59405,1.59409,1.00,1.00
2013.10.10 05:51:26.746,1.594,1.59407,1.75,1.00
2013.10.10 05:51:26.866,1.59397,1.59407,2.63,1.00
2013.10.10 05:51:27.864,1.59395,1.59407,3.38,1.00
2013.10.10 05:51:32.415,1.59399,1.59407,3.75,1.00
2013.10.10 05:51:33.099,1.59398,1.59407,4.13,1.00
2013.10.10 05:51:33.624,1.59397,1.59407,3.75,1.50
2013.10.10 05:51:34.134,1.59396,1.59407,7.88,1.50
2013.10.10 05:51:34.915,1.59401,1.59409,1.00,5.25
2013.10.10 05:51:38.875,1.59397,1.59407,3.75,1.50
2013.10.10 05:51:39.575,1.59398,1.59407,3.75,1.50
2013.10.10 05:51:43.625,1.59399,1.59407,3.75,1.50
2013.10.10 05:51:47.984,1.59399,1.59407,3.75,1.00
2013.10.10 05:51:48.655,1.594,1.59407,3.75,1.00
2013.10.10 05:51:52.174,1.59401,1.59407,3.75,1.00
2013.10.10 05:51:55.294,1.594,1.59407,4.13,1.00
2013.10.10 05:52:00.384,1.59399,1.59407,3.75,1.00
2013.10.10 05:52:01.894,1.594,1.59407,3.75,1.00
2013.10.10 05:52:03.124,1.59399,1.59407,3.75,1.00
2013.10.10 05:52:03.695,1.59398,1.59407,3.75,1.50
2013.10.10 05:52:08.124,1.59397,1.59407,3.75,1.50
2013.10.10 05:52:09.225,1.59398,1.59407,3.75,1.50
2013.10.10 05:52:17.064,1.59397,1.59407,3.75,1.50
2013.10.10 05:52:17.914,1.59397,1.59407,3.75,1.75
2013.10.10 05:52:18.454,1.59396,1.59407,7.50,3.38
2013.10.10 05:52:19.344,1.59395,1.59407,4.50,3.38
2013.10.10 05:52:26.115,1.59395,1.59407,1.38,1.75
2013.10.10 05:52:26.664,1.59395,1.59407,1.50,1.50
2013.10.10 05:52:36.414,1.59401,1.59407,1.50,1.50
2013.10.10 05:52:36.594,1.59408,1.59416,1.38,1.13
2013.10.10 05:52:36.654,1.59408,1.59418,1.00,1.75
2013.10.10 05:52:36.715,1.59405,1.59414,1.38,1.00
2013.10.10 05:52:37.074,1.594,1.59407,1.50,1.00
2013.10.10 05:52:37.373,1.59397,1.59407,1.88,1.00
2013.10.10 05:52:37.914,1.594,1.59407,1.00,1.00
2013.10.10 05:52:39.104,1.59397,1.59407,2.70,1.00
2013.10.10 05:52:39.615,1.59401,1.59407,1.13,1.00
2013.10.10 05:52:39.675,1.59401,1.5941,1.13,1.50
2013.10.10 05:52:39.734,1.59401,1.5941,1.50,2.25
2013.10.10 05:52:39.915,1.59397,1.59407,1.38,1.00
2013.10.10 05:52:40.164,1.59396,1.59407,1.88,1.50
2013.10.10 05:52:41.745,1.59401,1.59407,1.00,1.50
2013.10.10 05:52:42.104,1.59405,1.59409,1.00,1.00
2013.10.10 05:52:42.164,1.59405,1.59416,1.13,3.00
2013.10.10 05:52:42.654,1.59405,1.59416,1.00,7.13
2013.10.10 05:52:45.744,1.59404,1.59414,1.00,8.25
2013.10.10 05:52:50.264,1.59407,1.59414,1.00,4.50
2013.10.10 05:52:50.384,1.59407,1.59416,1.00,4.13
2013.10.10 05:52:50.924,1.59404,1.59416,1.75,1.13
2013.10.10 05:53:02.605,1.59407,1.59417,3.75,1.50
2013.10.10 05:53:02.664,1.59409,1.59419,1.00,3.38
2013.10.10 05:53:02.724,1.59409,1.59419,1.00,1.50
2013.10.10 05:53:03.264,1.59407,1.59419,1.88,5.25
2013.10.10 05:53:03.384,1.59407,1.59419,1.13,10.88
2013.10.10 05:53:05.717,1.59409,1.59419,1.00,10.88
2013.10.10 05:53:05.776,1.59407,1.59419,1.88,7.13
2013.10.10 05:53:05.835,1.59409,1.59419,1.13,3.38
2013.10.10 05:53:06.075,1.59409,1.59419,1.50,7.50
2013.10.10 05:53:06.195,1.59407,1.59417,3.38,4.50
2013.10.10 05:53:06.735,1.59406,1.59417,2.63,1.00
2013.10.10 05:53:06.915,1.59405,1.59417,6.00,3.38
2013.10.10 05:53:10.834,1.59405,1.59417,2.25,1.50
2013.10.10 05:53:16.494,1.59407,1.59416,3.75,1.13
2013.10.10 05:53:17.204,1.59408,1.59417,4.50,1.50
2013.10.10 05:53:18.715,1.59408,1.59412,4.50,1.00
2013.10.10 05:53:19.015,1.59405,1.59414,3.75,1.62
2013.10.10 05:53:19.374,1.59406,1.59416,7.50,1.50
2013.10.10 05:53:19.915,1.59407,1.59417,4.50,1.75
2013.10.10 05:53:20.514,1.59403,1.59414,1.75,1.00
2013.10.10 05:53:21.054,1.59405,1.59417,1.13,1.88
2013.10.10 05:53:21.234,1.59407,1.59418,1.00,7.88
2013.10.10 05:53:21.776,1.59409,1.59419,3.75,6.38
2013.10.10 05:53:22.251,1.59407,1.59416,1.13,5.50
2013.10.10 05:53:22.625,1.59406,1.59416,2.63,1.50
2013.10.10 05:53:24.435,1.59406,1.59414,1.50,4.88
2013.10.10 05:53:25.017,1.59404,1.59414,2.63,8.63
2013.10.10 05:53:27.334,1.59405,1.59413,1.00,3.75
2013.10.10 05:53:27.897,1.59405,1.59414,1.00,7.88
2013.10.10 05:53:29.055,1.59405,1.59413,1.00,3.75
2013.10.10 05:53:29.574,1.59405,1.59414,1.00,8.63
2013.10.10 05:53:30.124,1.59405,1.59413,1.00,3.75
2013.10.10 05:53:33.665,1.59405,1.59414,1.00,7.88
2013.10.10 05:53:36.573,1.59404,1.59415,1.13,4.50
2013.10.10 05:53:38.976,1.59404,1.59414,1.75,8.25
2013.10.10 05:53:39.505,1.59404,1.59413,1.75,3.75
2013.10.10 05:53:40.011,1.59404,1.59414,1.75,9.00
2013.10.10 05:53:41.154,1.59404,1.59414,1.75,9.75
2013.10.10 05:53:42.556,1.59404,1.59413,1.75,4.50
2013.10.10 05:53:43.105,1.59404,1.59414,1.75,8.25
2013.10.10 05:53:44.855,1.59404,1.59415,1.75,4.50
2013.10.10 05:53:45.397,1.59407,1.59415,1.00,1.00
2013.10.10 05:53:45.704,1.59409,1.59415,2.63,1.00
2013.10.10 05:53:48.245,1.59407,1.59415,3.38,1.00
2013.10.10 05:53:48.836,1.59408,1.59416,4.50,1.00
2013.10.10 05:53:48.904,1.59408,1.59419,4.50,1.50
2013.10.10 05:53:49.040,1.59409,1.59421,3.38,1.13
2013.10.10 05:53:49.346,1.59413,1.59421,2.63,1.00
2013.10.10 05:53:50.195,1.59413,1.59422,2.63,1.00
2013.10.10 05:53:57.124,1.59414,1.59424,1.75,1.00
2013.10.10 05:54:01.164,1.59415,1.59424,4.50,1.00
2013.10.10 05:54:01.225,1.59413,1.59424,4.50,3.10
2013.10.10 05:54:02.184,1.59414,1.59424,1.13,3.85
2013.10.10 05:54:02.735,1.59414,1.59425,1.13,4.73
2013.10.10 05:54:03.275,1.59414,1.59425,1.00,2.85
2013.10.10 05:54:04.164,1.59413,1.59422,1.00,5.88
2013.10.10 05:54:04.765,1.59413,1.59422,1.00,6.00
2013.10.10 05:54:05.275,1.59413,1.59422,1.00,1.00
2013.10.10 05:54:05.814,1.59411,1.5942,1.50,1.00
2013.10.10 05:54:07.234,1.59411,1.5942,3.38,1.00
2013.10.10 05:54:08.326,1.59411,1.59421,1.75,4.50
2013.10.10 05:54:08.504,1.59412,1.59423,1.75,1.25
2013.10.10 05:54:15.165,1.59418,1.59423,1.00,1.25
2013.10.10 05:54:15.228,1.59411,1.59423,4.88,1.69
2013.10.10 05:54:17.214,1.59414,1.59423,1.00,5.44
2013.10.10 05:54:18.195,1.5941,1.59422,1.75,5.63
2013.10.10 05:54:18.254,1.5941,1.59417,1.75,4.50
2013.10.10 05:54:18.374,1.5941,1.59417,1.13,4.50
2013.10.10 05:54:18.434,1.59408,1.59416,1.00,1.00
2013.10.10 05:54:19.854,1.59404,1.59416,1.50,1.50
2013.10.10 05:54:24.435,1.59404,1.59416,1.75,1.38
2013.10.10 05:54:24.964,1.59404,1.59416,3.38,1.00
2013.10.10 05:54:26.775,1.59404,1.59412,2.63,1.00
2013.10.10 05:54:27.015,1.59402,1.59412,6.38,1.00
2013.10.10 05:54:27.134,1.59401,1.59412,5.25,1.00
2013.10.10 05:54:27.375,1.59405,1.59414,1.13,1.50
2013.10.10 05:54:29.985,1.59404,1.59415,1.50,1.13
2013.10.10 05:54:32.936,1.59403,1.59414,5.25,1.00
2013.10.10 05:54:35.076,1.59405,1.59415,1.13,1.13
2013.10.10 05:54:40.346,1.59406,1.59415,7.50,1.13
2013.10.10 05:54:40.954,1.59405,1.59415,4.13,1.13
2013.10.10 05:54:43.496,1.59406,1.59415,3.75,1.13
2013.10.10 05:54:46.725,1.59407,1.59415,3.75,1.13
2013.10.10 05:54:49.235,1.59407,1.59416,3.75,1.13
2013.10.10 05:54:49.755,1.59406,1.59415,1.13,1.00
2013.10.10 05:54:50.315,1.59406,1.59416,1.13,1.13
2013.10.10 05:54:50.665,1.59406,1.59416,1.75,1.00
2013.10.10 05:54:54.164,1.59406,1.59411,1.75,1.00
2013.10.10 05:54:54.285,1.59403,1.59411,6.38,1.00
2013.10.10 05:54:58.455,1.59402,1.59411,5.25,1.50
2013.10.10 05:55:06.694,1.59402,1.5941,4.50,1.00
2013.10.10 05:55:09.454,1.59407,1.5941,1.00,1.00
2013.10.10 05:55:09.515,1.59407,1.59413,1.00,1.70
2013.10.10 05:55:09.635,1.5941,1.59417,1.00,1.30
2013.10.10 05:55:09.695,1.5941,1.59417,1.00,1.13
2013.10.10 05:55:09.874,1.5941,1.59419,1.50,1.00
2013.10.10 05:55:10.384,1.59411,1.5942,1.50,1.13
2013.10.10 05:55:11.355,1.59411,1.59419,1.00,1.00
2013.10.10 05:55:11.894,1.5941,1.59419,1.13,1.00
2013.10.10 05:55:17.175,1.59408,1.59415,1.75,1.00
2013.10.10 05:55:17.415,1.59407,1.59415,1.00,1.00
2013.10.10 05:55:19.284,1.59407,1.59414,1.00,1.00
2013.10.10 05:55:20.184,1.59407,1.59413,1.00,1.00
2013.10.10 05:55:29.825,1.59403,1.59411,1.38,1.00
2013.10.10 05:55:33.387,1.59404,1.59409,1.13,1.00
2013.10.10 05:55:40.357,1.59404,1.5941,1.00,1.00
2013.10.10 05:55:48.155,1.59404,1.59409,1.00,4.50
2013.10.10 05:55:48.516,1.59397,1.59403,2.25,1.00
2013.10.10 05:55:48.635,1.59394,1.594,1.88,1.00
2013.10.10 05:55:48.877,1.59396,1.594,1.00,1.00
2013.10.10 05:55:50.054,1.59396,1.59402,1.13,1.00
2013.10.10 05:55:50.175,1.59399,1.59402,1.00,1.00
2013.10.10 05:55:51.445,1.59396,1.59402,2.25,1.00
2013.10.10 05:55:52.751,1.59397,1.59407,1.13,1.13
2013.10.10 05:55:52.824,1.59403,1.59408,1.00,1.00
2013.10.10 05:55:53.435,1.59403,1.59409,1.00,1.00
2013.10.10 05:55:53.758,1.59403,1.59405,1.00,1.00
2013.10.10 05:55:53.936,1.594,1.59405,1.00,1.00
2013.10.10 05:55:53.996,1.59399,1.59402,1.88,1.00
2013.10.10 05:55:54.056,1.59396,1.59401,1.50,1.00
2013.10.10 05:55:54.176,1.59394,1.59401,1.13,1.00
2013.10.10 05:55:57.025,1.59394,1.59403,1.88,1.00
2013.10.10 05:55:57.515,1.59398,1.59404,3.75,1.00
2013.10.10 05:55:58.139,1.59397,1.59404,3.75,1.00
2013.10.10 05:56:01.774,1.59398,1.59404,3.75,1.00
2013.10.10 05:56:02.325,1.59398,1.59405,3.83,1.00
2013.10.10 05:56:02.652,1.594,1.59405,3.75,1.00
2013.10.10 05:56:03.144,1.594,1.59403,3.75,1.00
2013.10.10 05:56:03.205,1.59397,1.59403,6.08,1.00
2013.10.10 05:56:03.385,1.59397,1.59406,1.08,1.50
2013.10.10 05:56:03.909,1.59398,1.59404,4.20,1.00
2013.10.10 05:56:05.195,1.59397,1.59407,4.58,1.00
2013.10.10 05:56:05.555,1.59397,1.59406,3.38,1.00
2013.10.10 05:56:05.916,1.59396,1.59402,8.63,1.00
2013.10.10 05:56:09.664,1.59396,1.59401,8.63,1.00
2013.10.10 05:56:14.534,1.59397,1.59401,4.50,1.00
2013.10.10 05:56:15.685,1.59397,1.59402,4.50,1.00
2013.10.10 05:56:16.328,1.59395,1.59402,5.25,1.00
2013.10.10 05:56:19.194,1.59395,1.59401,5.25,1.00
2013.10.10 05:56:19.495,1.59395,1.59398,5.25,1.00
2013.10.10 05:56:20.035,1.59394,1.59398,1.00,1.00
2013.10.10 05:56:20.665,1.59393,1.59398,4.50,1.00
2013.10.10 05:56:21.696,1.59392,1.59397,5.25,1.00
2013.10.10 05:56:22.606,1.59391,1.59396,10.13,1.00
2013.10.10 05:56:22.907,1.59385,1.59391,1.50,1.00
2013.10.10 05:56:23.035,1.59381,1.59387,1.50,1.00
2013.10.10 05:56:23.097,1.59381,1.59386,1.38,1.00
2013.10.10 05:56:23.275,1.59378,1.59384,2.63,1.00
2013.10.10 05:56:23.815,1.59379,1.59384,1.00,1.00
2013.10.10 05:56:24.475,1.59377,1.59383,1.58,1.00
2013.10.10 05:56:31.395,1.59379,1.59383,1.00,1.00
2013.10.10 05:56:32.403,1.59375,1.59383,1.95,1.50
2013.10.10 05:56:32.465,1.59375,1.59383,1.13,1.50
2013.10.10 05:56:32.585,1.59375,1.59378,1.13,1.00
2013.10.10 05:56:32.705,1.59372,1.59376,1.13,1.00
2013.10.10 05:56:32.825,1.59369,1.59375,1.38,1.00
2013.10.10 05:56:32.885,1.59368,1.59374,1.13,1.00
2013.10.10 05:56:33.425,1.59368,1.59373,1.13,1.00
2013.10.10 05:56:37.916,1.59367,1.59373,1.00,1.00
2013.10.10 05:56:38.456,1.59367,1.59372,1.00,1.00
2013.10.10 05:56:38.815,1.59369,1.59372,1.00,1.00
2013.10.10 05:56:38.875,1.59367,1.59374,1.00,1.00
2013.10.10 05:56:39.391,1.59367,1.59373,2.25,1.00
2013.10.10 05:56:39.665,1.59367,1.59375,2.33,1.00
2013.10.10 05:56:40.181,1.59369,1.59375,1.00,1.00
2013.10.10 05:56:43.637,1.59369,1.59375,2.25,1.00
2013.10.10 05:56:44.164,1.59369,1.59376,2.25,1.00
2013.10.10 05:56:44.595,1.59374,1.59379,1.00,1.00
2013.10.10 05:56:47.305,1.59374,1.5938,1.00,1.00
2013.10.10 05:56:47.985,1.59374,1.5938,4.88,1.00
2013.10.10 05:56:48.622,1.59374,1.5938,4.88,1.00
2013.10.10 05:56:51.755,1.59375,1.5938,3.75,1.00
2013.10.10 05:56:52.351,1.59374,1.5938,5.63,1.00
2013.10.10 05:56:54.924,1.59375,1.5938,3.75,1.00
2013.10.10 05:56:55.225,1.59375,1.59383,3.75,1.00
2013.10.10 05:56:55.345,1.59377,1.59383,3.75,1.00
2013.10.10 05:56:55.885,1.59377,1.59383,4.50,1.00
2013.10.10 05:56:58.614,1.59377,1.59384,4.50,1.00
2013.10.10 05:56:59.174,1.59379,1.59384,3.75,1.00
2013.10.10 05:57:00.719,1.59379,1.59384,4.50,1.00
