2013.10.15 21:00:00.500,1.59965,1.59984,0.75,0.75
2013.10.15 21:00:07.599,1.59972,1.59994,0.75,0.10
2013.10.15 21:00:07.849,1.59972,1.59996,0.75,0.75
2013.10.15 21:00:10.622,1.59959,1.59997,0.38,0.10
2013.10.15 21:00:11.189,1.59959,1.59999,0.38,0.45
2013.10.15 21:00:15.869,1.59959,1.59998,0.45,0.10
2013.10.15 21:00:16.373,1.59959,1.59997,0.38,0.10
2013.10.15 21:00:20.161,1.59959,1.59983,1.13,0.75
2013.10.15 21:00:22.450,1.59959,1.59975,1.13,0.38
2013.10.15 21:00:22.569,1.59959,1.59983,1.13,0.75
2013.10.15 21:00:23.840,1.59965,1.59989,0.75,0.75
2013.10.15 21:00:24.390,1.59971,1.59995,0.75,1.20
2013.10.15 21:00:25.007,1.59971,1.59994,0.75,0.38
2013.10.15 21:00:25.400,1.59959,1.59975,0.38,0.75
2013.10.15 21:00:25.730,1.59959,1.59968,0.38,0.75
2013.10.15 21:00:27.741,1.59959,1.59983,1.13,0.75
2013.10.15 21:00:30.200,1.59959,1.59978,1.13,0.75
2013.10.15 21:00:39.660,1.59959,1.59983,1.13,0.75
2013.10.15 21:01:05.514,1.59959,1.59978,1.13,0.75
2013.10.15 21:01:05.579,1.59959,1.59978,0.75,0.75
2013.10.15 21:01:14.214,1.59959,1.59978,1.13,0.75
2013.10.15 21:01:14.270,1.59963,1.59983,1.13,0.75
2013.10.15 21:01:14.511,1.59959,1.59978,0.75,0.75
2013.10.15 21:01:14.870,1.59959,1.59978,1.13,0.75
2013.10.15 21:01:14.930,1.59963,1.59983,1.13,0.75
2013.10.15 21:01:23.560,1.59963,1.59984,1.13,0.75
2013.10.15 21:01:24.340,1.59963,1.59985,0.75,0.75
2013.10.15 21:01:31.268,1.59955,1.59975,1.13,3.08
2013.10.15 21:01:31.830,1.59955,1.59976,0.75,0.10
2013.10.15 21:01:31.950,1.59955,1.59986,0.75,0.75
2013.10.15 21:01:35.641,1.59955,1.59986,1.51,0.75
2013.10.15 21:01:37.838,1.59958,1.59981,1.13,0.75
2013.10.15 21:01:38.140,1.59963,1.59981,1.50,0.75
2013.10.15 21:01:47.300,1.59963,1.59983,1.50,0.75
2013.10.15 21:02:47.440,1.59963,1.59992,0.75,4.50
2013.10.15 21:02:59.760,1.5996,1.59992,4.13,3.75
2013.10.15 21:03:04.672,1.59961,1.59992,0.76,3.75
2013.10.15 21:03:05.931,1.59974,1.59992,0.38,3.75
2013.10.15 21:03:06.151,1.59974,1.59994,0.38,7.50
2013.10.15 21:03:06.451,1.59979,1.59994,0.38,7.50
2013.10.15 21:03:06.690,1.59977,1.59994,1.07,7.50
2013.10.15 21:03:07.001,1.59965,1.59994,0.10,7.50
2013.10.15 21:03:07.552,1.59964,1.59994,0.38,7.50
2013.10.15 21:03:09.811,1.59964,1.59996,4.13,3.75
2013.10.15 21:03:16.423,1.59964,1.59982,4.88,0.75
2013.10.15 21:03:35.392,1.59966,1.59982,1.13,0.75
2013.10.15 21:03:44.982,1.59966,1.59975,1.13,0.75
2013.10.15 21:03:46.781,1.59967,1.59982,1.13,0.75
2013.10.15 21:03:48.588,1.59967,1.59977,1.13,0.75
2013.10.15 21:03:48.712,1.59965,1.59976,0.75,0.75
2013.10.15 21:03:50.372,1.59965,1.59972,0.75,0.75
2013.10.15 21:03:50.493,1.59962,1.59971,3.75,0.75
2013.10.15 21:03:50.552,1.59958,1.59971,0.38,0.75
2013.10.15 21:03:51.232,1.59957,1.59971,0.75,0.75
2013.10.15 21:03:55.523,1.59955,1.59964,0.75,0.75
2013.10.15 21:03:55.642,1.5996,1.59976,1.50,0.75
2013.10.15 21:03:57.862,1.59971,1.59985,0.75,3.75
2013.10.15 21:04:06.573,1.59965,1.59976,1.00,1.00
2013.10.15 21:04:15.923,1.59963,1.59976,1.00,1.50
2013.10.15 21:04:15.982,1.59963,1.59971,1.00,1.00
2013.10.15 21:04:32.452,1.59963,1.59975,1.00,1.00
2013.10.15 21:04:33.242,1.59963,1.5998,1.00,1.00
2013.10.15 21:05:04.432,1.59963,1.59971,1.00,1.00
2013.10.15 21:05:42.442,1.59963,1.59972,1.00,1.00
2013.10.15 21:06:01.646,1.59963,1.59983,2.13,1.00
2013.10.15 21:06:20.182,1.59965,1.59985,1.00,1.00
2013.10.15 21:06:20.773,1.59966,1.59986,1.00,1.00
2013.10.15 21:06:25.562,1.59966,1.59985,1.00,1.00
2013.10.15 21:07:25.583,1.5996,1.59992,4.13,3.75
2013.10.15 21:07:35.047,1.59963,1.59983,1.00,1.00
2013.10.15 21:07:44.453,1.59968,1.59983,1.00,1.00
2013.10.15 21:07:50.371,1.59968,1.59983,1.00,1.00
2013.10.15 21:07:51.813,1.59964,1.59981,1.50,1.00
2013.10.15 21:07:57.204,1.59964,1.59981,1.00,1.00
2013.10.15 21:08:04.854,1.59964,1.59981,1.00,1.00
2013.10.15 21:08:06.284,1.59964,1.59981,1.00,1.00
2013.10.15 21:08:21.672,1.59976,1.59992,1.00,4.50
2013.10.15 21:08:21.973,1.59983,1.59996,1.00,1.00
2013.10.15 21:08:22.323,1.59983,1.59994,1.00,1.00
2013.10.15 21:08:37.103,1.59983,1.6,1.00,1.30
2013.10.15 21:08:37.223,1.59982,1.59992,1.38,1.00
2013.10.15 21:08:37.403,1.59967,1.5998,1.00,1.00
2013.10.15 21:09:37.122,1.59967,1.59989,1.00,7.80
2013.10.15 21:09:37.466,1.5996,1.59989,1.00,7.80
2013.10.15 21:09:46.763,1.59974,1.59989,0.75,7.80
2013.10.15 21:10:00.392,1.59967,1.59989,1.00,7.80
2013.10.15 21:10:02.077,1.59967,1.59986,1.00,1.00
2013.10.15 21:10:02.151,1.59965,1.59986,1.00,1.00
2013.10.15 21:10:08.843,1.59978,1.59986,0.75,1.00
2013.10.15 21:10:08.963,1.59965,1.59986,1.00,1.00
2013.10.15 21:10:09.084,1.59962,1.59986,1.55,1.00
2013.10.15 21:10:09.212,1.59962,1.59986,1.53,1.00
2013.10.15 21:10:09.273,1.59962,1.59986,1.55,1.00
2013.10.15 21:10:09.913,1.59976,1.59986,5.63,1.00
2013.10.15 21:10:10.091,1.59992,1.60004,1.00,1.00
2013.10.15 21:10:10.151,1.59989,1.60002,1.00,1.00
2013.10.15 21:10:10.273,1.59976,1.6,1.00,3.75
2013.10.15 21:10:10.332,1.59965,1.6,1.50,3.75
2013.10.15 21:10:10.471,1.59965,1.6,1.15,3.75
2013.10.15 21:10:15.453,1.59965,1.59978,1.10,1.00
2013.10.15 21:10:21.533,1.59965,1.5998,1.00,1.00
2013.10.15 21:10:21.652,1.59965,1.5998,1.50,1.00
2013.10.15 21:10:21.712,1.59965,1.59988,1.00,1.00
2013.10.15 21:10:22.293,1.59964,1.59989,1.15,1.00
2013.10.15 21:10:30.555,1.59964,1.59981,1.00,1.00
2013.10.15 21:10:32.042,1.59964,1.59974,1.00,1.00
2013.10.15 21:10:51.462,1.59964,1.59981,1.00,1.00
2013.10.15 21:11:05.162,1.59964,1.59988,1.00,1.00
2013.10.15 21:11:05.222,1.59964,1.5999,1.50,1.00
2013.10.15 21:11:05.742,1.59964,1.59989,1.10,1.00
2013.10.15 21:11:25.814,1.59964,1.59989,1.00,1.00
2013.10.15 21:12:05.864,1.59964,1.60003,1.10,4.50
2013.10.15 21:12:10.503,1.59964,1.5999,1.00,1.00
2013.10.15 21:12:25.962,1.59964,1.5999,1.10,1.00
2013.10.15 21:12:26.783,1.59964,1.59983,1.00,0.75
2013.10.15 21:12:27.143,1.59965,1.59985,1.00,1.00
2013.10.15 21:12:28.342,1.59965,1.59983,1.50,1.00
2013.10.15 21:13:28.608,1.59961,1.59992,2.25,1.00
2013.10.15 21:13:31.773,1.59961,1.59992,2.59,1.00
2013.10.15 21:13:32.132,1.59984,1.59998,4.75,1.00
2013.10.15 21:13:35.572,1.59984,1.59998,4.75,1.38
2013.10.15 21:13:35.692,1.59984,1.59998,4.75,1.00
2013.10.15 21:13:58.716,1.59977,1.59987,1.38,1.00
2013.10.15 21:13:58.784,1.59976,1.59982,1.88,1.00
2013.10.15 21:13:58.843,1.59974,1.59982,1.00,1.00
2013.10.15 21:13:58.903,1.59968,1.59982,1.00,1.00
2013.10.15 21:14:19.093,1.59968,1.59984,1.50,1.00
2013.10.15 21:14:25.693,1.59968,1.59987,1.00,1.00
2013.10.15 21:14:45.883,1.59981,1.5999,0.75,3.75
2013.10.15 21:14:46.123,1.59984,1.60002,5.50,1.50
2013.10.15 21:14:47.614,1.59984,1.59993,4.75,1.00
2013.10.15 21:14:47.673,1.59978,1.59987,1.00,1.00
2013.10.15 21:14:47.793,1.59971,1.59987,1.08,1.00
2013.10.15 21:14:47.853,1.59971,1.59987,1.00,1.00
2013.10.15 21:14:51.953,1.59984,1.59991,2.50,3.75
2013.10.15 21:14:52.073,1.59984,1.59993,2.50,1.00
2013.10.15 21:14:52.194,1.59976,1.59987,2.63,1.00
2013.10.15 21:14:52.253,1.59972,1.59987,1.10,1.00
2013.10.15 21:14:53.066,1.59971,1.59987,1.00,1.00
2013.10.15 21:14:55.283,1.5998,1.59991,1.00,3.75
2013.10.15 21:14:55.584,1.59984,1.59993,2.50,1.00
2013.10.15 21:14:55.826,1.59976,1.59985,1.00,1.00
2013.10.15 21:14:55.895,1.59969,1.59985,1.00,1.00
2013.10.15 21:14:56.466,1.59969,1.59986,1.00,1.00
2013.10.15 21:14:58.664,1.59984,1.59992,1.00,1.00
2013.10.15 21:14:58.904,1.59984,1.59993,1.00,1.00
2013.10.15 21:14:59.024,1.59976,1.59985,5.63,1.00
2013.10.15 21:14:59.083,1.59972,1.59985,1.00,1.00
2013.10.15 21:14:59.144,1.59969,1.59985,1.00,1.00
2013.10.15 21:14:59.682,1.59969,1.59986,1.00,1.00
2013.10.15 21:15:01.112,1.59969,1.59989,1.00,1.00
2013.10.15 21:15:01.944,1.59984,1.59992,2.50,3.75
2013.10.15 21:15:02.199,1.59984,1.6,2.50,4.13
2013.10.15 21:15:10.634,1.59988,1.6,1.00,4.13
2013.10.15 21:15:10.993,1.59981,1.59995,4.88,1.00
2013.10.15 21:15:11.113,1.59969,1.59994,1.20,1.00
2013.10.15 21:15:11.173,1.59969,1.59994,1.13,1.00
2013.10.15 21:15:15.674,1.59988,1.59994,1.00,1.00
2013.10.15 21:15:15.853,1.59988,1.59999,1.00,1.00
2013.10.15 21:15:15.913,1.59988,1.60005,1.00,1.00
2013.10.15 21:15:58.594,1.59988,1.60006,1.00,1.00
2013.10.15 21:16:15.719,1.59988,1.60008,1.00,4.50
2013.10.15 21:16:17.103,1.59988,1.60006,1.00,3.75
2013.10.15 21:16:20.193,1.59988,1.60008,1.00,4.50
2013.10.15 21:16:22.063,1.59988,1.60006,1.00,1.00
2013.10.15 21:17:02.442,1.59988,1.60007,1.00,1.00
2013.10.15 21:17:05.944,1.59988,1.6,1.00,1.00
2013.10.15 21:17:11.075,1.59988,1.6,1.00,1.00
2013.10.15 21:17:40.647,1.59988,1.60006,1.00,1.50
2013.10.15 21:18:03.703,1.59988,1.59997,1.00,1.00
2013.10.15 21:18:09.007,1.59988,1.60005,1.00,1.00
2013.10.15 21:18:17.693,1.59988,1.60003,1.00,1.00
2013.10.15 21:18:30.153,1.59988,1.60002,1.00,1.00
2013.10.15 21:18:31.368,1.59988,1.6,1.00,1.00
2013.10.15 21:18:55.029,1.59993,1.6,1.00,1.00
2013.10.15 21:18:55.335,1.59992,1.6,1.00,1.00
2013.10.15 21:19:09.621,1.59992,1.59999,1.00,1.00
2013.10.15 21:19:09.684,1.59984,1.59996,1.00,1.00
2013.10.15 21:19:09.743,1.59981,1.5999,1.00,1.00
2013.10.15 21:19:09.864,1.59976,1.5999,1.00,1.00
2013.10.15 21:19:13.966,1.59976,1.59992,1.50,1.00
2013.10.15 21:19:15.035,1.59976,1.59994,1.00,1.00
2013.10.15 21:19:50.564,1.59976,1.59995,1.00,1.00
2013.10.15 21:20:21.633,1.59976,1.59995,1.38,1.00
2013.10.15 21:20:21.753,1.59976,1.59995,1.00,1.00
2013.10.15 21:20:24.644,1.59976,1.59991,1.00,1.00
2013.10.15 21:20:26.546,1.59976,1.59995,1.00,1.00
2013.10.15 21:20:50.847,1.59976,1.60001,1.00,1.00
2013.10.15 21:21:39.134,1.59971,1.60002,1.00,3.75
2013.10.15 21:21:41.152,1.59971,1.60004,3.75,8.25
2013.10.15 21:21:41.213,1.59972,1.60004,4.88,8.25
2013.10.15 21:21:41.514,1.59981,1.60002,1.00,3.75
2013.10.15 21:21:41.884,1.59976,1.60001,1.75,1.00
2013.10.15 21:21:42.523,1.59976,1.60001,1.00,1.00
2013.10.15 21:21:47.834,1.59976,1.59999,1.00,1.00
2013.10.15 21:21:49.705,1.5998,1.59999,1.00,1.00
2013.10.15 21:21:50.005,1.59978,1.59999,1.00,1.00
2013.10.15 21:21:51.764,1.59978,1.59999,1.38,1.00
2013.10.15 21:21:52.194,1.59974,1.59995,1.13,1.00
2013.10.15 21:21:53.053,1.59973,1.59995,1.13,1.00
2013.10.15 21:21:53.987,1.59973,1.59999,1.00,1.00
2013.10.15 21:21:54.526,1.59973,1.59998,1.00,3.75
2013.10.15 21:22:12.523,1.59973,1.59999,1.00,4.50
2013.10.15 21:22:13.974,1.5997,1.59983,1.13,1.00
2013.10.15 21:22:14.334,1.59971,1.59998,1.00,3.75
2013.10.15 21:22:14.886,1.5997,1.59995,1.88,1.00
2013.10.15 21:22:18.586,1.59971,1.59999,1.00,1.00
2013.10.15 21:23:13.443,1.59977,1.59999,1.00,1.00
2013.10.15 21:23:50.433,1.59977,1.60002,1.00,1.50
2013.10.15 21:23:51.684,1.59977,1.60001,1.00,2.22
2013.10.15 21:23:51.986,1.59969,1.5998,1.38,1.00
2013.10.15 21:23:54.804,1.59969,1.5998,1.88,1.00
2013.10.15 21:23:54.864,1.59969,1.5998,1.38,1.00
2013.10.15 21:24:01.010,1.59972,1.5998,1.00,1.00
2013.10.15 21:24:03.591,1.59969,1.5998,1.38,1.00
2013.10.15 21:24:08.887,1.59969,1.5998,1.38,1.00
2013.10.15 21:24:15.425,1.59969,1.5998,1.00,1.00
2013.10.15 21:24:21.246,1.59969,1.5998,1.08,1.00
2013.10.15 21:24:24.835,1.59969,1.5998,1.00,1.00
2013.10.15 21:24:25.265,1.59965,1.59976,1.00,1.00
2013.10.15 21:24:26.384,1.59975,1.5998,1.00,1.00
2013.10.15 21:24:27.140,1.59965,1.59976,1.00,1.00
2013.10.15 21:24:27.296,1.59965,1.5998,1.00,1.00
2013.10.15 21:24:27.855,1.59965,1.59976,1.00,1.00
2013.10.15 21:24:31.324,1.59969,1.5998,1.00,1.00
2013.10.15 21:24:32.035,1.59975,1.5998,1.00,1.00
2013.10.15 21:24:34.356,1.59975,1.59989,1.00,9.75
2013.10.15 21:24:37.225,1.59969,1.5998,1.00,1.00
2013.10.15 21:24:38.674,1.59965,1.5998,4.50,1.00
2013.10.15 21:24:38.975,1.59967,1.5998,3.75,1.00
2013.10.15 21:24:39.778,1.59971,1.5998,1.00,1.00
2013.10.15 21:24:41.188,1.59977,1.5998,1.00,1.00
2013.10.15 21:24:42.386,1.59975,1.59988,1.00,1.75
2013.10.15 21:24:42.634,1.59969,1.5998,4.50,1.00
2013.10.15 21:24:48.372,1.59975,1.5998,1.00,1.00
2013.10.15 21:24:52.012,1.59975,1.59988,1.00,1.75
2013.10.15 21:24:53.185,1.59975,1.59987,1.00,1.13
2013.10.15 21:24:53.244,1.59966,1.59975,7.50,1.00
2013.10.15 21:24:53.305,1.59964,1.59975,4.50,1.00
2013.10.15 21:24:56.105,1.5997,1.59975,1.00,1.00
2013.10.15 21:24:56.949,1.59962,1.59975,3.75,1.00
2013.10.15 21:24:59.996,1.5996,1.59975,4.50,1.00
2013.10.15 21:25:00.195,1.59964,1.59975,1.00,1.00
2013.10.15 21:25:01.347,1.5997,1.59975,1.00,1.00
2013.10.15 21:25:19.176,1.59968,1.5998,1.00,1.38
2013.10.15 21:25:20.736,1.5997,1.59975,1.00,1.00
2013.10.15 21:25:23.214,1.59961,1.59969,1.00,1.00
2013.10.15 21:25:26.677,1.59962,1.59968,3.75,1.00
2013.10.15 21:25:26.947,1.59969,1.59975,1.00,1.00
2013.10.15 21:25:30.065,1.59969,1.59983,1.00,4.13
2013.10.15 21:25:34.918,1.59964,1.59977,1.00,1.00
2013.10.15 21:25:34.987,1.59961,1.59974,1.50,1.00
2013.10.15 21:25:40.197,1.59964,1.59977,1.00,1.00
2013.10.15 21:25:50.395,1.59962,1.59977,1.00,1.00
2013.10.15 21:25:51.187,1.59962,1.59977,1.00,1.00
2013.10.15 21:25:52.254,1.59962,1.59977,1.00,1.00
2013.10.15 21:25:59.095,1.59962,1.59977,4.50,1.00
2013.10.15 21:26:00.040,1.59962,1.59977,1.00,1.00
2013.10.15 21:26:01.924,1.59964,1.59977,1.00,1.50
2013.10.15 21:26:08.146,1.5997,1.59977,1.00,1.00
2013.10.15 21:26:13.539,1.59964,1.59977,1.00,1.50
2013.10.15 21:26:16.164,1.5997,1.59977,1.00,1.00
2013.10.15 21:26:16.704,1.5997,1.59978,1.00,1.00
2013.10.15 21:26:18.756,1.59964,1.59977,1.00,1.00
2013.10.15 21:26:22.517,1.5997,1.59978,1.00,1.00
2013.10.15 21:26:25.388,1.59962,1.59978,1.00,1.00
2013.10.15 21:26:28.537,1.5997,1.59988,0.75,1.50
2013.10.15 21:26:31.755,1.59974,1.59983,0.75,3.75
2013.10.15 21:26:49.677,1.59964,1.59977,1.00,1.00
2013.10.15 21:27:06.435,1.59969,1.59982,1.00,1.00
2013.10.15 21:27:36.091,1.59972,1.59982,1.00,1.00
2013.10.15 21:27:36.465,1.5997,1.59982,1.00,1.00
2013.10.15 21:27:44.825,1.59972,1.59982,1.00,1.00
2013.10.15 21:27:44.945,1.5997,1.59982,1.00,1.00
2013.10.15 21:27:45.731,1.59969,1.59982,5.25,1.00
2013.10.15 21:27:54.325,1.59969,1.59979,4.50,1.00
2013.10.15 21:27:54.505,1.59966,1.59977,7.50,1.00
2013.10.15 21:28:08.615,1.59964,1.59977,4.50,1.00
2013.10.15 21:28:13.206,1.59974,1.59987,1.00,4.13
2013.10.15 21:28:13.385,1.59974,1.59995,1.00,1.13
2013.10.15 21:28:13.815,1.59974,1.59999,1.00,1.50
2013.10.15 21:28:18.649,1.59974,1.59996,1.00,2.25
2013.10.15 21:28:18.955,1.59968,1.59983,1.00,1.00
2013.10.15 21:29:06.054,1.59969,1.59983,3.75,1.00
2013.10.15 21:29:13.986,1.59971,1.59983,7.50,1.00
2013.10.15 21:29:18.727,1.59971,1.59993,7.50,1.50
2013.10.15 21:29:38.059,1.59971,1.59991,3.75,3.75
2013.10.15 21:29:38.124,1.59968,1.59991,3.75,4.13
2013.10.15 21:29:38.304,1.59971,1.59993,7.50,5.63
2013.10.15 21:29:40.194,1.59971,1.59985,7.50,1.00
2013.10.15 21:29:40.885,1.59969,1.59985,3.75,1.00
2013.10.15 21:29:58.684,1.59969,1.59982,3.75,1.00
2013.10.15 21:29:59.156,1.59971,1.59982,3.75,1.00
2013.10.15 21:30:02.577,1.59972,1.59982,1.00,1.00
2013.10.15 21:30:08.077,1.59971,1.59982,7.50,1.00
2013.10.15 21:30:08.544,1.59969,1.59982,3.75,1.00
2013.10.15 21:30:10.905,1.59969,1.59976,3.75,1.00
2013.10.15 21:30:16.405,1.59969,1.59982,3.75,1.00
2013.10.15 21:30:41.013,1.59967,1.59982,4.50,1.00
2013.10.15 21:30:42.055,1.59967,1.5998,3.75,1.00
2013.10.15 21:31:36.486,1.59969,1.5998,3.75,1.00
2013.10.15 21:31:42.191,1.59969,1.59989,3.75,1.58
2013.10.15 21:31:43.155,1.5997,1.59985,1.00,1.45
2013.10.15 21:31:43.395,1.5997,1.59979,1.00,1.00
2013.10.15 21:31:44.395,1.5997,1.59985,1.00,1.95
2013.10.15 21:31:45.645,1.59969,1.5998,3.75,1.00
2013.10.15 21:31:45.765,1.59971,1.59985,1.00,1.45
2013.10.15 21:31:53.094,1.59969,1.59984,5.25,1.20
2013.10.15 21:31:53.275,1.59969,1.5998,4.50,1.00
2013.10.15 21:31:54.835,1.5997,1.59985,1.00,1.45
2013.10.15 21:31:54.966,1.59974,1.59985,1.00,1.45
2013.10.15 21:31:55.206,1.59971,1.59982,3.75,1.00
2013.10.15 21:31:55.266,1.59969,1.59982,3.75,1.00
2013.10.15 21:31:55.953,1.5997,1.59982,1.00,1.00
2013.10.15 21:32:05.117,1.5997,1.59981,1.00,1.00
2013.10.15 21:32:05.723,1.59969,1.59981,3.75,1.00
2013.10.15 21:32:11.885,1.59969,1.59983,3.75,1.00
2013.10.15 21:32:12.985,1.59969,1.59981,3.75,1.00
2013.10.15 21:32:13.166,1.59969,1.59983,3.75,1.00
2013.10.15 21:32:15.895,1.59969,1.59982,3.75,1.00
2013.10.15 21:32:15.955,1.59969,1.59984,3.75,1.75
2013.10.15 21:32:16.835,1.59969,1.59981,3.75,1.00
2013.10.15 21:32:17.016,1.59967,1.59981,4.50,1.00
2013.10.15 21:32:17.075,1.59967,1.59983,5.25,1.00
2013.10.15 21:32:18.924,1.59967,1.59981,3.75,1.00
2013.10.15 21:32:32.366,1.59967,1.59983,4.50,1.00
2013.10.15 21:32:32.727,1.59969,1.59984,1.00,1.34
2013.10.15 21:32:53.355,1.59967,1.59982,3.75,1.00
2013.10.15 21:32:54.093,1.59966,1.59982,1.50,1.00
2013.10.15 21:33:18.805,1.59962,1.59982,3.75,1.00
2013.10.15 21:33:18.865,1.59959,1.59975,3.75,1.00
2013.10.15 21:33:19.165,1.59944,1.59975,1.00,1.18
2013.10.15 21:33:19.286,1.59941,1.59975,1.50,1.15
2013.10.15 21:33:19.795,1.59941,1.59975,1.50,1.15
2013.10.15 21:33:20.598,1.59939,1.59975,1.00,1.15
2013.10.15 21:33:25.553,1.59938,1.5997,1.00,1.50
2013.10.15 21:33:29.446,1.59938,1.5997,1.00,1.58
2013.10.15 21:33:30.200,1.59938,1.59969,1.00,1.18
2013.10.15 21:33:34.626,1.59937,1.5997,1.00,2.03
2013.10.15 21:33:35.196,1.59936,1.59968,1.50,1.18
2013.10.15 21:33:36.785,1.59936,1.59968,1.50,1.00
2013.10.15 21:33:37.544,1.59936,1.59948,1.50,0.75
2013.10.15 21:33:37.845,1.59925,1.59948,1.00,1.00
2013.10.15 21:33:39.005,1.59925,1.59951,1.50,1.00
2013.10.15 21:33:39.309,1.59935,1.59951,1.00,1.00
2013.10.15 21:33:39.556,1.59935,1.59953,1.00,1.50
2013.10.15 21:33:39.676,1.59935,1.59951,1.00,1.00
2013.10.15 21:33:39.977,1.59937,1.59952,1.00,1.00
2013.10.15 21:33:40.568,1.59936,1.59952,1.00,1.00
2013.10.15 21:33:44.367,1.5994,1.59953,1.00,1.00
2013.10.15 21:33:44.547,1.59928,1.59953,5.44,1.00
2013.10.15 21:33:45.396,1.59927,1.59953,1.38,1.00
2013.10.15 21:33:46.511,1.59927,1.59953,1.75,1.00
2013.10.15 21:33:46.575,1.59927,1.59953,1.38,1.00
2013.10.15 21:33:48.976,1.59933,1.59959,1.00,1.00
2013.10.15 21:33:49.036,1.59935,1.59959,1.00,1.00
2013.10.15 21:33:49.156,1.59932,1.59959,1.00,1.00
2013.10.15 21:33:49.216,1.5993,1.59959,1.00,1.00
2013.10.15 21:33:50.267,1.59931,1.59959,1.50,1.00
2013.10.15 21:33:50.446,1.59933,1.59959,1.00,1.00
2013.10.15 21:33:51.767,1.59933,1.59963,1.00,1.00
2013.10.15 21:33:53.267,1.59931,1.59963,1.88,1.50
2013.10.15 21:33:53.931,1.59931,1.59963,1.50,1.58
2013.10.15 21:33:58.385,1.59931,1.59959,1.00,1.00
2013.10.15 21:34:02.755,1.5993,1.59954,1.00,1.00
2013.10.15 21:34:02.877,1.59927,1.59954,1.00,1.00
2013.10.15 21:34:03.256,1.59927,1.59954,1.88,1.00
2013.10.15 21:34:04.385,1.59921,1.59949,2.58,1.00
2013.10.15 21:34:07.736,1.59931,1.59949,1.13,1.00
2013.10.15 21:34:10.926,1.59932,1.59949,1.13,1.00
2013.10.15 21:34:11.575,1.59921,1.59949,2.34,1.50
2013.10.15 21:34:12.106,1.59931,1.59949,1.75,1.50
2013.10.15 21:34:15.125,1.59932,1.59949,1.13,1.50
2013.10.15 21:34:16.425,1.59921,1.59949,1.78,1.50
2013.10.15 21:34:16.565,1.59921,1.59944,1.78,1.00
2013.10.15 21:34:22.369,1.59921,1.59943,1.78,1.00
2013.10.15 21:34:22.676,1.59921,1.59939,1.78,1.00
2013.10.15 21:34:26.555,1.59921,1.59938,1.46,1.00
2013.10.15 21:34:31.296,1.59923,1.59938,1.00,1.50
2013.10.15 21:34:31.598,1.59923,1.59938,1.00,1.00
2013.10.15 21:34:32.268,1.59904,1.59938,3.08,1.00
2013.10.15 21:34:34.226,1.59904,1.59938,2.33,1.00
2013.10.15 21:34:34.747,1.59904,1.59938,1.00,1.00
2013.10.15 21:34:36.166,1.59904,1.59938,1.00,1.75
2013.10.15 21:34:36.346,1.59902,1.59933,1.00,1.13
2013.10.15 21:34:40.641,1.59902,1.59932,1.00,1.00
2013.10.15 21:34:41.216,1.59902,1.59928,1.00,1.00
2013.10.15 21:34:45.482,1.59902,1.59925,1.00,1.00
2013.10.15 21:34:46.150,1.59902,1.5993,1.00,1.00
2013.10.15 21:34:49.185,1.59902,1.5993,1.50,1.00
2013.10.15 21:34:49.547,1.5991,1.5993,1.00,1.00
2013.10.15 21:34:50.415,1.59902,1.5993,1.58,1.00
2013.10.15 21:34:50.656,1.5991,1.5993,1.00,1.00
2013.10.15 21:34:51.238,1.59909,1.59929,1.00,1.00
2013.10.15 21:34:51.297,1.59904,1.59929,1.38,1.50
2013.10.15 21:34:54.275,1.59904,1.59929,1.75,1.50
2013.10.15 21:34:59.327,1.59902,1.59932,1.15,1.75
2013.10.15 21:35:37.405,1.59906,1.59929,1.88,1.00
2013.10.15 21:35:37.466,1.59906,1.59934,1.88,1.00
2013.10.15 21:35:40.118,1.59916,1.59934,1.13,1.00
2013.10.15 21:35:42.915,1.59917,1.59934,1.13,1.00
2013.10.15 21:35:44.567,1.59915,1.59934,1.75,1.00
2013.10.15 21:35:47.406,1.59916,1.59934,1.00,1.13
2013.10.15 21:35:50.536,1.59914,1.59934,1.05,1.09
2013.10.15 21:35:53.086,1.59916,1.59934,2.25,1.09
2013.10.15 21:35:54.296,1.59918,1.59934,1.13,1.00
2013.10.15 21:36:00.346,1.59916,1.59934,1.38,1.00
2013.10.15 21:36:01.309,1.59921,1.59934,1.00,1.00
2013.10.15 21:36:01.496,1.59921,1.59939,1.00,1.00
2013.10.15 21:36:03.276,1.59919,1.59939,1.00,1.00
2013.10.15 21:36:03.336,1.59923,1.59939,1.00,1.00
2013.10.15 21:36:05.916,1.59919,1.59939,1.00,1.00
2013.10.15 21:36:05.978,1.59923,1.59939,1.00,1.00
2013.10.15 21:36:08.793,1.59917,1.59939,1.13,1.00
2013.10.15 21:36:09.876,1.59919,1.59939,1.00,1.00
2013.10.15 21:36:17.868,1.59916,1.59939,2.63,1.00
2013.10.15 21:36:18.177,1.59916,1.59937,2.63,1.00
2013.10.15 21:36:28.865,1.59926,1.59937,1.00,1.00
2013.10.15 21:36:32.327,1.59926,1.59939,1.00,1.50
2013.10.15 21:36:35.126,1.59921,1.59939,1.38,1.50
2013.10.15 21:36:35.697,1.59921,1.59938,1.38,1.00
2013.10.15 21:36:49.378,1.59923,1.59938,1.00,1.00
2013.10.15 21:36:53.106,1.5992,1.59938,1.38,1.00
2013.10.15 21:36:53.226,1.59924,1.59938,1.00,1.00
2013.10.15 21:36:53.756,1.59923,1.59938,1.00,1.00
2013.10.15 21:36:54.566,1.59922,1.59938,1.88,1.00
2013.10.15 21:36:55.116,1.59922,1.59939,1.50,1.00
2013.10.15 21:37:00.616,1.5992,1.59939,1.13,1.00
2013.10.15 21:37:04.376,1.59918,1.59939,1.13,1.00
2013.10.15 21:37:05.396,1.59918,1.59944,1.13,1.00
2013.10.15 21:37:07.796,1.59919,1.59944,1.13,1.00
2013.10.15 21:37:10.296,1.59919,1.59939,1.13,1.00
2013.10.15 21:37:13.256,1.5992,1.59939,1.13,1.00
2013.10.15 21:37:15.315,1.5992,1.59944,1.13,1.00
2013.10.15 21:37:19.306,1.59922,1.59944,1.38,1.00
2013.10.15 21:37:21.486,1.59922,1.59944,1.50,1.00
2013.10.15 21:37:24.486,1.59918,1.59944,1.13,1.00
2013.10.15 21:37:26.626,1.59918,1.59942,1.13,1.00
2013.10.15 21:37:26.985,1.59918,1.59939,1.13,1.00
2013.10.15 21:37:27.326,1.59919,1.59939,1.00,1.00
2013.10.15 21:37:27.866,1.59919,1.5994,1.00,1.00
2013.10.15 21:37:30.526,1.5992,1.5994,1.00,1.00
2013.10.15 21:37:32.167,1.5992,1.59933,1.00,1.00
2013.10.15 21:37:32.286,1.5992,1.59935,1.00,1.00
2013.10.15 21:37:32.467,1.5992,1.59931,1.00,1.00
2013.10.15 21:37:32.646,1.59916,1.59931,1.00,1.00
2013.10.15 21:37:37.166,1.59918,1.59931,1.00,1.00
2013.10.15 21:37:38.887,1.59917,1.59931,1.13,1.00
2013.10.15 21:37:38.946,1.59917,1.59942,1.13,1.00
2013.10.15 21:37:39.127,1.5992,1.59942,1.00,1.00
2013.10.15 21:37:39.917,1.59917,1.59944,1.13,1.00
2013.10.15 21:37:40.046,1.5992,1.59944,1.00,1.00
2013.10.15 21:37:40.697,1.59923,1.59944,1.00,1.00
2013.10.15 21:37:43.263,1.59921,1.59944,1.13,1.00
2013.10.15 21:37:43.466,1.59921,1.59949,1.13,1.13
2013.10.15 21:37:49.202,1.59921,1.59949,1.13,1.13
2013.10.15 21:37:49.326,1.59921,1.59944,1.13,1.00
2013.10.15 21:37:50.796,1.59921,1.59949,1.13,1.13
2013.10.15 21:38:07.596,1.59917,1.59949,1.05,1.13
2013.10.15 21:38:09.025,1.59922,1.59949,1.13,1.13
2013.10.15 21:38:15.072,1.59922,1.59949,1.13,1.13
2013.10.15 21:38:15.927,1.59922,1.59949,1.13,1.13
2013.10.15 21:38:34.656,1.59931,1.59949,1.00,1.13
2013.10.15 21:38:37.534,1.59931,1.59949,1.75,1.00
2013.10.15 21:38:43.137,1.59921,1.59949,1.38,1.00
2013.10.15 21:38:46.127,1.59916,1.59949,2.18,1.00
2013.10.15 21:38:52.179,1.59916,1.59949,2.18,1.00
2013.10.15 21:38:55.465,1.59919,1.59949,1.80,1.00
2013.10.15 21:38:56.438,1.59928,1.59954,1.00,4.39
2013.10.15 21:38:56.556,1.59924,1.59954,1.00,4.39
2013.10.15 21:38:57.686,1.5992,1.59954,1.38,3.64
2013.10.15 21:39:02.555,1.59921,1.59951,1.38,1.00
2013.10.15 21:39:03.195,1.59924,1.59951,1.00,1.00
2013.10.15 21:39:05.395,1.59921,1.59951,1.38,1.00
2013.10.15 21:39:05.756,1.59921,1.59949,1.38,1.00
2013.10.15 21:39:07.466,1.59917,1.59949,2.18,1.50
2013.10.15 21:39:08.346,1.59917,1.59945,1.68,1.00
2013.10.15 21:39:08.707,1.59918,1.5994,1.05,1.00
2013.10.15 21:39:11.596,1.59912,1.5994,1.88,1.00
2013.10.15 21:39:11.918,1.59923,1.5994,1.00,1.00
2013.10.15 21:39:15.456,1.59925,1.5994,1.00,1.00
2013.10.15 21:39:19.597,1.59925,1.59941,1.00,1.00
2013.10.15 21:39:25.099,1.59925,1.59945,1.00,1.38
2013.10.15 21:39:29.676,1.59925,1.5994,1.00,1.00
2013.10.15 21:39:44.009,1.59923,1.5994,1.00,1.00
2013.10.15 21:39:44.396,1.59919,1.5994,1.50,1.00
2013.10.15 21:39:45.002,1.59919,1.5994,1.00,1.00
2013.10.15 21:39:47.046,1.59912,1.5994,1.75,1.00
2013.10.15 21:39:47.106,1.59912,1.5994,1.00,1.00
2013.10.15 21:39:48.196,1.59916,1.5994,1.00,1.00
2013.10.15 21:39:50.755,1.59912,1.5994,1.00,1.00
2013.10.15 21:39:51.857,1.59917,1.5994,1.00,1.00
2013.10.15 21:39:53.476,1.59912,1.5994,1.00,1.00
2013.10.15 21:40:08.620,1.59912,1.5994,1.38,1.00
2013.10.15 21:40:10.656,1.59912,1.5994,1.00,1.00
2013.10.15 21:40:26.956,1.59911,1.59939,1.13,1.00
2013.10.15 21:40:31.886,1.59911,1.59944,1.13,1.13
2013.10.15 21:40:37.326,1.59916,1.59942,1.00,1.00
2013.10.15 21:40:46.246,1.59918,1.59942,1.38,1.00
2013.10.15 21:40:55.506,1.59924,1.59945,1.00,1.38
2013.10.15 21:40:55.626,1.59919,1.59942,1.13,1.00
2013.10.15 21:40:55.686,1.59924,1.59945,1.00,1.38
2013.10.15 21:40:55.867,1.59919,1.59942,1.13,1.00
2013.10.15 21:40:55.926,1.59922,1.59945,1.00,1.38
2013.10.15 21:40:56.117,1.59919,1.59942,1.13,1.00
2013.10.15 21:40:56.295,1.59921,1.59945,1.13,1.38
2013.10.15 21:40:56.356,1.59919,1.59942,1.13,1.00
2013.10.15 21:40:56.557,1.59921,1.59945,1.13,1.38
2013.10.15 21:40:56.616,1.59919,1.59942,1.13,1.00
2013.10.15 21:40:56.736,1.59921,1.59945,1.13,1.38
2013.10.15 21:40:56.796,1.59919,1.59942,1.13,1.00
2013.10.15 21:40:56.977,1.59921,1.59945,1.13,1.00
2013.10.15 21:40:57.037,1.59919,1.59943,1.13,1.00
2013.10.15 21:40:57.396,1.59926,1.59942,1.00,1.00
2013.10.15 21:40:58.506,1.59927,1.59942,1.00,1.00
2013.10.15 21:41:58.800,1.59922,1.59954,1.00,1.83
2013.10.15 21:42:00.103,1.59921,1.59954,1.00,1.83
2013.10.15 21:42:30.435,1.59919,1.59954,1.75,1.70
2013.10.15 21:42:40.275,1.59919,1.59954,1.75,1.18
2013.10.15 21:42:42.636,1.59919,1.59954,1.75,1.00
2013.10.15 21:42:43.320,1.59919,1.59954,1.50,1.10
2013.10.15 21:42:46.836,1.59919,1.59954,1.88,1.10
2013.10.15 21:42:50.206,1.59921,1.59954,1.13,1.60
2013.10.15 21:42:58.376,1.59919,1.59954,1.75,1.60
2013.10.15 21:43:09.886,1.5992,1.59951,1.13,1.00
2013.10.15 21:43:13.456,1.59924,1.59951,1.13,1.38
2013.10.15 21:43:16.029,1.59926,1.59941,1.13,1.00
2013.10.15 21:43:42.987,1.59929,1.59951,1.00,1.38
2013.10.15 21:43:43.406,1.59933,1.59954,1.00,1.02
2013.10.15 21:43:47.936,1.59926,1.59954,2.63,1.02
2013.10.15 21:43:52.417,1.59926,1.5994,1.88,1.38
2013.10.15 21:43:52.777,1.59932,1.59947,1.00,4.58
2013.10.15 21:43:52.898,1.59928,1.5995,1.00,1.38
2013.10.15 21:43:53.147,1.59933,1.59956,1.00,1.38
2013.10.15 21:43:53.207,1.59933,1.59958,1.00,1.10
2013.10.15 21:43:59.039,1.5994,1.59958,1.00,1.10
2013.10.15 21:44:00.377,1.5994,1.59959,1.00,1.00
2013.10.15 21:44:05.597,1.5994,1.59964,1.00,1.65
2013.10.15 21:44:15.898,1.59937,1.59964,1.00,1.15
2013.10.15 21:44:16.540,1.59938,1.59968,1.00,1.75
2013.10.15 21:44:17.410,1.59938,1.59954,1.00,1.08
2013.10.15 21:44:38.640,1.59942,1.59944,1.00,1.00
2013.10.15 21:44:38.707,1.59942,1.59953,1.00,2.89
2013.10.15 21:44:38.947,1.5994,1.59953,1.00,1.39
2013.10.15 21:45:11.937,1.59942,1.59953,1.00,1.39
2013.10.15 21:45:12.006,1.59938,1.59953,1.00,1.39
2013.10.15 21:45:29.157,1.59948,1.59953,1.00,1.39
2013.10.15 21:45:29.517,1.59955,1.59969,1.00,1.75
2013.10.15 21:45:29.577,1.59958,1.59974,1.00,4.82
2013.10.15 21:45:29.636,1.59954,1.59974,1.00,4.74
2013.10.15 21:45:34.907,1.59954,1.59974,1.50,1.94
2013.10.15 21:45:34.967,1.59954,1.59974,1.50,1.00
2013.10.15 21:45:41.130,1.59963,1.59974,1.00,1.00
2013.10.15 21:45:42.437,1.59962,1.59974,1.00,1.00
2013.10.15 21:45:42.988,1.59963,1.59974,1.00,1.00
2013.10.15 21:45:52.305,1.59963,1.59979,1.00,1.00
2013.10.15 21:45:52.937,1.59961,1.59973,1.50,1.00
2013.10.15 21:45:53.419,1.59961,1.59971,1.50,1.00
2013.10.15 21:45:53.977,1.59962,1.59976,1.00,1.00
2013.10.15 21:46:05.793,1.5997,1.59976,1.00,1.00
2013.10.15 21:46:13.788,1.5997,1.59981,1.00,1.38
2013.10.15 21:46:13.957,1.59966,1.59981,1.00,1.38
2013.10.15 21:46:14.017,1.59969,1.59984,1.00,1.88
2013.10.15 21:46:14.517,1.59969,1.59984,1.00,1.50
2013.10.15 21:46:20.669,1.59968,1.59983,1.00,1.00
2013.10.15 21:46:27.318,1.59964,1.59978,1.00,1.00
2013.10.15 21:46:27.859,1.59963,1.59978,1.00,1.00
2013.10.15 21:47:10.897,1.59963,1.59977,1.00,1.00
2013.10.15 21:47:11.257,1.59966,1.59978,1.00,1.00
2013.10.15 21:47:11.437,1.59963,1.59977,1.00,1.00
2013.10.15 21:47:11.677,1.59967,1.59978,1.00,1.00
2013.10.15 21:47:13.784,1.59967,1.59979,1.00,1.00
2013.10.15 21:47:16.357,1.59967,1.59977,1.00,2.25
2013.10.15 21:47:16.537,1.59967,1.59979,1.00,1.00
2013.10.15 21:47:17.487,1.59971,1.59984,1.00,1.13
2013.10.15 21:47:53.709,1.59971,1.59985,1.00,1.00
2013.10.15 21:47:54.647,1.5997,1.59985,1.00,1.50
2013.10.15 21:48:01.697,1.59975,1.59989,1.00,1.50
2013.10.15 21:48:02.174,1.59977,1.5999,1.00,1.00
2013.10.15 21:48:20.643,1.59971,1.59986,1.00,1.00
2013.10.15 21:48:26.448,1.59966,1.59978,1.00,1.00
2013.10.15 21:48:29.347,1.5997,1.59978,1.00,1.50
2013.10.15 21:48:29.467,1.5997,1.59985,1.00,1.00
2013.10.15 21:48:32.978,1.5997,1.59973,1.00,1.00
2013.10.15 21:48:35.657,1.5997,1.59976,1.00,3.75
2013.10.15 21:48:35.777,1.5997,1.59978,1.00,1.00
2013.10.15 21:48:35.898,1.5997,1.59985,1.00,1.00
2013.10.15 21:48:49.498,1.5997,1.59974,1.00,1.00
2013.10.15 21:48:49.677,1.59973,1.59987,1.00,1.00
2013.10.15 21:48:50.217,1.59972,1.59987,1.00,1.50
2013.10.15 21:48:51.798,1.5997,1.59974,1.00,1.00
2013.10.15 21:48:52.307,1.59971,1.59974,1.00,1.00
2013.10.15 21:48:52.442,1.59973,1.59976,1.00,1.00
2013.10.15 21:48:52.507,1.59973,1.59987,1.00,1.00
2013.10.15 21:48:53.084,1.59972,1.59987,1.00,1.50
2013.10.15 21:48:55.597,1.59972,1.59975,1.00,1.00
2013.10.15 21:48:55.957,1.59973,1.59987,1.00,1.00
2013.10.15 21:48:56.527,1.59972,1.59987,1.00,1.50
2013.10.15 21:48:57.209,1.59972,1.59987,1.00,1.88
2013.10.15 21:48:57.957,1.5997,1.59974,1.00,1.00
2013.10.15 21:48:58.567,1.5997,1.59974,1.00,1.00
2013.10.15 21:48:58.688,1.59973,1.59976,1.00,1.00
2013.10.15 21:48:58.807,1.59973,1.59987,1.00,1.88
2013.10.15 21:48:59.392,1.59972,1.59987,1.00,2.63
2013.10.15 21:49:00.392,1.59968,1.59976,1.00,1.00
2013.10.15 21:49:00.459,1.59961,1.59974,2.25,1.00
2013.10.15 21:49:15.520,1.59961,1.59975,1.00,1.38
2013.10.15 21:49:15.769,1.59961,1.59975,1.00,1.38
2013.10.15 21:49:16.310,1.59961,1.59974,1.50,1.13
2013.10.15 21:49:16.828,1.59962,1.59974,1.00,1.13
2013.10.15 21:49:51.058,1.59969,1.59974,1.00,1.00
2013.10.15 21:49:51.117,1.59972,1.59976,1.00,1.00
2013.10.15 21:49:51.238,1.59972,1.59979,1.00,1.00
2013.10.15 21:49:51.298,1.59974,1.59987,1.00,1.00
2013.10.15 21:49:52.017,1.59973,1.59987,1.00,1.00
2013.10.15 21:50:00.408,1.5997,1.59986,1.00,1.00
2013.10.15 21:50:11.490,1.5998,1.59986,1.00,1.00
2013.10.15 21:50:11.899,1.59977,1.59986,1.00,1.00
2013.10.15 21:50:12.198,1.59978,1.59991,1.00,1.50
2013.10.15 21:50:18.408,1.59978,1.5999,1.00,1.00
2013.10.15 21:50:19.548,1.59974,1.59985,1.00,1.00
2013.10.15 21:50:20.150,1.59978,1.5999,1.00,1.00
2013.10.15 21:50:21.299,1.59975,1.59988,1.00,1.00
2013.10.15 21:50:21.419,1.59983,1.5999,1.00,1.00
2013.10.15 21:50:26.159,1.59984,1.59988,1.00,1.00
2013.10.15 21:50:30.306,1.59972,1.59985,1.00,1.00
2013.10.15 21:50:30.427,1.59973,1.59983,1.00,1.00
2013.10.15 21:50:31.718,1.59975,1.59983,1.00,1.00
2013.10.15 21:50:32.019,1.5998,1.59988,1.00,1.00
2013.10.15 21:50:32.268,1.59978,1.59988,1.00,1.00
2013.10.15 21:50:32.990,1.59981,1.59989,1.00,1.00
2013.10.15 21:50:33.898,1.59978,1.59983,1.00,1.00
2013.10.15 21:50:34.017,1.59973,1.59983,1.00,1.00
2013.10.15 21:50:38.672,1.59978,1.59986,1.00,1.00
2013.10.15 21:50:38.979,1.5998,1.59988,1.00,1.00
2013.10.15 21:50:39.594,1.59979,1.59988,1.00,1.00
2013.10.15 21:50:42.917,1.59979,1.59983,1.00,1.00
2013.10.15 21:50:51.247,1.59979,1.59988,1.00,1.00
2013.10.15 21:50:54.028,1.59979,1.5999,1.00,1.00
2013.10.15 21:50:54.389,1.59979,1.59988,1.00,1.00
2013.10.15 21:50:59.357,1.59977,1.59988,1.00,1.50
2013.10.15 21:51:22.318,1.59981,1.59988,1.00,1.00
2013.10.15 21:51:23.855,1.59981,1.59991,1.00,1.38
2013.10.15 21:51:24.038,1.59981,1.59991,1.00,1.00
2013.10.15 21:51:24.614,1.59981,1.5999,1.00,1.00
2013.10.15 21:51:25.065,1.59981,1.59985,1.00,1.00
2013.10.15 21:51:25.127,1.59974,1.59985,1.00,1.00
2013.10.15 21:51:25.668,1.59973,1.59976,1.00,1.00
2013.10.15 21:51:25.728,1.59963,1.59974,1.50,1.00
2013.10.15 21:51:26.207,1.59974,1.5998,1.00,1.00
2013.10.15 21:51:26.267,1.59974,1.5998,1.00,1.00
2013.10.15 21:51:26.328,1.5997,1.59975,1.00,1.00
2013.10.15 21:51:26.447,1.59964,1.59974,1.00,1.00
2013.10.15 21:51:26.998,1.59963,1.59973,1.00,1.00
2013.10.15 21:51:30.658,1.59954,1.59964,2.25,1.00
2013.10.15 21:51:30.838,1.59938,1.59961,1.28,1.00
2013.10.15 21:51:30.957,1.59938,1.59961,1.13,1.00
2013.10.15 21:51:33.857,1.59934,1.59961,1.13,1.00
2013.10.15 21:51:33.918,1.59934,1.59966,1.13,3.75
2013.10.15 21:51:33.978,1.59934,1.59969,1.13,4.50
2013.10.15 21:51:34.724,1.59935,1.59969,1.58,1.00
2013.10.15 21:51:35.619,1.59944,1.59969,1.13,1.00
2013.10.15 21:51:35.978,1.5995,1.59964,1.00,1.00
2013.10.15 21:51:38.318,1.5995,1.59964,1.75,1.00
2013.10.15 21:51:41.348,1.59944,1.59964,1.13,1.00
2013.10.15 21:51:52.193,1.59946,1.59969,1.13,1.00
2013.10.15 21:51:58.591,1.59949,1.59969,1.13,1.00
2013.10.15 21:52:01.639,1.59951,1.59969,1.38,1.00
2013.10.15 21:52:11.540,1.59948,1.59969,1.00,1.00
2013.10.15 21:52:11.608,1.59948,1.59964,1.00,2.25
2013.10.15 21:52:11.968,1.59936,1.59945,1.75,1.00
2013.10.15 21:52:14.610,1.59936,1.59944,1.50,1.00
2013.10.15 21:52:16.875,1.59936,1.59945,1.50,1.00
2013.10.15 21:52:25.898,1.59941,1.59949,1.00,1.00
2013.10.15 21:52:25.957,1.59944,1.59956,1.00,1.28
2013.10.15 21:52:26.017,1.59946,1.59969,1.00,1.15
2013.10.15 21:52:26.078,1.59946,1.59969,1.88,1.15
2013.10.15 21:52:26.198,1.59951,1.59969,1.38,1.00
2013.10.15 21:52:30.518,1.59955,1.59969,1.13,1.00
2013.10.15 21:52:40.498,1.59954,1.59971,1.75,1.00
2013.10.15 21:52:40.566,1.59954,1.59979,1.75,1.00
2013.10.15 21:52:41.638,1.59954,1.59979,1.00,1.00
2013.10.15 21:52:48.555,1.59947,1.59965,1.13,0.75
2013.10.15 21:52:48.797,1.59946,1.5995,1.00,1.50
2013.10.15 21:52:48.978,1.5995,1.59957,1.00,1.00
2013.10.15 21:52:49.037,1.5995,1.59973,1.00,1.28
2013.10.15 21:52:49.158,1.59947,1.59959,1.00,1.00
2013.10.15 21:52:49.218,1.59947,1.59952,1.00,1.00
2013.10.15 21:52:49.277,1.59943,1.5995,1.00,1.00
2013.10.15 21:52:49.338,1.59941,1.5995,1.00,1.00
2013.10.15 21:52:58.388,1.59945,1.59951,1.00,1.00
2013.10.15 21:52:58.507,1.59953,1.59964,1.00,1.00
2013.10.15 21:52:58.568,1.59957,1.59973,1.00,1.20
2013.10.15 21:52:58.627,1.59946,1.59959,1.00,1.00
2013.10.15 21:52:58.929,1.59946,1.5995,1.50,1.00
2013.10.15 21:52:59.049,1.59957,1.59968,1.00,1.00
2013.10.15 21:52:59.167,1.59957,1.59979,1.00,1.00
2013.10.15 21:53:01.077,1.59957,1.59979,1.00,1.75
2013.10.15 21:53:01.437,1.5994,1.5995,1.00,1.50
2013.10.15 21:53:11.577,1.59942,1.59952,1.00,1.00
2013.10.15 21:53:11.899,1.59951,1.59952,2.25,1.00
2013.10.15 21:53:12.018,1.5996,1.59975,1.00,1.83
2013.10.15 21:53:12.078,1.59969,1.59981,1.00,1.50
2013.10.15 21:53:12.137,1.5997,1.59981,1.00,1.38
2013.10.15 21:53:12.378,1.59962,1.59979,1.00,1.38
2013.10.15 21:53:12.438,1.59962,1.59979,1.00,1.00
2013.10.15 21:53:12.498,1.59954,1.59979,1.88,1.00
2013.10.15 21:53:12.966,1.59954,1.59979,1.00,1.00
2013.10.15 21:53:13.339,1.59954,1.59974,1.00,1.00
2013.10.15 21:53:13.597,1.59954,1.59979,1.00,1.50
2013.10.15 21:53:15.408,1.59946,1.59959,1.00,1.00
2013.10.15 21:53:15.468,1.59946,1.59949,1.00,1.00
2013.10.15 21:53:15.527,1.59939,1.59949,1.00,1.00
2013.10.15 21:53:31.638,1.59944,1.59956,1.00,1.13
2013.10.15 21:53:31.698,1.5995,1.59956,1.00,1.13
2013.10.15 21:53:31.820,1.59952,1.59964,1.00,4.50
2013.10.15 21:53:31.888,1.59954,1.59979,1.00,1.00
2013.10.15 21:53:34.687,1.59954,1.59982,1.00,1.00
2013.10.15 21:53:34.808,1.59954,1.59979,1.00,1.00
2013.10.15 21:53:36.587,1.59961,1.59979,1.00,1.00
2013.10.15 21:53:36.707,1.59962,1.59982,1.00,1.00
2013.10.15 21:53:37.247,1.59963,1.59983,1.00,1.00
2013.10.15 21:53:37.367,1.59967,1.59984,1.00,1.00
2013.10.15 21:53:37.817,1.59963,1.59983,1.00,1.00
2013.10.15 21:53:41.138,1.59969,1.59984,1.00,1.00
2013.10.15 21:53:41.677,1.5997,1.59984,1.00,1.00
2013.10.15 21:53:43.369,1.5997,1.59979,1.00,1.00
2013.10.15 21:53:44.029,1.59951,1.59962,1.60,0.75
2013.10.15 21:53:44.099,1.59941,1.59954,1.50,1.00
2013.10.15 21:53:46.558,1.59941,1.59953,1.00,1.00
2013.10.15 21:53:46.748,1.59946,1.59953,1.00,1.00
2013.10.15 21:53:47.108,1.59961,1.5998,1.00,1.88
2013.10.15 21:53:47.468,1.59945,1.59953,1.00,1.00
2013.10.15 21:53:48.030,1.59944,1.59953,1.00,1.00
2013.10.15 21:53:49.178,1.59953,1.59963,1.00,1.38
2013.10.15 21:53:49.358,1.59961,1.59981,1.00,1.50
2013.10.15 21:53:49.538,1.59961,1.59981,1.00,1.00
2013.10.15 21:53:54.128,1.59951,1.59967,1.00,1.00
2013.10.15 21:53:54.248,1.59949,1.59958,1.00,1.00
2013.10.15 21:54:00.917,1.59949,1.59959,1.00,1.50
2013.10.15 21:54:03.264,1.59951,1.59959,1.00,1.00
2013.10.15 21:54:10.917,1.59951,1.59958,1.00,1.00
2013.10.15 21:54:14.429,1.59941,1.59955,1.00,1.00
2013.10.15 21:54:17.731,1.59941,1.59952,1.00,0.75
2013.10.15 21:54:20.053,1.59941,1.59966,1.00,1.00
2013.10.15 21:54:20.177,1.59945,1.59958,1.00,1.00
2013.10.15 21:54:24.908,1.59946,1.59959,1.00,1.00
2013.10.15 21:54:30.337,1.59949,1.59962,1.00,1.00
2013.10.15 21:54:30.731,1.59953,1.59966,1.00,1.50
2013.10.15 21:54:33.608,1.59946,1.59959,1.13,1.00
2013.10.15 21:54:33.970,1.59956,1.59964,1.00,1.00
2013.10.15 21:54:34.259,1.59953,1.59959,1.00,1.00
2013.10.15 21:54:34.510,1.59953,1.59964,1.50,1.00
2013.10.15 21:54:34.749,1.59953,1.59959,1.00,1.00
2013.10.15 21:54:35.108,1.59953,1.59964,1.00,1.00
2013.10.15 21:54:38.040,1.59953,1.59958,1.00,1.00
2013.10.15 21:54:48.899,1.59953,1.59959,1.00,1.00
2013.10.15 21:55:06.409,1.59953,1.59964,1.00,1.00
2013.10.15 21:55:08.253,1.59955,1.59964,1.00,1.00
2013.10.15 21:55:12.758,1.59953,1.59959,1.00,1.00
2013.10.15 21:55:18.690,1.59942,1.59956,1.00,1.00
2013.10.15 21:55:22.398,1.59941,1.59956,1.50,0.75
2013.10.15 21:55:22.888,1.59946,1.59959,1.00,1.00
2013.10.15 21:55:23.768,1.59955,1.59973,0.75,5.25
2013.10.15 21:55:24.888,1.59949,1.59962,1.00,1.00
2013.10.15 21:55:25.967,1.59946,1.59959,1.00,1.00
2013.10.15 21:55:39.840,1.59954,1.59965,1.00,1.38
2013.10.15 21:55:40.398,1.59958,1.59964,1.00,1.00
2013.10.15 21:55:46.664,1.59957,1.59959,1.00,1.00
2013.10.15 21:55:46.847,1.59953,1.59959,1.50,1.00
2013.10.15 21:55:47.708,1.59951,1.59959,1.00,1.00
2013.10.15 21:55:52.908,1.59957,1.59964,1.00,1.00
2013.10.15 21:55:58.188,1.59957,1.59967,1.00,1.00
2013.10.15 21:55:59.948,1.59962,1.59973,1.00,1.00
2013.10.15 21:56:00.708,1.59966,1.59975,1.00,1.00
2013.10.15 21:56:00.768,1.59962,1.59973,1.00,1.00
2013.10.15 21:56:09.543,1.59967,1.59975,1.00,1.00
2013.10.15 21:56:09.610,1.59967,1.59977,1.00,1.00
2013.10.15 21:56:10.378,1.59962,1.59973,1.00,1.00
2013.10.15 21:56:10.438,1.59962,1.59969,1.00,1.00
2013.10.15 21:56:12.930,1.59957,1.59964,1.00,1.00
2013.10.15 21:56:19.597,1.59959,1.59964,1.00,1.00
2013.10.15 21:56:19.659,1.59961,1.59966,1.00,1.00
2013.10.15 21:56:19.778,1.59962,1.59969,1.00,1.00
2013.10.15 21:56:21.398,1.59967,1.59976,1.00,1.13
2013.10.15 21:56:21.578,1.59967,1.59974,1.00,1.00
2013.10.15 21:56:24.958,1.59967,1.59976,1.00,1.00
2013.10.15 21:56:25.792,1.59967,1.59977,1.00,1.00
2013.10.15 21:56:29.449,1.59957,1.59965,1.00,1.00
2013.10.15 21:56:29.698,1.59957,1.59966,1.00,1.00
2013.10.15 21:56:35.049,1.59957,1.59964,1.00,1.00
2013.10.15 21:56:37.660,1.59959,1.59972,1.00,1.38
2013.10.15 21:56:37.728,1.59967,1.59973,1.00,1.00
2013.10.15 21:56:38.278,1.59967,1.59974,1.00,1.00
2013.10.15 21:56:40.398,1.59961,1.59972,1.00,1.00
2013.10.15 21:56:40.459,1.59961,1.59969,1.00,1.00
2013.10.15 21:56:40.937,1.59948,1.59962,1.53,1.00
2013.10.15 21:56:41.001,1.59945,1.59954,2.03,1.00
2013.10.15 21:56:41.128,1.59945,1.59954,1.50,1.00
2013.10.15 21:56:41.188,1.59946,1.59954,1.38,1.00
2013.10.15 21:56:41.248,1.59958,1.59969,1.00,1.10
2013.10.15 21:56:41.428,1.5995,1.59958,1.00,1.00
2013.10.15 21:56:41.488,1.59947,1.59954,1.13,1.00
2013.10.15 21:56:47.342,1.59947,1.59958,1.00,1.00
2013.10.15 21:56:48.937,1.59932,1.59963,1.88,1.38
2013.10.15 21:56:49.492,1.59936,1.59963,1.50,1.38
2013.10.15 21:56:52.377,1.59936,1.59963,1.50,1.38
2013.10.15 21:56:52.508,1.59962,1.59972,1.00,1.53
2013.10.15 21:56:52.629,1.59963,1.59972,1.00,1.55
2013.10.15 21:56:52.688,1.59962,1.59972,1.00,1.48
2013.10.15 21:56:52.808,1.59951,1.59964,1.28,1.00
2013.10.15 21:56:54.648,1.59961,1.59973,1.00,1.00
2013.10.15 21:56:55.849,1.59962,1.59973,1.00,1.00
2013.10.15 21:57:06.957,1.59963,1.59973,1.00,1.00
2013.10.15 21:57:07.471,1.59962,1.59973,1.00,1.00
2013.10.15 21:57:08.128,1.5996,1.59973,1.00,1.00
2013.10.15 21:57:09.383,1.59962,1.59973,1.00,1.00
2013.10.15 21:57:13.028,1.59962,1.59974,1.00,1.00
2013.10.15 21:57:13.388,1.59955,1.59966,1.00,1.00
2013.10.15 21:57:17.449,1.59956,1.59966,1.00,1.00
2013.10.15 21:57:17.758,1.5996,1.59969,1.00,1.00
2013.10.15 21:57:26.478,1.59962,1.59971,1.00,1.00
2013.10.15 21:57:31.878,1.5996,1.59969,1.00,1.00
2013.10.15 21:58:00.838,1.59965,1.59971,1.00,1.00
2013.10.15 21:58:01.078,1.5996,1.59969,1.00,1.00
2013.10.15 21:58:17.507,1.59956,1.59969,1.00,2.25
2013.10.15 21:58:18.647,1.59959,1.59969,1.00,2.25
2013.10.15 21:58:44.177,1.59963,1.59969,1.00,1.50
2013.10.15 21:58:44.358,1.59971,1.59984,1.00,1.50
2013.10.15 21:58:44.908,1.59973,1.59984,1.00,1.50
2013.10.15 21:58:48.680,1.59963,1.59984,1.20,1.50
2013.10.15 21:58:48.740,1.5996,1.59984,2.02,1.50
2013.10.15 21:58:49.098,1.59972,1.59984,1.00,1.50
2013.10.15 21:58:49.157,1.5996,1.59984,2.02,1.50
2013.10.15 21:58:49.217,1.59966,1.59984,1.35,1.50
2013.10.15 21:58:49.907,1.59972,1.59984,1.00,1.50
2013.10.15 21:58:49.967,1.59965,1.59984,1.13,1.50
2013.10.15 21:58:50.147,1.59975,1.59984,1.00,1.50
2013.10.15 21:58:52.678,1.59972,1.59984,1.00,1.50
2013.10.15 21:58:54.989,1.59969,1.59979,1.00,1.50
2013.10.15 21:59:12.967,1.59971,1.59979,0.75,0.75
2013.10.15 21:59:16.868,1.59969,1.59979,0.75,1.50
2013.10.15 21:59:30.918,1.5997,1.59979,0.75,0.75
2013.10.15 21:59:36.578,1.59973,1.59979,0.75,0.75
2013.10.15 21:59:38.418,1.59963,1.59975,0.53,0.75
2013.10.15 21:59:38.658,1.5997,1.59973,0.75,0.75
2013.10.15 21:59:40.108,1.5997,1.59979,0.75,0.75
2013.10.15 21:59:43.602,1.59961,1.59973,0.38,0.75
2013.10.15 21:59:44.298,1.5997,1.59979,0.75,0.75
2013.10.15 21:59:45.459,1.59968,1.59978,0.75,0.75
2013.10.15 21:59:48.639,1.59968,1.59973,0.75,0.75
2013.10.15 21:59:56.911,1.59969,1.59973,0.75,0.75
2013.10.15 21:59:58.480,1.59969,1.59979,0.75,1.50
