2012.01.03 15:00:00.400,1.55952,1.55974,1.50,1.21
2012.01.03 15:00:00.576,1.55951,1.55974,1.50,1.21
2012.01.03 15:00:01.002,1.55951,1.55971,1.50,1.66
2012.01.03 15:00:01.123,1.55942,1.55966,1.50,1.29
2012.01.03 15:00:01.199,1.55946,1.55966,1.50,1.29
2012.01.03 15:00:01.303,1.55949,1.55971,1.50,1.29
2012.01.03 15:00:01.382,1.55949,1.55973,1.50,1.73
2012.01.03 15:00:01.553,1.55949,1.5596,1.50,1.50
2012.01.03 15:00:01.635,1.55938,1.55953,1.50,1.29
2012.01.03 15:00:02.202,1.55933,1.55954,1.50,1.29
2012.01.03 15:00:02.289,1.5596,1.55967,3.00,1.50
2012.01.03 15:00:02.464,1.5596,1.55979,3.00,1.29
2012.01.03 15:00:02.575,1.5596,1.55974,3.00,1.29
2012.01.03 15:00:02.661,1.55947,1.55974,1.50,1.66
2012.01.03 15:00:02.740,1.55947,1.55974,1.50,1.66
2012.01.03 15:00:02.980,1.55939,1.55961,2.25,1.36
2012.01.03 15:00:03.070,1.55939,1.55961,1.50,1.36
2012.01.03 15:00:03.509,1.55937,1.55961,1.50,1.36
2012.01.03 15:00:03.759,1.55936,1.55954,1.05,1.50
2012.01.03 15:00:03.991,1.55933,1.55954,1.50,1.50
2012.01.03 15:00:04.345,1.55931,1.55956,1.50,1.50
2012.01.03 15:00:04.498,1.55931,1.55958,1.50,1.50
2012.01.03 15:00:04.943,1.55933,1.55957,1.50,1.50
2012.01.03 15:00:05.243,1.55955,1.5596,0.75,1.50
2012.01.03 15:00:05.389,1.55936,1.5596,1.13,1.50
2012.01.03 15:00:05.537,1.5594,1.5596,1.50,1.50
2012.01.03 15:00:05.760,1.5594,1.5596,1.50,2.70
2012.01.03 15:00:05.838,1.55944,1.5596,1.50,1.29
2012.01.03 15:00:05.931,1.5594,1.55963,1.50,1.50
2012.01.03 15:00:06.028,1.55958,1.55965,1.88,1.50
2012.01.03 15:00:06.115,1.55958,1.55968,1.88,1.29
2012.01.03 15:00:06.472,1.55958,1.55968,1.88,1.50
2012.01.03 15:00:06.557,1.55949,1.55959,1.50,1.30
2012.01.03 15:00:06.639,1.55949,1.55959,1.50,1.30
2012.01.03 15:00:06.719,1.55948,1.55962,2.63,1.30
2012.01.03 15:00:07.028,1.55951,1.55969,1.88,1.30
2012.01.03 15:00:07.258,1.55949,1.55962,1.50,1.30
2012.01.03 15:00:07.978,1.55949,1.55962,1.50,1.30
2012.01.03 15:00:08.514,1.55951,1.55969,2.63,2.05
2012.01.03 15:00:08.599,1.55951,1.55969,3.38,1.30
2012.01.03 15:00:09.346,1.55947,1.55952,1.73,1.30
2012.01.03 15:00:09.426,1.55944,1.55952,1.50,1.30
2012.01.03 15:00:09.505,1.55958,1.55962,1.88,2.25
2012.01.03 15:00:09.664,1.55958,1.55971,1.88,1.29
2012.01.03 15:00:09.746,1.55958,1.55972,1.88,1.30
2012.01.03 15:00:10.561,1.55958,1.55972,1.88,2.05
2012.01.03 15:00:11.393,1.55958,1.55972,1.88,2.05
2012.01.03 15:00:11.676,1.55953,1.55967,2.63,2.05
2012.01.03 15:00:12.872,1.55953,1.55967,2.63,1.30
2012.01.03 15:00:13.433,1.55953,1.55967,2.63,2.05
2012.01.03 15:00:14.514,1.55955,1.55967,1.50,1.30
2012.01.03 15:00:15.073,1.55954,1.55967,1.50,1.30
2012.01.03 15:00:15.431,1.55954,1.55967,1.50,1.30
2012.01.03 15:00:15.934,1.55954,1.55967,1.50,1.30
2012.01.03 15:00:17.189,1.55953,1.55967,2.63,1.30
2012.01.03 15:00:17.767,1.55953,1.55967,2.63,2.05
2012.01.03 15:00:18.185,1.55953,1.55967,1.88,2.05
2012.01.03 15:00:18.532,1.55951,1.5596,1.50,1.50
2012.01.03 15:00:18.665,1.55925,1.55937,2.25,1.50
2012.01.03 15:00:18.741,1.55926,1.55937,1.50,1.50
2012.01.03 15:00:18.889,1.55925,1.5594,2.50,1.50
2012.01.03 15:00:19.201,1.55925,1.55946,1.75,1.50
2012.01.03 15:00:19.437,1.55926,1.5594,1.50,1.29
2012.01.03 15:00:19.730,1.55925,1.55946,1.50,2.04
2012.01.03 15:00:20.229,1.55928,1.55948,2.63,1.13
2012.01.03 15:00:20.311,1.55928,1.55946,3.38,1.29
2012.01.03 15:00:20.455,1.55938,1.55949,1.88,1.46
2012.01.03 15:00:20.837,1.55947,1.55959,3.38,1.50
2012.01.03 15:00:21.267,1.55945,1.55957,2.25,1.30
2012.01.03 15:00:21.420,1.55948,1.5596,1.88,2.25
2012.01.03 15:00:21.499,1.55948,1.55962,1.88,4.10
2012.01.03 15:00:21.645,1.55949,1.55962,1.50,2.05
2012.01.03 15:00:22.004,1.55951,1.55962,2.25,1.30
2012.01.03 15:00:22.512,1.55949,1.5596,3.00,1.54
2012.01.03 15:00:22.810,1.55948,1.55962,1.88,3.55
2012.01.03 15:00:22.887,1.55948,1.55962,2.63,3.55
2012.01.03 15:00:23.177,1.55948,1.55956,1.88,1.50
2012.01.03 15:00:23.604,1.55948,1.55956,2.63,1.50
2012.01.03 15:00:23.818,1.55945,1.55956,2.25,1.50
2012.01.03 15:00:24.174,1.55948,1.55957,2.63,1.50
2012.01.03 15:00:24.526,1.55948,1.55955,1.88,1.50
2012.01.03 15:00:24.743,1.55948,1.55962,2.63,2.05
2012.01.03 15:00:24.817,1.55948,1.55962,2.63,2.05
2012.01.03 15:00:25.302,1.55948,1.55961,1.88,1.50
2012.01.03 15:00:25.443,1.55948,1.55962,1.88,2.05
2012.01.03 15:00:25.900,1.55948,1.55962,1.88,2.05
2012.01.03 15:00:26.177,1.55948,1.55961,1.88,1.50
2012.01.03 15:00:26.252,1.55948,1.55962,1.88,2.05
2012.01.03 15:00:26.525,1.55944,1.55962,2.25,2.05
2012.01.03 15:00:26.606,1.55948,1.55962,3.38,1.30
2012.01.03 15:00:26.688,1.55957,1.55966,1.50,1.30
2012.01.03 15:00:27.045,1.55968,1.55979,1.88,2.25
2012.01.03 15:00:27.839,1.55968,1.55981,2.63,2.25
2012.01.03 15:00:28.128,1.55968,1.55981,1.88,2.25
2012.01.03 15:00:28.695,1.55968,1.55982,1.88,2.60
2012.01.03 15:00:29.110,1.55964,1.55979,3.75,2.25
2012.01.03 15:00:29.514,1.55973,1.55979,1.88,1.50
2012.01.03 15:00:29.583,1.55973,1.55984,1.88,1.50
2012.01.03 15:00:29.926,1.55973,1.55984,1.88,1.50
2012.01.03 15:00:30.077,1.55969,1.5598,2.25,1.50
2012.01.03 15:00:30.434,1.55969,1.55979,1.13,1.50
2012.01.03 15:00:31.067,1.55971,1.5598,2.25,1.50
2012.01.03 15:00:31.435,1.55967,1.55974,4.13,1.50
2012.01.03 15:00:31.516,1.55973,1.55978,1.88,1.50
2012.01.03 15:00:32.015,1.55973,1.55979,1.88,1.50
2012.01.03 15:00:33.454,1.55978,1.55983,1.88,1.50
2012.01.03 15:00:34.018,1.55974,1.5598,1.50,1.50
2012.01.03 15:00:34.236,1.55974,1.55991,1.13,1.53
2012.01.03 15:00:34.389,1.55978,1.55991,1.88,1.53
2012.01.03 15:00:34.542,1.55983,1.55992,1.88,2.25
2012.01.03 15:00:34.931,1.55984,1.56,1.88,2.80
2012.01.03 15:00:35.029,1.55984,1.55996,1.88,1.50
2012.01.03 15:00:35.613,1.55984,1.55997,2.63,2.05
2012.01.03 15:00:36.311,1.55984,1.55997,1.50,2.05
2012.01.03 15:00:36.472,1.55996,1.56002,1.50,2.05
2012.01.03 15:00:36.543,1.55999,1.56003,1.50,3.42
2012.01.03 15:00:36.618,1.55999,1.56012,1.50,1.50
2012.01.03 15:00:36.768,1.56003,1.56013,2.63,1.50
2012.01.03 15:00:36.846,1.56011,1.56022,3.00,2.71
2012.01.03 15:00:36.927,1.56012,1.56026,1.50,2.25
2012.01.03 15:00:37.011,1.56019,1.56033,1.13,1.73
2012.01.03 15:00:37.093,1.56024,1.56033,1.13,1.73
2012.01.03 15:00:37.322,1.56028,1.56036,1.50,3.00
2012.01.03 15:00:37.402,1.56027,1.56036,1.50,1.50
2012.01.03 15:00:37.889,1.56027,1.5604,3.38,2.25
2012.01.03 15:00:38.254,1.56026,1.5604,1.13,1.50
2012.01.03 15:00:38.331,1.56027,1.56043,1.50,2.25
2012.01.03 15:00:38.408,1.56029,1.56043,2.25,3.75
2012.01.03 15:00:38.484,1.56029,1.56043,1.50,3.75
2012.01.03 15:00:38.695,1.56028,1.5604,1.50,1.50
2012.01.03 15:00:39.058,1.56029,1.56042,1.50,3.00
2012.01.03 15:00:39.473,1.56029,1.56046,1.50,5.25
2012.01.03 15:00:39.628,1.5603,1.56046,1.50,2.25
2012.01.03 15:00:39.709,1.56029,1.56047,2.25,4.85
2012.01.03 15:00:39.795,1.56032,1.56047,1.50,3.35
2012.01.03 15:00:39.867,1.56032,1.56047,2.25,2.60
2012.01.03 15:00:39.951,1.56032,1.56047,1.50,2.60
2012.01.03 15:00:40.388,1.56033,1.56047,1.50,2.60
2012.01.03 15:00:40.946,1.56034,1.56047,1.50,2.60
2012.01.03 15:00:41.103,1.56034,1.56047,2.25,1.31
2012.01.03 15:00:41.244,1.56034,1.56049,2.25,1.31
2012.01.03 15:00:41.408,1.56034,1.56048,1.50,2.25
2012.01.03 15:00:41.770,1.5603,1.56043,1.50,2.25
2012.01.03 15:00:41.986,1.56032,1.56043,1.50,2.25
2012.01.03 15:00:42.566,1.56031,1.56043,1.50,2.25
2012.01.03 15:00:42.875,1.56027,1.56033,1.50,2.25
2012.01.03 15:00:43.020,1.5602,1.56033,1.50,3.75
2012.01.03 15:00:43.164,1.56028,1.56033,1.88,2.25
2012.01.03 15:00:43.374,1.56028,1.56039,1.88,1.50
2012.01.03 15:00:43.524,1.56023,1.56039,2.25,2.05
2012.01.03 15:00:43.594,1.56023,1.56039,1.50,2.05
2012.01.03 15:00:43.664,1.56026,1.56039,1.50,2.05
2012.01.03 15:00:44.166,1.56038,1.56044,1.88,1.09
2012.01.03 15:00:44.276,1.56028,1.56042,3.38,1.30
2012.01.03 15:00:44.657,1.56031,1.56042,1.50,1.30
2012.01.03 15:00:44.741,1.5603,1.56042,1.50,1.30
2012.01.03 15:00:45.165,1.56033,1.56045,1.88,2.25
2012.01.03 15:00:45.314,1.56033,1.56047,1.88,4.85
2012.01.03 15:00:45.676,1.56033,1.56044,1.88,1.50
2012.01.03 15:00:46.182,1.56033,1.56046,2.63,1.50
2012.01.03 15:00:46.607,1.56031,1.56043,3.38,2.25
2012.01.03 15:00:46.900,1.56029,1.56041,1.50,1.58
2012.01.03 15:00:47.435,1.56026,1.56037,3.38,1.30
2012.01.03 15:00:47.795,1.56026,1.56037,1.50,1.30
2012.01.03 15:00:48.352,1.56026,1.56037,1.50,1.30
2012.01.03 15:00:48.632,1.56028,1.56039,1.88,2.25
2012.01.03 15:00:48.777,1.56028,1.56039,2.63,1.50
2012.01.03 15:00:49.248,1.56028,1.56042,2.63,2.80
2012.01.03 15:00:49.474,1.56027,1.56038,3.00,1.30
2012.01.03 15:00:49.688,1.56027,1.56038,3.00,1.30
2012.01.03 15:00:49.976,1.56029,1.5604,1.88,2.25
2012.01.03 15:00:50.124,1.56029,1.56042,1.88,2.25
2012.01.03 15:00:50.482,1.56034,1.56044,1.88,3.00
2012.01.03 15:00:50.996,1.56034,1.56048,1.88,4.30
2012.01.03 15:00:51.899,1.56034,1.56047,1.88,1.50
2012.01.03 15:00:53.048,1.56034,1.56047,1.88,3.75
2012.01.03 15:00:53.340,1.56033,1.56047,3.75,1.30
2012.01.03 15:00:53.629,1.56038,1.56049,1.88,1.31
2012.01.03 15:00:54.433,1.56038,1.56052,1.88,2.05
2012.01.03 15:00:55.070,1.56038,1.56052,1.88,3.55
2012.01.03 15:00:55.214,1.56038,1.56052,2.63,3.55
2012.01.03 15:00:55.496,1.56038,1.56052,2.63,3.55
2012.01.03 15:00:56.015,1.56038,1.56052,1.88,3.55
2012.01.03 15:00:56.107,1.56038,1.5605,1.88,2.25
2012.01.03 15:00:56.393,1.56033,1.56047,2.71,2.05
2012.01.03 15:00:56.671,1.56033,1.56047,2.71,1.30
2012.01.03 15:00:57.027,1.56033,1.56047,2.71,2.80
2012.01.03 15:00:57.537,1.56033,1.56047,2.71,2.80
2012.01.03 15:00:58.565,1.56033,1.56047,2.71,2.80
2012.01.03 15:00:59.915,1.56033,1.56047,2.71,2.80
2012.01.03 15:01:00.472,1.56033,1.56047,2.71,2.80
2012.01.03 15:01:01.001,1.56033,1.56047,2.71,2.80
2012.01.03 15:01:03.530,1.56033,1.56047,2.71,2.80
2012.01.03 15:01:04.381,1.56035,1.56047,1.50,2.05
2012.01.03 15:01:04.524,1.56035,1.56047,1.50,2.05
2012.01.03 15:01:05.073,1.56036,1.56047,1.50,1.30
2012.01.03 15:01:05.412,1.56039,1.56047,1.50,1.30
2012.01.03 15:01:06.960,1.56035,1.56047,2.25,1.30
2012.01.03 15:01:07.041,1.56035,1.56047,1.50,1.30
2012.01.03 15:01:07.512,1.56034,1.56047,1.50,1.30
2012.01.03 15:01:08.185,1.56046,1.56054,1.50,2.04
2012.01.03 15:01:08.652,1.56054,1.56065,1.50,2.25
2012.01.03 15:01:08.739,1.56053,1.56062,1.50,1.30
2012.01.03 15:01:09.276,1.56052,1.56062,1.50,1.30
2012.01.03 15:01:09.423,1.56054,1.56065,1.50,1.50
2012.01.03 15:01:09.498,1.56054,1.56067,2.25,2.80
2012.01.03 15:01:10.069,1.56054,1.56067,2.25,1.30
2012.01.03 15:01:10.792,1.56054,1.56067,1.50,1.30
2012.01.03 15:01:11.344,1.56053,1.56067,3.38,1.30
2012.01.03 15:01:12.537,1.56053,1.56067,3.38,1.30
2012.01.03 15:01:12.823,1.56053,1.56065,3.38,2.25
2012.01.03 15:01:13.354,1.56053,1.56062,2.63,2.25
2012.01.03 15:01:13.984,1.56053,1.56064,1.88,2.25
2012.01.03 15:01:14.469,1.56052,1.56062,1.50,1.30
2012.01.03 15:01:14.689,1.56053,1.56065,2.63,3.00
2012.01.03 15:01:14.839,1.56053,1.56064,2.63,3.00
2012.01.03 15:01:15.197,1.56058,1.56066,1.88,1.50
2012.01.03 15:01:15.281,1.56053,1.56067,2.63,1.30
2012.01.03 15:01:17.069,1.56053,1.56067,2.63,1.30
2012.01.03 15:01:17.744,1.56053,1.56067,2.63,1.30
2012.01.03 15:01:18.222,1.56051,1.56062,1.59,1.30
2012.01.03 15:01:18.493,1.5605,1.56062,1.50,1.30
2012.01.03 15:01:20.923,1.56051,1.56066,2.63,2.25
2012.01.03 15:01:21.134,1.56049,1.56062,3.75,1.30
2012.01.03 15:01:21.787,1.56051,1.56062,2.25,1.30
2012.01.03 15:01:22.284,1.56051,1.56067,2.63,2.25
2012.01.03 15:01:23.059,1.56051,1.56068,2.63,2.25
2012.01.03 15:01:25.211,1.56051,1.56065,2.63,1.50
2012.01.03 15:01:25.782,1.56051,1.56063,2.63,1.65
2012.01.03 15:01:26.009,1.56051,1.56061,1.88,1.50
2012.01.03 15:01:26.087,1.56053,1.56061,1.88,1.95
2012.01.03 15:01:26.243,1.56046,1.56051,3.00,1.50
2012.01.03 15:01:26.390,1.56031,1.56043,1.88,3.00
2012.01.03 15:01:26.468,1.56038,1.56043,1.88,2.25
2012.01.03 15:01:26.549,1.56038,1.56043,1.88,2.25
2012.01.03 15:01:26.627,1.56038,1.56049,1.88,3.75
2012.01.03 15:01:26.704,1.56033,1.56047,2.63,1.30
2012.01.03 15:01:26.917,1.56041,1.56047,1.88,1.50
2012.01.03 15:01:27.065,1.56041,1.56051,1.88,1.50
2012.01.03 15:01:27.216,1.56036,1.56047,1.50,1.30
2012.01.03 15:01:28.694,1.56039,1.5605,1.50,2.25
2012.01.03 15:01:28.977,1.56039,1.56047,3.00,1.30
2012.01.03 15:01:29.336,1.56043,1.56052,1.50,1.13
2012.01.03 15:01:29.412,1.56043,1.56052,2.25,1.30
2012.01.03 15:01:29.912,1.56048,1.56053,1.88,2.25
2012.01.03 15:01:29.983,1.56048,1.56057,1.88,3.00
2012.01.03 15:01:30.543,1.56048,1.56061,1.88,2.25
2012.01.03 15:01:31.101,1.56048,1.56057,1.88,2.25
2012.01.03 15:01:31.861,1.56048,1.56057,1.88,2.25
2012.01.03 15:01:32.147,1.56044,1.56059,1.50,2.25
2012.01.03 15:01:32.222,1.56043,1.56052,1.50,2.05
2012.01.03 15:01:32.365,1.5604,1.56052,3.75,2.05
2012.01.03 15:01:32.448,1.56048,1.56055,1.88,3.00
2012.01.03 15:01:32.594,1.56048,1.56057,1.88,3.00
2012.01.03 15:01:32.944,1.56048,1.5606,1.88,3.00
2012.01.03 15:01:33.840,1.56048,1.5606,2.63,1.50
2012.01.03 15:01:33.922,1.5605,1.56062,1.50,1.30
2012.01.03 15:01:34.066,1.56049,1.56062,1.50,2.05
2012.01.03 15:01:34.144,1.56048,1.56061,1.88,2.25
2012.01.03 15:01:34.424,1.56044,1.56057,2.25,1.30
2012.01.03 15:01:34.637,1.56044,1.56057,1.50,3.55
2012.01.03 15:01:34.860,1.56048,1.56059,1.88,2.25
2012.01.03 15:01:35.593,1.56048,1.56059,1.88,2.25
2012.01.03 15:01:36.584,1.56048,1.56062,1.88,2.05
2012.01.03 15:01:36.945,1.56043,1.56057,4.88,2.05
2012.01.03 15:01:37.980,1.56043,1.56055,2.63,2.25
2012.01.03 15:01:38.196,1.56043,1.56057,2.63,2.05
2012.01.03 15:01:39.076,1.56044,1.56057,2.63,2.05
2012.01.03 15:01:39.335,1.56055,1.56065,3.75,3.00
2012.01.03 15:01:39.659,1.56058,1.56073,3.76,1.50
2012.01.03 15:01:39.747,1.5606,1.56067,1.88,1.50
2012.01.03 15:01:40.157,1.56059,1.56073,2.63,2.25
2012.01.03 15:01:40.248,1.56061,1.56074,3.00,1.50
2012.01.03 15:01:41.275,1.56061,1.56077,3.00,3.55
2012.01.03 15:01:41.561,1.56061,1.56077,4.13,1.30
2012.01.03 15:01:42.052,1.56063,1.56077,6.94,1.30
2012.01.03 15:01:42.683,1.56063,1.56077,4.50,1.30
2012.01.03 15:01:42.752,1.56067,1.56077,1.50,1.30
2012.01.03 15:01:43.455,1.56065,1.56077,1.50,1.30
2012.01.03 15:01:43.824,1.56068,1.5608,3.00,2.25
2012.01.03 15:01:44.386,1.56068,1.56087,3.75,2.05
2012.01.03 15:01:44.877,1.56068,1.56082,3.00,2.05
2012.01.03 15:01:45.615,1.56068,1.56082,3.00,2.05
2012.01.03 15:01:45.753,1.56068,1.56082,3.75,2.05
2012.01.03 15:01:46.902,1.56068,1.56082,4.50,2.05
2012.01.03 15:01:46.980,1.56069,1.56082,1.50,2.05
2012.01.03 15:01:48.185,1.56071,1.56082,2.25,2.05
2012.01.03 15:01:48.265,1.56073,1.56084,2.25,2.25
2012.01.03 15:01:48.950,1.56073,1.56087,2.25,2.24
2012.01.03 15:01:49.648,1.56075,1.56087,1.50,2.05
2012.01.03 15:01:49.729,1.56075,1.56087,1.50,1.30
2012.01.03 15:01:50.251,1.56074,1.56087,1.50,1.30
2012.01.03 15:01:50.535,1.56076,1.56087,1.50,1.30
2012.01.03 15:01:51.498,1.56075,1.56087,2.25,1.30
2012.01.03 15:01:52.712,1.56075,1.56082,1.50,1.30
2012.01.03 15:01:52.785,1.56073,1.56082,2.63,1.60
2012.01.03 15:01:52.937,1.56071,1.56082,3.23,1.60
2012.01.03 15:01:53.011,1.56073,1.56083,1.88,1.35
2012.01.03 15:01:53.364,1.56071,1.56082,3.23,1.60
2012.01.03 15:01:53.434,1.56072,1.56081,1.50,1.05
2012.01.03 15:01:53.575,1.56068,1.56081,1.88,1.05
2012.01.03 15:01:54.237,1.56068,1.56079,1.88,1.50
2012.01.03 15:01:54.321,1.56062,1.56078,1.50,1.29
2012.01.03 15:01:55.451,1.56061,1.56067,2.25,1.30
2012.01.03 15:01:55.664,1.56058,1.56067,2.25,1.30
2012.01.03 15:01:55.734,1.56058,1.56067,2.25,1.30
2012.01.03 15:01:55.942,1.56058,1.5607,3.38,2.25
2012.01.03 15:01:56.563,1.56058,1.56072,4.13,2.05
2012.01.03 15:01:58.113,1.56058,1.56072,3.38,2.80
2012.01.03 15:01:58.255,1.56057,1.56065,4.50,1.30
2012.01.03 15:01:58.335,1.56053,1.56063,2.63,2.25
2012.01.03 15:01:58.485,1.56053,1.56065,3.00,2.05
2012.01.03 15:01:58.701,1.56053,1.56065,3.00,1.30
2012.01.03 15:01:59.423,1.56056,1.56065,1.50,1.30
2012.01.03 15:01:59.505,1.56058,1.56068,1.88,1.50
2012.01.03 15:01:59.720,1.56058,1.5607,2.63,1.50
2012.01.03 15:01:59.801,1.56059,1.56072,2.25,2.80
2012.01.03 15:01:59.880,1.56059,1.56072,2.25,2.80
2012.01.03 15:02:00.096,1.56058,1.56072,2.63,2.80
2012.01.03 15:02:00.251,1.56063,1.56072,1.88,1.50
2012.01.03 15:02:00.468,1.56061,1.56072,2.25,2.05
2012.01.03 15:02:00.547,1.56059,1.56072,2.25,2.05
2012.01.03 15:02:01.068,1.56058,1.56072,2.63,2.59
2012.01.03 15:02:01.640,1.56058,1.56072,4.13,2.59
2012.01.03 15:02:01.714,1.56063,1.56072,1.88,1.29
2012.01.03 15:02:02.066,1.56063,1.56076,1.88,1.50
2012.01.03 15:02:02.826,1.56063,1.56077,1.88,2.05
2012.01.03 15:02:03.327,1.56064,1.56077,1.50,2.05
2012.01.03 15:02:03.877,1.56063,1.56077,1.88,2.05
2012.01.03 15:02:04.371,1.56063,1.56077,1.88,2.05
2012.01.03 15:02:04.514,1.56061,1.56072,2.25,2.05
2012.01.03 15:02:04.723,1.56063,1.56073,1.88,4.50
2012.01.03 15:02:04.797,1.56063,1.56073,1.88,3.00
2012.01.03 15:02:04.944,1.5606,1.56072,3.75,1.30
2012.01.03 15:02:05.258,1.5606,1.56072,3.00,2.05
2012.01.03 15:02:05.542,1.56059,1.56072,1.50,2.05
2012.01.03 15:02:06.235,1.56058,1.56072,3.38,2.05
2012.01.03 15:02:06.990,1.56058,1.56072,2.63,2.05
2012.01.03 15:02:07.617,1.56058,1.56072,4.13,2.05
2012.01.03 15:02:08.184,1.56059,1.56072,1.50,2.05
2012.01.03 15:02:10.151,1.56058,1.56072,3.38,2.05
2012.01.03 15:02:10.494,1.56058,1.56072,3.38,2.05
2012.01.03 15:02:10.913,1.56058,1.56069,2.63,1.50
2012.01.03 15:02:12.580,1.56058,1.56068,1.88,1.50
2012.01.03 15:02:12.925,1.56055,1.56067,1.88,2.05
2012.01.03 15:02:13.078,1.56055,1.56064,1.88,1.50
2012.01.03 15:02:13.152,1.56053,1.56064,1.88,2.25
2012.01.03 15:02:13.691,1.56053,1.56066,1.88,3.54
2012.01.03 15:02:14.548,1.56053,1.56066,1.88,2.04
2012.01.03 15:02:15.116,1.56053,1.56066,1.88,2.04
2012.01.03 15:02:16.476,1.56053,1.56066,2.63,4.29
2012.01.03 15:02:16.755,1.56053,1.56064,1.88,1.29
2012.01.03 15:02:17.312,1.56053,1.56064,1.88,2.04
2012.01.03 15:02:17.848,1.56049,1.56062,1.50,2.05
2012.01.03 15:02:17.940,1.56048,1.5606,2.63,2.04
2012.01.03 15:02:18.306,1.56053,1.56061,1.88,1.50
2012.01.03 15:02:18.460,1.5605,1.56062,3.00,2.80
2012.01.03 15:02:18.746,1.56056,1.56062,2.63,2.25
2012.01.03 15:02:18.896,1.56057,1.56064,2.25,1.50
2012.01.03 15:02:19.041,1.56053,1.56064,1.88,1.50
2012.01.03 15:02:19.586,1.56053,1.56067,1.88,6.55
2012.01.03 15:02:19.743,1.56053,1.56067,1.88,7.30
2012.01.03 15:02:20.304,1.56053,1.56067,1.88,3.55
2012.01.03 15:02:21.097,1.5605,1.56062,2.25,2.05
2012.01.03 15:02:21.181,1.56048,1.56062,3.38,2.05
2012.01.03 15:02:23.525,1.56049,1.56062,1.13,2.05
2012.01.03 15:02:23.672,1.56051,1.56062,1.50,2.05
2012.01.03 15:02:23.750,1.56054,1.56062,1.50,1.30
2012.01.03 15:02:23.827,1.56058,1.56065,1.88,1.50
2012.01.03 15:02:23.976,1.56057,1.56067,2.25,1.30
2012.01.03 15:02:24.583,1.56057,1.56067,2.25,2.05
2012.01.03 15:02:24.661,1.56053,1.56067,3.00,2.05
2012.01.03 15:02:25.361,1.56053,1.56067,1.88,2.05
2012.01.03 15:02:25.624,1.56053,1.56067,2.63,2.05
2012.01.03 15:02:26.161,1.56053,1.56067,2.63,2.05
2012.01.03 15:02:27.431,1.56053,1.56066,1.88,2.25
2012.01.03 15:02:28.286,1.56053,1.56066,2.63,1.50
2012.01.03 15:02:28.507,1.56058,1.56069,1.88,3.00
2012.01.03 15:02:28.658,1.56058,1.56066,1.88,1.50
2012.01.03 15:02:29.058,1.56054,1.56067,3.75,2.05
2012.01.03 15:02:29.140,1.56054,1.56067,3.75,1.30
2012.01.03 15:02:29.354,1.56054,1.56067,2.25,2.05
2012.01.03 15:02:29.965,1.56054,1.56067,1.50,2.05
2012.01.03 15:02:30.536,1.56053,1.56066,1.88,2.25
2012.01.03 15:02:31.290,1.56053,1.56067,2.63,2.05
2012.01.03 15:02:31.643,1.56053,1.56067,1.88,3.55
2012.01.03 15:02:32.205,1.56053,1.56065,1.88,2.25
2012.01.03 15:02:32.540,1.56058,1.56067,1.88,2.25
2012.01.03 15:02:32.614,1.56058,1.56067,1.88,2.25
2012.01.03 15:02:32.682,1.56058,1.56071,2.63,1.50
2012.01.03 15:02:32.822,1.56067,1.56072,1.88,2.04
2012.01.03 15:02:32.966,1.56062,1.56067,3.00,1.30
2012.01.03 15:02:33.044,1.5606,1.56067,4.61,1.30
2012.01.03 15:02:33.183,1.56056,1.56067,2.25,1.30
2012.01.03 15:02:33.494,1.56055,1.56067,1.13,1.30
2012.01.03 15:02:34.014,1.56054,1.56067,1.50,1.30
2012.01.03 15:02:34.362,1.56053,1.56067,2.63,2.05
2012.01.03 15:02:36.335,1.56053,1.56067,2.63,2.05
2012.01.03 15:02:37.471,1.56053,1.56066,2.63,1.50
2012.01.03 15:02:38.030,1.56053,1.56067,2.63,2.05
2012.01.03 15:02:38.308,1.56053,1.56067,2.63,2.05
2012.01.03 15:02:38.666,1.56058,1.56068,1.88,1.50
2012.01.03 15:02:38.883,1.5605,1.56062,1.50,1.30
2012.01.03 15:02:39.026,1.56053,1.56063,1.88,2.25
2012.01.03 15:02:39.241,1.56053,1.56066,2.63,2.25
2012.01.03 15:02:40.366,1.56053,1.56067,2.63,2.05
2012.01.03 15:02:41.682,1.56058,1.56069,1.88,4.50
2012.01.03 15:02:41.752,1.56058,1.56069,2.63,3.00
2012.01.03 15:02:43.598,1.56058,1.56069,1.88,2.41
2012.01.03 15:02:43.820,1.56053,1.56067,4.47,2.59
2012.01.03 15:02:43.896,1.56053,1.56067,2.63,2.59
2012.01.03 15:02:44.047,1.56054,1.56067,2.63,2.59
2012.01.03 15:02:44.918,1.56058,1.56069,2.63,4.50
2012.01.03 15:02:45.013,1.56062,1.56072,1.50,2.05
2012.01.03 15:02:45.095,1.5606,1.56072,2.25,2.05
2012.01.03 15:02:45.240,1.56058,1.56067,3.00,1.30
2012.01.03 15:02:45.383,1.56058,1.56069,2.63,2.25
2012.01.03 15:02:45.944,1.56058,1.56072,3.38,2.05
2012.01.03 15:02:46.556,1.56063,1.56072,1.88,1.50
2012.01.03 15:02:46.855,1.56068,1.56077,2.22,1.50
2012.01.03 15:02:47.141,1.56068,1.56078,1.88,1.50
2012.01.03 15:02:47.909,1.56068,1.56079,1.88,2.25
2012.01.03 15:02:48.488,1.56068,1.56079,1.88,2.25
2012.01.03 15:02:49.184,1.56068,1.56081,2.63,2.04
2012.01.03 15:02:49.396,1.56073,1.56081,1.88,2.41
2012.01.03 15:02:49.943,1.56073,1.56084,1.88,1.29
2012.01.03 15:02:50.527,1.56073,1.56085,1.88,1.88
2012.01.03 15:02:50.813,1.56073,1.56086,1.88,2.25
2012.01.03 15:02:51.097,1.56073,1.56086,2.63,2.25
2012.01.03 15:02:51.594,1.56073,1.56087,2.63,2.05
2012.01.03 15:02:52.135,1.56074,1.56087,1.50,1.30
2012.01.03 15:02:52.854,1.56079,1.56087,1.50,1.30
2012.01.03 15:02:53.073,1.56079,1.56091,1.50,2.25
2012.01.03 15:02:53.481,1.56087,1.56098,2.59,2.25
2012.01.03 15:02:53.566,1.56096,1.561,2.25,3.38
2012.01.03 15:02:53.650,1.56094,1.56102,3.00,3.16
2012.01.03 15:02:53.798,1.56097,1.5611,3.34,2.25
2012.01.03 15:02:53.878,1.56097,1.56109,3.34,1.50
2012.01.03 15:02:53.956,1.56097,1.5611,3.34,3.55
2012.01.03 15:02:54.461,1.56098,1.5611,1.50,2.80
2012.01.03 15:02:54.614,1.56098,1.56112,3.38,2.80
2012.01.03 15:02:54.977,1.56097,1.56102,3.00,1.30
2012.01.03 15:02:55.126,1.56091,1.56102,1.50,2.05
2012.01.03 15:02:55.212,1.5609,1.56102,2.25,1.30
2012.01.03 15:02:55.288,1.5609,1.56102,2.25,2.05
2012.01.03 15:02:55.493,1.5609,1.56099,1.50,1.50
2012.01.03 15:02:55.774,1.56088,1.56099,1.88,3.00
2012.01.03 15:02:56.331,1.56088,1.56099,1.88,1.50
2012.01.03 15:02:57.630,1.56088,1.56101,2.63,2.25
2012.01.03 15:02:58.202,1.56088,1.56101,2.63,1.50
2012.01.03 15:02:58.484,1.56089,1.56102,2.25,2.80
2012.01.03 15:02:58.855,1.56091,1.56102,1.50,1.30
2012.01.03 15:02:59.288,1.56093,1.56106,3.38,2.25
2012.01.03 15:02:59.855,1.56093,1.56106,1.88,3.00
2012.01.03 15:03:00.467,1.56093,1.56106,2.63,4.50
2012.01.03 15:03:01.034,1.56093,1.56105,2.63,1.50
2012.01.03 15:03:02.407,1.56094,1.56106,1.50,3.00
2012.01.03 15:03:03.818,1.56094,1.56106,2.25,1.50
2012.01.03 15:03:04.323,1.56096,1.56106,1.88,1.50
2012.01.03 15:03:04.749,1.56098,1.56106,2.63,1.50
2012.01.03 15:03:05.246,1.56097,1.56106,2.25,1.50
2012.01.03 15:03:05.544,1.56098,1.56106,2.63,1.50
2012.01.03 15:03:05.896,1.56099,1.56109,2.25,1.50
2012.01.03 15:03:06.184,1.56098,1.56106,2.63,1.50
2012.01.03 15:03:06.882,1.56098,1.56109,2.63,1.50
2012.01.03 15:03:07.383,1.56095,1.56107,2.25,1.30
2012.01.03 15:03:07.805,1.56095,1.56107,1.50,1.30
2012.01.03 15:03:08.015,1.56093,1.56107,4.88,2.05
2012.01.03 15:03:08.580,1.56093,1.56105,2.63,1.50
2012.01.03 15:03:09.129,1.56093,1.56107,4.13,2.80
2012.01.03 15:03:09.488,1.5609,1.56103,1.50,2.25
2012.01.03 15:03:09.712,1.56093,1.56107,2.63,2.80
2012.01.03 15:03:10.200,1.56093,1.56107,1.50,5.43
2012.01.03 15:03:10.282,1.56088,1.56103,3.38,2.25
2012.01.03 15:03:10.637,1.56088,1.56101,2.63,1.50
2012.01.03 15:03:10.718,1.56088,1.56102,1.88,2.05
2012.01.03 15:03:10.803,1.56085,1.56097,1.50,2.96
2012.01.03 15:03:11.088,1.56082,1.56096,1.50,1.29
2012.01.03 15:03:11.743,1.56082,1.56092,1.50,1.30
2012.01.03 15:03:11.858,1.56083,1.56097,1.88,2.80
2012.01.03 15:03:12.699,1.56083,1.56097,2.63,2.80
2012.01.03 15:03:13.433,1.56083,1.56097,2.63,2.05
2012.01.03 15:03:13.981,1.56083,1.56097,2.63,2.05
2012.01.03 15:03:14.467,1.56085,1.56097,3.00,3.18
2012.01.03 15:03:14.826,1.56081,1.56097,2.25,3.18
2012.01.03 15:03:14.977,1.56088,1.56099,1.88,4.13
2012.01.03 15:03:15.311,1.56086,1.56099,1.50,2.25
2012.01.03 15:03:15.395,1.56083,1.56097,2.10,2.05
2012.01.03 15:03:15.894,1.56083,1.56097,1.88,2.59
2012.01.03 15:03:17.535,1.56083,1.56097,2.97,2.05
2012.01.03 15:03:21.004,1.56083,1.56096,2.97,2.25
2012.01.03 15:03:21.536,1.56083,1.56096,2.97,2.25
2012.01.03 15:03:21.683,1.56081,1.56092,2.59,1.30
2012.01.03 15:03:22.039,1.56087,1.56094,2.25,1.50
2012.01.03 15:03:22.112,1.56087,1.56097,2.25,2.25
2012.01.03 15:03:22.591,1.56087,1.56092,2.25,1.30
2012.01.03 15:03:22.670,1.56083,1.56093,1.88,3.54
2012.01.03 15:03:24.127,1.56083,1.56094,1.88,2.25
2012.01.03 15:03:24.910,1.56083,1.56092,1.88,2.04
2012.01.03 15:03:25.467,1.56083,1.56094,1.88,2.25
2012.01.03 15:03:25.975,1.56083,1.56094,1.88,2.25
2012.01.03 15:03:26.335,1.56083,1.56092,1.88,2.25
2012.01.03 15:03:32.278,1.56084,1.56093,2.25,2.25
2012.01.03 15:03:32.367,1.56084,1.56093,2.25,1.50
2012.01.03 15:03:33.152,1.56083,1.56097,2.63,2.43
2012.01.03 15:03:33.644,1.56083,1.56096,2.63,1.29
2012.01.03 15:03:34.261,1.56083,1.56096,2.63,3.54
2012.01.03 15:03:34.804,1.56083,1.56095,2.63,1.50
2012.01.03 15:03:35.338,1.56083,1.56096,2.63,2.25
2012.01.03 15:03:35.964,1.56083,1.56094,2.63,2.04
2012.01.03 15:03:36.523,1.56083,1.56093,1.88,1.29
2012.01.03 15:03:39.043,1.56083,1.56094,1.88,3.91
2012.01.03 15:03:39.393,1.56083,1.56091,1.88,1.29
2012.01.03 15:03:39.535,1.5608,1.56091,3.00,1.29
2012.01.03 15:03:39.675,1.56078,1.56092,2.78,4.09
2012.01.03 15:03:39.815,1.56078,1.56092,2.78,1.84
2012.01.03 15:03:40.096,1.56078,1.56092,2.63,3.34
2012.01.03 15:03:41.664,1.56078,1.5609,2.63,1.50
2012.01.03 15:03:41.943,1.56078,1.56092,2.63,4.09
2012.01.03 15:03:42.892,1.56078,1.56091,2.63,2.04
2012.01.03 15:03:43.448,1.56078,1.5609,2.63,2.04
2012.01.03 15:03:44.061,1.56078,1.56086,2.63,1.50
2012.01.03 15:03:44.416,1.56068,1.56079,1.88,2.25
2012.01.03 15:03:44.500,1.56064,1.56077,4.13,1.30
2012.01.03 15:03:44.575,1.56064,1.56077,2.25,2.05
2012.01.03 15:03:45.120,1.56063,1.56077,2.63,2.05
2012.01.03 15:03:45.464,1.56063,1.56077,2.63,1.30
2012.01.03 15:03:46.280,1.56063,1.56077,4.50,1.30
2012.01.03 15:03:46.636,1.56068,1.56082,3.38,1.30
2012.01.03 15:03:46.786,1.56073,1.56085,2.63,1.36
2012.01.03 15:03:46.865,1.56073,1.56087,2.63,2.05
2012.01.03 15:03:47.239,1.56078,1.56088,1.88,1.29
2012.01.03 15:03:47.803,1.56078,1.56089,1.88,2.25
2012.01.03 15:03:48.440,1.56078,1.56092,3.38,3.35
2012.01.03 15:03:48.909,1.56083,1.56097,2.63,3.71
2012.01.03 15:03:48.999,1.56083,1.56097,2.63,4.68
2012.01.03 15:03:49.221,1.5608,1.56092,3.75,1.30
2012.01.03 15:03:49.295,1.56082,1.56092,1.50,1.30
2012.01.03 15:03:49.787,1.5608,1.56092,1.50,2.05
2012.01.03 15:03:49.934,1.5608,1.5609,1.50,1.50
2012.01.03 15:03:50.453,1.56078,1.56089,1.88,1.29
2012.01.03 15:03:50.955,1.56078,1.5609,1.88,1.29
2012.01.03 15:03:51.855,1.56078,1.56087,1.88,1.13
2012.01.03 15:03:52.480,1.56078,1.56088,1.88,2.79
2012.01.03 15:03:57.426,1.56074,1.56087,1.13,2.43
2012.01.03 15:03:57.574,1.56073,1.56085,1.88,1.13
2012.01.03 15:03:57.648,1.56072,1.56082,1.50,1.84
2012.01.03 15:03:58.215,1.56072,1.56082,1.09,1.30
2012.01.03 15:03:58.521,1.56078,1.56088,1.88,2.25
2012.01.03 15:03:59.075,1.56078,1.56092,1.88,4.09
2012.01.03 15:03:59.565,1.56078,1.56092,1.88,4.09
2012.01.03 15:04:01.680,1.56078,1.56088,1.88,1.29
2012.01.03 15:04:02.767,1.56078,1.5609,1.88,1.29
2012.01.03 15:04:03.479,1.56078,1.56088,1.88,1.29
2012.01.03 15:04:04.372,1.56078,1.56086,1.88,2.04
2012.01.03 15:04:04.922,1.56078,1.56088,1.88,1.29
2012.01.03 15:04:05.623,1.56078,1.56086,1.88,2.04
2012.01.03 15:04:06.462,1.56078,1.56086,1.88,2.04
2012.01.03 15:04:07.625,1.56078,1.5609,1.88,1.29
2012.01.03 15:04:08.697,1.56078,1.5609,1.88,2.79
2012.01.03 15:04:10.999,1.56078,1.56087,1.88,2.25
2012.01.03 15:04:12.247,1.56078,1.56085,1.88,2.25
2012.01.03 15:04:12.663,1.56078,1.56085,1.88,2.25
2012.01.03 15:04:13.251,1.56078,1.56085,1.88,2.25
2012.01.03 15:04:13.926,1.56078,1.56087,1.88,2.25
2012.01.03 15:04:15.551,1.56078,1.56087,1.88,2.25
2012.01.03 15:04:16.110,1.56085,1.56093,1.13,1.45
2012.01.03 15:04:16.616,1.56088,1.56097,3.38,2.25
2012.01.03 15:04:16.913,1.56088,1.56102,3.38,2.05
2012.01.03 15:04:17.123,1.56089,1.56102,1.50,2.05
2012.01.03 15:04:17.470,1.56093,1.56107,1.88,4.30
2012.01.03 15:04:18.050,1.56093,1.56107,1.88,3.55
2012.01.03 15:04:18.403,1.56098,1.56109,1.88,2.25
2012.01.03 15:04:19.938,1.561,1.56111,1.84,2.25
2012.01.03 15:04:20.157,1.56102,1.56112,1.09,1.30
2012.01.03 15:04:20.972,1.56102,1.56112,1.09,1.30
2012.01.03 15:04:21.509,1.561,1.56112,1.50,1.30
2012.01.03 15:04:21.791,1.56098,1.56112,4.88,2.05
2012.01.03 15:04:22.975,1.56103,1.56114,1.88,2.25
2012.01.03 15:04:23.117,1.56103,1.56114,2.63,1.50
2012.01.03 15:04:23.542,1.56104,1.56121,1.50,2.05
2012.01.03 15:04:24.176,1.56104,1.56117,1.50,2.05
2012.01.03 15:04:24.748,1.56103,1.56117,2.63,2.05
2012.01.03 15:04:25.249,1.56102,1.56112,2.25,1.30
2012.01.03 15:04:25.478,1.56107,1.56112,1.50,1.50
2012.01.03 15:04:25.772,1.56111,1.56117,1.50,1.30
2012.01.03 15:04:25.988,1.56103,1.56117,1.88,2.05
2012.01.03 15:04:26.140,1.56103,1.56117,2.63,3.71
2012.01.03 15:04:26.285,1.561,1.56112,1.50,1.30
2012.01.03 15:04:26.981,1.56103,1.56116,2.63,2.25
2012.01.03 15:04:27.545,1.56103,1.56117,2.63,2.05
2012.01.03 15:04:28.421,1.5611,1.5612,1.88,3.00
2012.01.03 15:04:28.565,1.56113,1.5612,1.88,1.50
2012.01.03 15:04:28.969,1.56111,1.56119,2.25,2.25
2012.01.03 15:04:29.118,1.56111,1.56119,1.50,2.25
2012.01.03 15:04:29.197,1.56109,1.56119,1.50,3.00
2012.01.03 15:04:29.278,1.56107,1.56119,1.50,3.00
2012.01.03 15:04:29.429,1.56108,1.56119,1.88,3.00
2012.01.03 15:04:29.583,1.5611,1.56121,3.00,1.50
2012.01.03 15:04:29.661,1.56118,1.56127,1.88,3.00
2012.01.03 15:04:29.950,1.5611,1.56125,4.09,1.50
2012.01.03 15:04:30.414,1.56109,1.56127,3.00,4.68
2012.01.03 15:04:30.623,1.56109,1.56127,2.25,4.88
2012.01.03 15:04:30.893,1.56109,1.56122,2.25,1.30
2012.01.03 15:04:31.442,1.56109,1.56122,2.25,1.30
2012.01.03 15:04:31.991,1.56109,1.56122,2.25,1.30
2012.01.03 15:04:32.588,1.56109,1.56122,2.25,1.30
2012.01.03 15:04:33.032,1.56123,1.56127,1.88,2.25
2012.01.03 15:04:33.189,1.5612,1.56132,2.25,3.70
2012.01.03 15:04:33.270,1.5612,1.56132,2.25,3.70
2012.01.03 15:04:33.351,1.56118,1.56131,1.88,1.05
2012.01.03 15:04:33.635,1.56118,1.5613,1.88,2.40
2012.01.03 15:04:33.845,1.56118,1.56128,1.88,2.25
2012.01.03 15:04:33.986,1.56114,1.56123,1.50,2.25
2012.01.03 15:04:34.478,1.56114,1.56123,1.50,2.25
2012.01.03 15:04:34.561,1.56113,1.56121,1.88,2.25
2012.01.03 15:04:34.907,1.5611,1.56121,2.59,1.50
2012.01.03 15:04:35.071,1.5611,1.5612,2.25,1.13
2012.01.03 15:04:35.439,1.56108,1.56115,1.88,1.29
2012.01.03 15:04:35.517,1.56105,1.56115,1.50,1.29
2012.01.03 15:04:36.058,1.561,1.56115,3.00,1.29
2012.01.03 15:04:36.143,1.56101,1.56115,3.75,1.29
2012.01.03 15:04:36.917,1.56101,1.56117,3.00,2.25
2012.01.03 15:04:37.485,1.56101,1.56117,3.00,2.25
2012.01.03 15:04:38.114,1.56101,1.56117,3.00,2.25
2012.01.03 15:04:38.625,1.56101,1.56117,3.00,2.25
2012.01.03 15:04:40.541,1.56101,1.56117,2.25,2.79
2012.01.03 15:04:41.406,1.56101,1.56115,3.75,1.50
2012.01.03 15:04:41.486,1.56104,1.56118,2.25,2.79
2012.01.03 15:04:42.139,1.56104,1.56119,2.25,2.06
2012.01.03 15:04:43.197,1.56106,1.56122,2.25,3.56
2012.01.03 15:04:43.621,1.56106,1.56122,1.50,3.56
2012.01.03 15:04:44.162,1.56108,1.56122,2.25,3.56
2012.01.03 15:04:44.725,1.56108,1.56122,2.25,2.06
2012.01.03 15:04:44.945,1.56108,1.56122,2.25,2.06
2012.01.03 15:04:45.573,1.56108,1.56122,1.88,2.06
2012.01.03 15:04:46.381,1.56108,1.56122,1.88,2.06
2012.01.03 15:04:46.896,1.56108,1.56121,1.88,2.25
2012.01.03 15:04:46.983,1.56105,1.56116,1.50,1.31
2012.01.03 15:04:47.193,1.56106,1.56111,1.50,1.31
2012.01.03 15:04:47.547,1.56104,1.56111,2.25,1.31
2012.01.03 15:04:47.696,1.56103,1.56116,1.50,1.31
2012.01.03 15:04:47.775,1.56103,1.56111,1.50,1.31
2012.01.03 15:04:47.913,1.56103,1.56116,1.50,1.31
2012.01.03 15:04:48.194,1.56103,1.56111,1.50,1.31
2012.01.03 15:04:48.475,1.56103,1.56116,1.50,1.31
2012.01.03 15:04:49.405,1.56102,1.56116,4.43,2.06
2012.01.03 15:04:50.015,1.56108,1.56118,1.88,2.25
2012.01.03 15:04:50.224,1.56103,1.56117,4.43,2.06
2012.01.03 15:04:50.440,1.56108,1.56118,1.88,1.29
2012.01.03 15:04:50.652,1.56103,1.56117,2.93,2.06
2012.01.03 15:04:50.998,1.56103,1.56117,3.68,2.06
2012.01.03 15:04:51.083,1.56108,1.56119,1.88,1.29
2012.01.03 15:04:51.502,1.56108,1.5612,1.88,2.25
2012.01.03 15:04:51.924,1.56103,1.56119,1.05,2.06
2012.01.03 15:04:53.023,1.56103,1.56118,1.80,1.29
2012.01.03 15:04:53.384,1.56103,1.56118,1.80,1.29
2012.01.03 15:04:53.735,1.56103,1.56118,2.25,1.29
2012.01.03 15:04:54.305,1.56101,1.56117,3.68,2.25
2012.01.03 15:04:54.861,1.56101,1.56117,5.18,2.25
2012.01.03 15:04:55.405,1.56103,1.56118,2.25,1.29
2012.01.03 15:04:55.864,1.56101,1.56118,3.68,1.29
2012.01.03 15:04:56.377,1.56101,1.56118,3.68,1.29
2012.01.03 15:04:56.817,1.56108,1.56118,1.88,1.29
2012.01.03 15:04:56.982,1.56103,1.56117,2.06,2.06
2012.01.03 15:04:57.200,1.56108,1.56118,1.88,1.29
2012.01.03 15:04:57.486,1.56108,1.56117,1.88,2.25
2012.01.03 15:04:57.567,1.56108,1.56121,1.88,2.79
2012.01.03 15:04:58.135,1.56108,1.56119,1.88,2.25
2012.01.03 15:04:58.654,1.56115,1.56122,1.50,1.31
2012.01.03 15:04:58.727,1.56118,1.56125,1.88,1.50
2012.01.03 15:04:58.803,1.56118,1.56128,1.88,1.13
2012.01.03 15:04:59.014,1.56117,1.56127,2.25,2.39
2012.01.03 15:04:59.086,1.56113,1.56127,4.88,2.39
2012.01.03 15:04:59.237,1.56113,1.56122,1.50,1.31
2012.01.03 15:04:59.314,1.56108,1.56122,3.38,1.31
2012.01.03 15:04:59.442,1.56113,1.56126,1.88,2.25
2012.01.03 15:04:59.782,1.5611,1.56122,2.25,1.31
2012.01.03 15:04:59.853,1.56108,1.56122,2.63,1.31
2012.01.03 15:05:00.183,1.56108,1.56122,2.63,1.31
2012.01.03 15:05:00.523,1.56113,1.56124,1.88,2.25
2012.01.03 15:05:00.733,1.5611,1.56122,2.25,1.31
2012.01.03 15:05:01.121,1.56108,1.56122,1.88,1.31
2012.01.03 15:05:01.612,1.56108,1.56122,2.63,2.06
2012.01.03 15:05:02.178,1.56108,1.56118,1.88,1.50
2012.01.03 15:05:02.535,1.56103,1.56115,2.63,2.25
2012.01.03 15:05:02.618,1.56103,1.56115,2.63,2.25
2012.01.03 15:05:02.834,1.56103,1.56114,1.88,1.50
2012.01.03 15:05:03.365,1.56103,1.56116,1.88,2.79
2012.01.03 15:05:03.713,1.56103,1.56116,2.63,2.25
2012.01.03 15:05:03.995,1.56103,1.56117,2.63,2.06
2012.01.03 15:05:04.620,1.56103,1.56117,2.63,1.31
2012.01.03 15:05:05.174,1.56104,1.56117,3.00,1.31
2012.01.03 15:05:05.301,1.56104,1.56117,3.00,1.31
2012.01.03 15:05:05.874,1.56106,1.56117,1.50,1.31
2012.01.03 15:05:05.944,1.56108,1.56119,2.97,2.25
2012.01.03 15:05:06.213,1.56113,1.56127,2.63,4.48
2012.01.03 15:05:06.761,1.56113,1.56127,2.63,1.31
2012.01.03 15:05:07.274,1.56113,1.56126,2.63,2.25
2012.01.03 15:05:07.345,1.56113,1.56126,2.63,1.50
2012.01.03 15:05:07.786,1.56113,1.56127,2.63,1.31
2012.01.03 15:05:08.425,1.56113,1.56126,2.63,1.50
2012.01.03 15:05:09.010,1.56113,1.56127,2.63,1.31
2012.01.03 15:05:10.370,1.56113,1.56127,2.63,1.31
2012.01.03 15:05:11.182,1.56113,1.56127,2.63,2.06
2012.01.03 15:05:11.591,1.56113,1.56126,2.63,3.00
2012.01.03 15:05:11.871,1.56113,1.56126,2.63,2.25
2012.01.03 15:05:12.423,1.56113,1.56126,2.63,2.25
2012.01.03 15:05:12.939,1.56113,1.56127,2.63,1.31
2012.01.03 15:05:13.071,1.56113,1.56127,2.63,1.31
2012.01.03 15:05:13.623,1.56117,1.5613,3.00,5.70
2012.01.03 15:05:13.721,1.56117,1.5613,3.00,3.56
2012.01.03 15:05:13.797,1.56117,1.5613,3.00,2.81
2012.01.03 15:05:13.875,1.56117,1.5613,3.75,2.92
2012.01.03 15:05:14.234,1.56116,1.56127,2.29,1.13
2012.01.03 15:05:14.733,1.56114,1.56127,1.50,1.31
2012.01.03 15:05:15.148,1.56114,1.56127,1.13,1.31
2012.01.03 15:05:15.227,1.56113,1.56122,1.13,1.31
2012.01.03 15:05:15.378,1.56114,1.56122,1.13,1.31
2012.01.03 15:05:15.946,1.5611,1.56122,1.50,1.31
2012.01.03 15:05:16.449,1.5611,1.56122,3.00,1.31
2012.01.03 15:05:17.049,1.5611,1.56122,3.00,1.31
2012.01.03 15:05:17.604,1.5611,1.56122,3.00,1.31
2012.01.03 15:05:18.381,1.5611,1.56122,1.50,1.31
2012.01.03 15:05:19.117,1.5611,1.56122,1.50,3.56
2012.01.03 15:05:19.203,1.56108,1.56122,3.75,3.38
2012.01.03 15:05:19.278,1.56108,1.56122,5.63,3.56
2012.01.03 15:05:19.505,1.5612,1.56125,1.95,2.25
2012.01.03 15:05:19.855,1.56129,1.56141,1.50,5.59
2012.01.03 15:05:19.926,1.5613,1.56142,3.00,3.73
2012.01.03 15:05:20.010,1.5613,1.56137,1.50,2.06
2012.01.03 15:05:20.298,1.56132,1.56142,1.50,2.61
2012.01.03 15:05:20.375,1.56132,1.56142,2.25,1.86
2012.01.03 15:05:20.931,1.56128,1.56135,2.63,3.00
2012.01.03 15:05:21.300,1.56142,1.56155,1.50,2.27
2012.01.03 15:05:21.375,1.56142,1.56147,1.13,1.31
2012.01.03 15:05:21.517,1.56143,1.56152,3.38,2.25
2012.01.03 15:05:21.597,1.56146,1.56157,1.13,6.43
2012.01.03 15:05:21.674,1.56146,1.56157,1.50,5.61
2012.01.03 15:05:22.095,1.56146,1.56157,1.50,4.11
2012.01.03 15:05:22.373,1.56146,1.56157,1.50,3.56
2012.01.03 15:05:22.442,1.56146,1.56157,1.50,3.56
2012.01.03 15:05:22.981,1.56148,1.56159,3.00,1.50
2012.01.03 15:05:23.061,1.56148,1.56162,3.00,3.36
2012.01.03 15:05:23.612,1.56149,1.56161,3.00,1.31
2012.01.03 15:05:23.947,1.56151,1.56162,1.50,1.86
2012.01.03 15:05:24.306,1.56151,1.56157,1.50,1.31
2012.01.03 15:05:24.528,1.56153,1.56162,1.13,3.56
2012.01.03 15:05:24.611,1.56153,1.56165,1.13,5.49
2012.01.03 15:05:24.756,1.56154,1.56165,3.00,4.64
2012.01.03 15:05:25.192,1.56158,1.56167,4.50,1.50
2012.01.03 15:05:25.479,1.56158,1.56168,5.25,1.50
2012.01.03 15:05:25.766,1.5616,1.56172,2.25,2.06
2012.01.03 15:05:25.850,1.56165,1.56172,2.59,2.06
2012.01.03 15:05:26.204,1.56168,1.56178,3.00,2.25
2012.01.03 15:05:26.290,1.56171,1.56179,1.50,1.50
2012.01.03 15:05:26.711,1.56171,1.56182,1.50,3.38
2012.01.03 15:05:27.245,1.56171,1.56182,1.50,3.38
2012.01.03 15:05:27.453,1.56169,1.56182,2.25,3.54
2012.01.03 15:05:27.598,1.56169,1.56182,2.25,1.29
2012.01.03 15:05:28.426,1.56171,1.56182,1.50,1.29
2012.01.03 15:05:29.594,1.56172,1.56181,1.50,1.50
2012.01.03 15:05:29.735,1.56171,1.56181,1.50,1.50
2012.01.03 15:05:30.303,1.5617,1.56182,1.50,1.29
2012.01.03 15:05:30.970,1.56182,1.56186,2.25,1.50
2012.01.03 15:05:31.125,1.56185,1.5619,1.84,2.06
2012.01.03 15:05:31.269,1.56193,1.56202,1.50,5.79
2012.01.03 15:05:31.346,1.56196,1.56201,1.13,1.50
2012.01.03 15:05:31.494,1.56196,1.56203,1.88,2.25
2012.01.03 15:05:31.644,1.56203,1.5621,2.25,1.31
2012.01.03 15:05:32.022,1.56211,1.56221,1.50,1.13
2012.01.03 15:05:32.109,1.56214,1.56223,2.25,1.13
2012.01.03 15:05:32.393,1.56211,1.56225,3.34,1.36
2012.01.03 15:05:32.466,1.56211,1.56224,3.34,1.50
2012.01.03 15:05:32.684,1.56211,1.56226,3.34,1.50
2012.01.03 15:05:32.755,1.56211,1.56223,2.25,1.50
2012.01.03 15:05:32.969,1.56211,1.56226,2.25,2.04
2012.01.03 15:05:33.119,1.56211,1.56223,2.25,1.50
2012.01.03 15:05:33.478,1.56214,1.5622,2.25,1.50
2012.01.03 15:05:33.574,1.56207,1.56221,3.00,1.50
2012.01.03 15:05:33.729,1.56207,1.56221,3.00,1.51
2012.01.03 15:05:34.157,1.56208,1.56218,1.88,1.50
2012.01.03 15:05:34.241,1.56213,1.5622,1.88,2.25
2012.01.03 15:05:34.460,1.56211,1.56219,2.25,1.29
2012.01.03 15:05:34.612,1.56209,1.56219,1.50,1.29
2012.01.03 15:05:34.996,1.56205,1.56219,1.50,1.29
2012.01.03 15:05:35.080,1.56204,1.56219,1.50,2.42
2012.01.03 15:05:35.442,1.56205,1.56219,1.50,1.29
2012.01.03 15:05:35.587,1.56204,1.56218,2.25,2.25
2012.01.03 15:05:35.735,1.56202,1.56218,1.50,2.25
2012.01.03 15:05:35.948,1.56203,1.56216,1.88,1.50
2012.01.03 15:05:36.313,1.56204,1.56214,3.00,1.50
2012.01.03 15:05:36.700,1.56205,1.56217,1.13,1.29
2012.01.03 15:05:36.787,1.56213,1.56219,1.88,2.25
2012.01.03 15:05:36.873,1.56213,1.56225,2.63,3.00
2012.01.03 15:05:37.088,1.56213,1.56227,2.63,3.54
2012.01.03 15:05:37.237,1.56212,1.56222,1.50,1.29
2012.01.03 15:05:37.596,1.56218,1.56229,1.88,2.63
2012.01.03 15:05:37.749,1.56219,1.56231,1.88,1.50
2012.01.03 15:05:38.106,1.56224,1.56232,1.50,1.29
2012.01.03 15:05:38.198,1.56224,1.56237,1.50,1.50
2012.01.03 15:05:38.281,1.56224,1.56237,1.50,1.50
2012.01.03 15:05:38.357,1.56224,1.56237,1.13,1.50
2012.01.03 15:05:38.445,1.56225,1.56237,1.50,1.13
2012.01.03 15:05:38.819,1.56233,1.56238,2.63,1.13
2012.01.03 15:05:39.499,1.56234,1.5624,1.50,1.50
2012.01.03 15:05:39.573,1.56233,1.56249,2.63,1.50
2012.01.03 15:05:40.135,1.56233,1.56244,2.63,1.50
2012.01.03 15:05:40.285,1.56233,1.56244,2.63,1.50
2012.01.03 15:05:40.754,1.56233,1.5625,2.63,2.25
2012.01.03 15:05:41.215,1.56237,1.56242,2.25,1.29
2012.01.03 15:05:41.513,1.56227,1.56237,3.00,1.13
2012.01.03 15:05:42.075,1.56223,1.56232,2.25,1.29
2012.01.03 15:05:42.143,1.56223,1.56232,1.50,1.29
2012.01.03 15:05:42.697,1.5622,1.56232,2.25,1.29
2012.01.03 15:05:43.052,1.5622,1.56232,1.50,1.29
2012.01.03 15:05:43.408,1.56218,1.56232,2.63,1.29
2012.01.03 15:05:43.559,1.56218,1.56232,1.88,3.54
2012.01.03 15:05:43.917,1.56218,1.56228,1.88,2.25
2012.01.03 15:05:44.419,1.56218,1.5623,1.88,2.25
2012.01.03 15:05:44.785,1.56214,1.56227,3.75,2.04
2012.01.03 15:05:45.144,1.56213,1.56225,5.26,2.25
2012.01.03 15:05:45.803,1.56218,1.56227,1.88,2.25
2012.01.03 15:05:45.882,1.56213,1.56227,1.50,2.25
2012.01.03 15:05:45.955,1.56218,1.56227,1.88,2.61
2012.01.03 15:05:46.313,1.56218,1.56231,1.88,2.04
2012.01.03 15:05:47.975,1.56218,1.56231,1.88,2.25
2012.01.03 15:05:48.531,1.56218,1.56229,1.88,1.11
2012.01.03 15:05:48.744,1.56223,1.5623,1.88,1.11
2012.01.03 15:05:48.814,1.56221,1.56229,2.25,1.11
2012.01.03 15:05:49.233,1.56221,1.56232,2.25,2.04
2012.01.03 15:05:49.373,1.56218,1.56232,1.92,2.04
2012.01.03 15:05:50.140,1.56212,1.56222,2.75,1.66
2012.01.03 15:05:50.368,1.56204,1.56219,1.39,3.32
2012.01.03 15:05:50.449,1.56203,1.56216,1.50,2.04
2012.01.03 15:05:50.596,1.56203,1.56216,3.38,1.29
2012.01.03 15:05:50.681,1.56203,1.56217,3.38,3.54
2012.01.03 15:05:50.831,1.56205,1.56217,1.50,1.29
2012.01.03 15:05:50.908,1.56203,1.56217,3.38,2.04
2012.01.03 15:05:51.391,1.56203,1.56216,3.38,1.13
2012.01.03 15:05:51.621,1.562,1.56212,3.00,1.29
2012.01.03 15:05:51.977,1.56201,1.56216,3.38,1.11
2012.01.03 15:05:52.475,1.56201,1.56208,1.50,1.29
2012.01.03 15:05:52.631,1.56198,1.56205,1.13,3.00
2012.01.03 15:05:52.707,1.56198,1.56205,1.88,3.00
2012.01.03 15:05:53.108,1.56201,1.56208,1.50,2.25
2012.01.03 15:05:53.200,1.56198,1.5621,2.63,1.50
2012.01.03 15:05:53.418,1.56198,1.56212,1.88,3.32
2012.01.03 15:05:53.633,1.56198,1.56212,1.88,4.25
2012.01.03 15:05:53.707,1.56194,1.56207,3.00,2.04
2012.01.03 15:05:54.273,1.56193,1.56207,1.88,2.40
2012.01.03 15:05:54.892,1.56193,1.56207,1.88,2.79
2012.01.03 15:05:54.977,1.56192,1.56197,1.50,1.29
2012.01.03 15:05:55.056,1.56188,1.56197,3.00,1.67
2012.01.03 15:05:55.144,1.56185,1.56196,3.75,1.13
2012.01.03 15:05:55.219,1.56185,1.56197,2.25,1.67
2012.01.03 15:05:55.786,1.56188,1.56197,1.50,1.67
2012.01.03 15:05:56.435,1.56185,1.56197,2.25,1.29
2012.01.03 15:05:56.529,1.56183,1.56197,4.88,2.04
2012.01.03 15:05:56.752,1.56183,1.56197,2.63,2.04
2012.01.03 15:05:57.315,1.56183,1.56197,2.63,2.04
2012.01.03 15:05:57.670,1.56181,1.56192,2.25,1.29
2012.01.03 15:05:58.241,1.56181,1.56192,2.25,1.29
2012.01.03 15:05:58.329,1.56183,1.56197,1.88,1.29
2012.01.03 15:05:58.963,1.56185,1.56197,2.25,1.29
2012.01.03 15:05:59.522,1.56185,1.56197,3.00,1.29
2012.01.03 15:06:00.266,1.56186,1.56197,1.88,1.29
2012.01.03 15:06:00.765,1.56186,1.56197,2.25,1.29
2012.01.03 15:06:01.302,1.56185,1.56197,3.00,1.29
2012.01.03 15:06:03.113,1.56188,1.56197,3.00,1.29
2012.01.03 15:06:03.994,1.56188,1.56197,2.25,1.29
2012.01.03 15:06:04.343,1.56188,1.56197,2.25,1.29
2012.01.03 15:06:05.873,1.56184,1.56197,2.25,1.29
2012.01.03 15:06:06.359,1.56182,1.56192,2.25,1.29
2012.01.03 15:06:06.438,1.56181,1.56192,3.00,1.29
2012.01.03 15:06:06.856,1.56182,1.56192,2.25,1.29
2012.01.03 15:06:06.934,1.56183,1.56196,2.63,1.50
2012.01.03 15:06:07.004,1.56184,1.56197,2.25,2.04
2012.01.03 15:06:07.508,1.56184,1.56197,2.25,2.04
2012.01.03 15:06:07.932,1.56184,1.56192,2.25,1.29
2012.01.03 15:06:08.487,1.56183,1.56192,1.50,1.29
2012.01.03 15:06:09.793,1.56184,1.56192,2.25,1.29
2012.01.03 15:06:10.342,1.56186,1.56192,2.25,1.29
2012.01.03 15:06:10.956,1.56186,1.56191,2.25,1.29
2012.01.03 15:06:11.252,1.56184,1.56196,2.25,1.29
2012.01.03 15:06:11.687,1.56182,1.56191,1.50,1.29
2012.01.03 15:06:12.190,1.56183,1.56189,1.50,1.13
2012.01.03 15:06:12.264,1.56183,1.56189,1.50,1.88
2012.01.03 15:06:12.407,1.56183,1.56187,1.50,2.25
2012.01.03 15:06:12.487,1.56183,1.5619,1.50,1.50
2012.01.03 15:06:12.632,1.56181,1.56191,1.13,1.29
2012.01.03 15:06:12.704,1.56181,1.56191,1.88,1.67
2012.01.03 15:06:12.988,1.56187,1.56199,2.63,4.13
2012.01.03 15:06:13.299,1.56187,1.56199,4.88,2.63
2012.01.03 15:06:13.388,1.56184,1.56191,3.00,1.29
2012.01.03 15:06:13.468,1.56187,1.56199,1.88,1.62
2012.01.03 15:06:13.617,1.56187,1.56201,2.63,2.12
2012.01.03 15:06:13.978,1.56187,1.56191,2.25,1.29
2012.01.03 15:06:14.197,1.56184,1.56196,3.00,1.29
2012.01.03 15:06:14.352,1.56184,1.56196,1.50,2.04
2012.01.03 15:06:14.495,1.56184,1.56191,1.50,1.29
2012.01.03 15:06:14.995,1.56182,1.56196,2.63,2.04
2012.01.03 15:06:15.496,1.56182,1.56196,2.63,2.04
2012.01.03 15:06:15.927,1.56192,1.56197,1.88,1.50
2012.01.03 15:06:16.290,1.56193,1.562,1.50,2.25
2012.01.03 15:06:16.625,1.56184,1.56196,2.63,1.67
2012.01.03 15:06:16.707,1.56184,1.56195,1.50,2.25
2012.01.03 15:06:16.923,1.56182,1.56195,1.88,2.79
2012.01.03 15:06:17.278,1.5619,1.56201,1.50,1.50
2012.01.03 15:06:17.358,1.56189,1.56202,1.50,4.29
2012.01.03 15:06:17.646,1.56188,1.56202,1.88,2.04
2012.01.03 15:06:18.192,1.56188,1.56202,2.63,2.04
2012.01.03 15:06:18.636,1.56188,1.56201,1.88,1.50
2012.01.03 15:06:20.783,1.56193,1.562,1.88,1.50
2012.01.03 15:06:21.298,1.56193,1.56206,1.88,2.25
2012.01.03 15:06:21.444,1.56191,1.56202,2.25,2.04
2012.01.03 15:06:21.863,1.56189,1.56202,1.50,4.35
2012.01.03 15:06:22.424,1.56188,1.56202,2.97,4.35
2012.01.03 15:06:22.705,1.56188,1.56201,2.97,1.50
2012.01.03 15:06:23.458,1.56188,1.56202,3.72,2.10
2012.01.03 15:06:24.182,1.56188,1.56202,2.97,2.10
2012.01.03 15:06:24.701,1.56188,1.56201,2.22,2.32
2012.01.03 15:06:25.448,1.56188,1.56201,2.97,2.32
2012.01.03 15:06:25.795,1.56188,1.56201,1.88,3.07
2012.01.03 15:06:26.150,1.56183,1.56197,1.88,3.60
2012.01.03 15:06:26.710,1.56183,1.56197,2.63,2.10
2012.01.03 15:06:27.266,1.56183,1.56197,2.63,2.10
2012.01.03 15:06:27.768,1.56183,1.56197,2.63,3.60
2012.01.03 15:06:28.152,1.56183,1.56197,1.88,5.26
2012.01.03 15:06:28.472,1.56188,1.56197,1.88,3.97
2012.01.03 15:06:28.686,1.56183,1.56197,2.63,4.07
2012.01.03 15:06:28.833,1.56183,1.56197,3.38,3.54
2012.01.03 15:06:29.247,1.56183,1.56197,1.88,3.54
2012.01.03 15:06:29.852,1.56183,1.56195,1.88,2.25
2012.01.03 15:06:30.518,1.56183,1.56193,1.88,2.25
2012.01.03 15:06:30.878,1.56183,1.56193,1.88,2.25
2012.01.03 15:06:31.562,1.56183,1.56193,1.88,2.25
2012.01.03 15:06:32.583,1.56183,1.56193,1.88,2.25
2012.01.03 15:06:33.062,1.56184,1.56195,1.49,1.50
2012.01.03 15:06:33.131,1.56184,1.56197,2.99,1.84
2012.01.03 15:06:33.275,1.56183,1.56197,2.97,2.59
2012.01.03 15:06:33.808,1.56183,1.56197,3.38,2.04
2012.01.03 15:06:34.172,1.56188,1.56198,1.88,2.25
2012.01.03 15:06:34.244,1.56188,1.56198,1.88,1.50
2012.01.03 15:06:34.680,1.56188,1.56198,1.88,3.00
2012.01.03 15:06:35.012,1.56188,1.56198,1.88,3.15
2012.01.03 15:06:35.204,1.56188,1.56197,1.88,1.50
2012.01.03 15:06:35.475,1.56188,1.56198,1.88,2.25
2012.01.03 15:06:36.037,1.56188,1.562,1.88,2.25
2012.01.03 15:06:36.184,1.56188,1.56201,1.88,3.00
2012.01.03 15:06:36.738,1.56188,1.56199,1.88,3.15
2012.01.03 15:06:37.319,1.56188,1.56196,1.88,1.80
2012.01.03 15:06:37.744,1.56188,1.56197,1.88,1.50
2012.01.03 15:06:38.030,1.56188,1.56199,1.88,2.25
2012.01.03 15:06:38.109,1.56188,1.56202,3.38,2.04
2012.01.03 15:06:38.469,1.56193,1.56203,1.88,3.00
2012.01.03 15:06:38.826,1.56193,1.56204,1.88,3.00
2012.01.03 15:06:39.479,1.56196,1.56207,1.50,1.29
2012.01.03 15:06:39.560,1.562,1.56207,1.50,1.29
2012.01.03 15:06:39.640,1.56203,1.56213,1.88,1.88
2012.01.03 15:06:40.160,1.56203,1.56214,1.88,1.50
2012.01.03 15:06:40.447,1.56208,1.56217,1.88,1.99
2012.01.03 15:06:40.816,1.56208,1.56219,4.88,2.25
2012.01.03 15:06:41.571,1.56208,1.5622,4.13,1.50
2012.01.03 15:06:42.067,1.56208,1.56222,3.38,2.04
2012.01.03 15:06:42.149,1.56209,1.56222,2.25,2.04
2012.01.03 15:06:42.227,1.56213,1.56223,1.88,2.25
2012.01.03 15:06:42.586,1.56213,1.56225,1.88,2.40
2012.01.03 15:06:42.811,1.56213,1.56225,1.88,2.25
2012.01.03 15:06:43.157,1.56213,1.56225,1.88,2.25
2012.01.03 15:06:43.659,1.56213,1.56226,1.88,3.00
2012.01.03 15:06:44.227,1.56213,1.56225,1.88,2.25
2012.01.03 15:06:44.788,1.56213,1.56225,1.88,2.25
2012.01.03 15:06:45.144,1.56209,1.56225,1.50,2.25
2012.01.03 15:06:45.500,1.56213,1.56222,1.88,3.00
2012.01.03 15:06:45.714,1.56208,1.56222,3.38,3.54
2012.01.03 15:06:46.514,1.5621,1.56222,2.25,2.04
2012.01.03 15:06:46.724,1.56208,1.56217,1.54,1.29
2012.01.03 15:06:47.217,1.56205,1.56217,1.50,2.04
2012.01.03 15:06:47.788,1.56206,1.56217,1.50,1.29
2012.01.03 15:06:48.292,1.56203,1.56217,4.88,1.29
2012.01.03 15:06:49.295,1.56208,1.56217,1.50,1.29
2012.01.03 15:06:49.821,1.56208,1.56217,1.50,1.29
2012.01.03 15:06:50.975,1.56208,1.56222,3.38,4.29
2012.01.03 15:06:51.535,1.56209,1.56222,1.50,2.04
2012.01.03 15:06:51.674,1.56221,1.56225,1.88,2.59
2012.01.03 15:06:51.744,1.56221,1.56225,1.88,2.59
2012.01.03 15:06:51.955,1.56221,1.5623,1.88,2.25
2012.01.03 15:06:52.262,1.56215,1.56227,1.50,2.04
2012.01.03 15:06:52.339,1.56218,1.56228,1.88,1.31
2012.01.03 15:06:52.764,1.56213,1.56226,2.63,2.25
2012.01.03 15:06:52.903,1.56213,1.56226,2.63,2.25
2012.01.03 15:06:53.435,1.56213,1.56226,2.63,2.25
2012.01.03 15:06:53.997,1.56213,1.56224,1.88,2.25
2012.01.03 15:06:54.300,1.56217,1.56224,1.88,1.50
2012.01.03 15:06:54.587,1.56213,1.56224,1.88,2.25
2012.01.03 15:06:54.807,1.5621,1.56223,2.25,3.00
2012.01.03 15:06:55.032,1.56208,1.56222,3.00,3.54
2012.01.03 15:06:55.625,1.56208,1.56222,2.63,3.54
2012.01.03 15:06:56.583,1.56207,1.56217,1.50,1.29
2012.01.03 15:06:56.801,1.56207,1.56217,1.50,2.04
2012.01.03 15:06:57.086,1.56204,1.56217,5.55,2.04
2012.01.03 15:06:57.298,1.56201,1.56212,1.50,2.04
2012.01.03 15:06:57.655,1.56193,1.56202,4.50,2.04
2012.01.03 15:06:57.729,1.56194,1.56202,1.50,1.29
2012.01.03 15:06:58.296,1.56188,1.56199,2.63,2.25
2012.01.03 15:06:58.376,1.56188,1.56201,2.63,3.75
2012.01.03 15:06:58.944,1.56188,1.56201,1.88,2.25
2012.01.03 15:07:01.911,1.56188,1.56202,1.88,2.04
2012.01.03 15:07:02.392,1.56189,1.56202,1.50,1.29
2012.01.03 15:07:02.766,1.56198,1.56208,2.63,3.00
2012.01.03 15:07:02.834,1.56198,1.56209,2.97,3.00
2012.01.03 15:07:03.021,1.56198,1.56211,2.59,3.00
2012.01.03 15:07:03.374,1.56206,1.56212,1.50,2.25
2012.01.03 15:07:03.782,1.56206,1.56215,1.50,2.25
2012.01.03 15:07:04.126,1.56206,1.56217,1.50,1.29
2012.01.03 15:07:04.276,1.56208,1.5622,2.63,1.50
2012.01.03 15:07:04.705,1.56208,1.56222,4.13,1.29
2012.01.03 15:07:04.841,1.56213,1.56225,1.88,2.25
2012.01.03 15:07:05.719,1.5621,1.56222,2.25,2.04
2012.01.03 15:07:05.868,1.56208,1.56222,3.38,2.04
2012.01.03 15:07:05.942,1.56208,1.56216,2.63,1.13
2012.01.03 15:07:06.296,1.56206,1.56212,1.13,1.29
2012.01.03 15:07:06.373,1.56204,1.56212,1.13,1.29
2012.01.03 15:07:06.582,1.56202,1.56219,1.50,2.04
2012.01.03 15:07:06.654,1.56202,1.56219,2.25,2.04
2012.01.03 15:07:07.213,1.56202,1.56219,3.00,2.04
2012.01.03 15:07:07.841,1.56202,1.56219,3.00,2.04
2012.01.03 15:07:09.165,1.56202,1.56219,3.00,2.04
2012.01.03 15:07:09.904,1.56204,1.56219,1.50,1.29
2012.01.03 15:07:10.264,1.56216,1.56223,2.25,1.50
2012.01.03 15:07:10.487,1.56218,1.56227,1.88,1.50
2012.01.03 15:07:10.708,1.56218,1.5623,1.88,1.50
2012.01.03 15:07:11.189,1.56219,1.56231,2.25,1.50
2012.01.03 15:07:11.266,1.56219,1.56231,2.25,1.50
2012.01.03 15:07:11.345,1.5622,1.56232,1.50,2.04
2012.01.03 15:07:11.933,1.56219,1.56232,1.50,2.04
2012.01.03 15:07:12.003,1.56219,1.56232,1.50,2.04
2012.01.03 15:07:12.557,1.56218,1.56232,1.88,2.04
2012.01.03 15:07:12.917,1.56227,1.56232,2.25,3.54
2012.01.03 15:07:13.358,1.56218,1.56232,1.88,2.04
2012.01.03 15:07:13.505,1.56218,1.56232,1.88,2.04
2012.01.03 15:07:14.052,1.56218,1.56231,1.88,2.25
2012.01.03 15:07:14.130,1.56218,1.56231,2.63,2.25
2012.01.03 15:07:15.122,1.56218,1.56231,1.88,2.25
2012.01.03 15:07:15.481,1.56214,1.56228,1.88,2.25
2012.01.03 15:07:15.692,1.56215,1.56229,1.50,2.04
2012.01.03 15:07:15.766,1.56223,1.5623,1.88,2.25
2012.01.03 15:07:16.126,1.56221,1.56235,2.25,2.43
2012.01.03 15:07:16.898,1.56223,1.56234,1.88,2.25
2012.01.03 15:07:17.059,1.56226,1.56232,1.88,2.25
2012.01.03 15:07:17.349,1.56223,1.56235,1.88,1.13
2012.01.03 15:07:17.564,1.56223,1.56235,1.88,1.13
2012.01.03 15:07:18.058,1.56223,1.56232,3.00,1.50
2012.01.03 15:07:18.133,1.56226,1.56234,1.13,1.50
2012.01.03 15:07:18.516,1.56229,1.5624,2.25,3.00
2012.01.03 15:07:18.670,1.56233,1.56242,1.88,2.25
2012.01.03 15:07:19.437,1.56233,1.56244,1.88,2.25
2012.01.03 15:07:19.589,1.56234,1.56244,2.25,2.25
2012.01.03 15:07:20.128,1.56233,1.56244,1.88,2.25
2012.01.03 15:07:21.494,1.56233,1.56246,1.88,2.55
2012.01.03 15:07:21.590,1.56233,1.56244,1.88,2.25
2012.01.03 15:07:21.950,1.56237,1.5625,2.25,4.07
2012.01.03 15:07:22.452,1.56237,1.5625,2.25,3.69
2012.01.03 15:07:22.792,1.56237,1.5625,2.25,3.69
2012.01.03 15:07:23.227,1.56234,1.56247,1.13,1.29
2012.01.03 15:07:23.783,1.56233,1.56247,3.38,1.29
2012.01.03 15:07:24.800,1.56233,1.56247,4.13,2.04
2012.01.03 15:07:25.228,1.56233,1.56247,5.25,2.04
2012.01.03 15:07:25.310,1.56233,1.56247,5.25,2.04
2012.01.03 15:07:25.666,1.56234,1.56247,2.25,2.04
2012.01.03 15:07:26.097,1.56233,1.56247,2.63,2.04
2012.01.03 15:07:26.187,1.56233,1.56246,2.63,1.50
2012.01.03 15:07:26.411,1.56233,1.56242,1.50,2.04
2012.01.03 15:07:26.762,1.56233,1.56245,2.63,2.25
2012.01.03 15:07:27.812,1.56233,1.56246,1.88,2.25
2012.01.03 15:07:28.564,1.56233,1.56244,1.88,2.25
2012.01.03 15:07:29.080,1.56233,1.56244,1.88,2.25
2012.01.03 15:07:30.152,1.56233,1.56243,1.88,2.25
2012.01.03 15:07:30.577,1.56233,1.56245,1.88,2.25
2012.01.03 15:07:30.657,1.56235,1.56245,2.25,2.25
2012.01.03 15:07:30.744,1.56233,1.56245,1.88,2.25
2012.01.03 15:07:30.826,1.56233,1.56245,1.88,2.79
2012.01.03 15:07:31.181,1.56233,1.56243,1.88,2.25
2012.01.03 15:07:31.598,1.56228,1.56242,3.38,2.04
2012.01.03 15:07:32.105,1.56228,1.56241,2.63,2.25
2012.01.03 15:07:32.723,1.56227,1.56237,3.00,1.29
2012.01.03 15:07:33.278,1.56225,1.56236,1.50,2.25
2012.01.03 15:07:33.641,1.56224,1.56237,1.50,2.04
2012.01.03 15:07:34.143,1.56224,1.56237,1.50,2.04
2012.01.03 15:07:34.752,1.56223,1.56237,1.88,2.04
2012.01.03 15:07:35.325,1.56223,1.56235,1.88,4.50
2012.01.03 15:07:35.637,1.56223,1.56233,1.88,2.25
2012.01.03 15:07:36.001,1.56214,1.56219,2.18,2.04
2012.01.03 15:07:36.218,1.56214,1.56219,1.50,2.25
2012.01.03 15:07:36.366,1.5621,1.56219,1.50,2.25
2012.01.03 15:07:36.590,1.56207,1.56217,1.50,1.29
2012.01.03 15:07:37.066,1.56206,1.56217,1.50,2.04
2012.01.03 15:07:37.145,1.56206,1.56212,1.50,1.29
2012.01.03 15:07:37.421,1.562,1.56212,2.25,1.29
2012.01.03 15:07:37.702,1.56204,1.56212,3.75,1.29
2012.01.03 15:07:37.914,1.562,1.56212,2.25,1.29
2012.01.03 15:07:40.291,1.562,1.56212,2.25,1.29
2012.01.03 15:07:41.959,1.56199,1.56212,3.75,1.29
2012.01.03 15:07:42.748,1.56199,1.56212,3.75,1.29
2012.01.03 15:07:43.265,1.56199,1.56212,3.75,2.04
2012.01.03 15:07:43.483,1.56199,1.56209,2.25,1.50
2012.01.03 15:07:43.832,1.56198,1.56209,1.88,1.50
2012.01.03 15:07:43.909,1.56198,1.56209,1.88,1.50
2012.01.03 15:07:44.665,1.56198,1.5621,2.63,1.50
2012.01.03 15:07:44.731,1.56201,1.5621,2.25,1.50
2012.01.03 15:07:44.943,1.56201,1.56212,2.25,2.04
2012.01.03 15:07:45.085,1.56198,1.56212,1.88,2.04
2012.01.03 15:07:45.224,1.56198,1.56213,4.51,4.66
2012.01.03 15:07:45.504,1.56198,1.56212,1.88,2.04
2012.01.03 15:07:45.714,1.56198,1.56213,4.51,4.66
2012.01.03 15:07:46.262,1.56196,1.56202,1.50,2.04
2012.01.03 15:07:46.342,1.56194,1.56202,1.88,2.04
2012.01.03 15:07:46.419,1.56192,1.56202,2.25,1.29
2012.01.03 15:07:46.639,1.56193,1.56207,3.76,1.50
2012.01.03 15:07:47.187,1.56198,1.56208,1.88,2.40
2012.01.03 15:07:47.407,1.56193,1.56207,1.88,2.04
2012.01.03 15:07:47.631,1.56193,1.56207,2.63,2.04
2012.01.03 15:07:48.167,1.56193,1.56207,2.63,2.04
2012.01.03 15:07:48.243,1.56198,1.56209,1.88,2.04
2012.01.03 15:07:48.581,1.56198,1.56209,1.88,2.04
2012.01.03 15:07:49.144,1.56198,1.56208,1.88,2.25
2012.01.03 15:07:49.961,1.56193,1.56207,1.88,2.04
2012.01.03 15:07:50.966,1.56193,1.56207,1.88,2.04
2012.01.03 15:07:52.144,1.56193,1.56207,1.88,2.04
2012.01.03 15:07:52.651,1.56193,1.56203,1.88,1.29
2012.01.03 15:07:53.346,1.56193,1.56203,1.88,1.29
2012.01.03 15:07:53.707,1.56193,1.56201,1.88,1.05
2012.01.03 15:07:54.274,1.56193,1.56201,1.88,2.19
2012.01.03 15:07:54.729,1.56191,1.56201,2.25,1.80
2012.01.03 15:07:54.807,1.56188,1.56201,1.88,1.80
2012.01.03 15:07:55.027,1.56188,1.562,2.63,1.50
2012.01.03 15:07:55.319,1.5619,1.562,1.50,1.50
2012.01.03 15:07:55.469,1.56189,1.562,1.50,1.50
2012.01.03 15:07:55.823,1.56198,1.56211,1.88,1.50
2012.01.03 15:07:56.396,1.56198,1.5621,1.88,2.25
2012.01.03 15:07:56.941,1.56198,1.56211,1.88,3.00
2012.01.03 15:07:57.814,1.56198,1.56211,1.88,1.50
2012.01.03 15:07:58.417,1.56198,1.56212,1.88,2.04
2012.01.03 15:07:58.572,1.56199,1.56212,3.00,2.04
2012.01.03 15:07:58.648,1.562,1.56212,1.50,1.29
2012.01.03 15:07:59.005,1.56202,1.56212,1.50,1.29
2012.01.03 15:07:59.514,1.56201,1.56212,3.75,1.29
2012.01.03 15:08:00.044,1.56202,1.56212,1.50,1.29
2012.01.03 15:08:00.403,1.56204,1.56212,2.25,1.29
2012.01.03 15:08:03.163,1.56205,1.56216,1.50,3.00
2012.01.03 15:08:03.519,1.56209,1.56216,3.00,2.25
2012.01.03 15:08:04.050,1.56211,1.56219,3.75,1.50
2012.01.03 15:08:04.410,1.56213,1.56225,2.63,1.50
2012.01.03 15:08:04.487,1.56218,1.56228,1.88,3.00
2012.01.03 15:08:05.510,1.56218,1.56224,1.88,2.25
2012.01.03 15:08:06.077,1.56218,1.56224,1.88,2.25
2012.01.03 15:08:06.633,1.56218,1.56224,1.88,2.25
2012.01.03 15:08:07.178,1.56218,1.56226,1.88,2.25
2012.01.03 15:08:08.746,1.56213,1.56226,1.88,2.25
2012.01.03 15:08:09.155,1.56218,1.56225,1.88,3.00
2012.01.03 15:08:09.701,1.56218,1.56227,1.88,1.29
2012.01.03 15:08:10.745,1.56218,1.56226,1.88,2.25
2012.01.03 15:08:11.718,1.56218,1.56224,1.88,2.25
2012.01.03 15:08:11.810,1.56209,1.56219,1.84,1.29
2012.01.03 15:08:11.897,1.56208,1.56219,1.88,1.29
2012.01.03 15:08:11.980,1.56206,1.56212,1.50,1.29
2012.01.03 15:08:12.196,1.56205,1.56217,1.50,2.25
2012.01.03 15:08:12.403,1.56204,1.56219,1.50,3.53
2012.01.03 15:08:12.613,1.56202,1.56215,1.50,2.25
2012.01.03 15:08:14.642,1.56199,1.56212,1.50,1.28
2012.01.03 15:08:15.286,1.56198,1.56212,4.88,1.28
2012.01.03 15:08:15.846,1.56198,1.56212,4.88,1.28
2012.01.03 15:08:16.410,1.562,1.56212,2.25,1.28
2012.01.03 15:08:17.303,1.56198,1.56212,4.13,2.03
2012.01.03 15:08:17.748,1.56198,1.56212,4.13,2.03
2012.01.03 15:08:18.104,1.56198,1.56213,6.76,1.50
2012.01.03 15:08:18.634,1.56199,1.56214,1.50,3.00
2012.01.03 15:08:20.121,1.56199,1.56214,1.50,3.00
2012.01.03 15:08:21.681,1.56203,1.56209,1.88,2.25
2012.01.03 15:08:21.756,1.56199,1.56209,1.50,2.25
2012.01.03 15:08:22.221,1.56203,1.56211,1.88,1.50
2012.01.03 15:08:22.309,1.56203,1.56214,1.88,3.00
2012.01.03 15:08:22.388,1.56203,1.56214,1.88,3.00
2012.01.03 15:08:22.678,1.562,1.56212,1.50,2.03
2012.01.03 15:08:22.755,1.562,1.56212,2.25,1.28
2012.01.03 15:08:23.438,1.56199,1.56212,2.25,1.28
2012.01.03 15:08:24.137,1.56199,1.56212,2.25,1.28
2012.01.03 15:08:24.815,1.562,1.56212,2.25,1.28
2012.01.03 15:08:25.095,1.56203,1.56216,2.63,3.00
2012.01.03 15:08:28.512,1.56203,1.56216,1.88,3.00
2012.01.03 15:08:28.727,1.562,1.56212,2.25,2.03
2012.01.03 15:08:28.880,1.56198,1.5621,3.38,1.50
2012.01.03 15:08:28.959,1.56203,1.56214,1.88,5.04
2012.01.03 15:08:29.398,1.562,1.56205,2.63,2.25
2012.01.03 15:08:29.493,1.56208,1.56216,1.50,1.13
2012.01.03 15:08:29.578,1.56208,1.56216,2.25,1.13
2012.01.03 15:08:29.727,1.56208,1.5622,4.47,2.25
2012.01.03 15:08:29.875,1.56209,1.56222,1.50,1.28
2012.01.03 15:08:30.019,1.56213,1.56225,2.63,1.50
2012.01.03 15:08:30.572,1.56213,1.56226,2.63,2.63
2012.01.03 15:08:30.985,1.56213,1.56223,1.88,1.50
2012.01.03 15:08:31.498,1.56213,1.56225,1.88,1.50
2012.01.03 15:08:31.855,1.56208,1.56222,3.38,1.28
2012.01.03 15:08:32.202,1.56214,1.56222,1.50,1.28
2012.01.03 15:08:32.909,1.5621,1.56222,1.50,2.03
2012.01.03 15:08:32.995,1.5621,1.56222,1.50,2.03
2012.01.03 15:08:33.342,1.5621,1.56222,1.50,3.53
2012.01.03 15:08:33.415,1.56208,1.56222,2.63,3.53
2012.01.03 15:08:33.953,1.56208,1.56222,2.63,3.53
2012.01.03 15:08:34.091,1.56208,1.56222,1.88,3.53
2012.01.03 15:08:34.444,1.56208,1.56222,1.88,3.53
2012.01.03 15:08:34.571,1.56208,1.56222,1.88,3.53
2012.01.03 15:08:35.073,1.56208,1.56222,1.88,3.53
2012.01.03 15:08:35.740,1.56208,1.56222,1.88,3.53
2012.01.03 15:08:35.955,1.56205,1.56217,2.25,1.28
2012.01.03 15:08:36.506,1.56203,1.56217,3.38,1.28
2012.01.03 15:08:38.931,1.56203,1.56217,2.63,2.03
2012.01.03 15:08:39.009,1.56201,1.56207,2.25,1.13
2012.01.03 15:08:39.155,1.56201,1.56205,1.50,2.03
2012.01.03 15:08:39.231,1.56199,1.56205,3.00,2.03
2012.01.03 15:08:39.310,1.56201,1.5621,1.88,3.75
2012.01.03 15:08:39.384,1.56201,1.5621,1.88,2.04
2012.01.03 15:08:39.732,1.56198,1.56209,1.88,3.54
2012.01.03 15:08:39.874,1.56198,1.5621,1.88,3.00
2012.01.03 15:08:39.946,1.56191,1.56209,5.25,2.03
2012.01.03 15:08:40.491,1.56191,1.56209,4.88,2.03
2012.01.03 15:08:41.062,1.56191,1.56209,4.88,2.03
2012.01.03 15:08:41.665,1.56192,1.56197,2.25,1.28
2012.01.03 15:08:41.872,1.56191,1.56197,2.25,1.28
2012.01.03 15:08:42.435,1.56189,1.56197,2.25,1.28
2012.01.03 15:08:42.966,1.56189,1.56197,2.25,1.28
2012.01.03 15:08:43.533,1.56188,1.56197,1.50,1.28
2012.01.03 15:08:44.264,1.56189,1.56197,2.25,1.28
2012.01.03 15:08:44.488,1.56198,1.56203,1.88,1.50
2012.01.03 15:08:44.568,1.56198,1.56203,1.88,1.50
2012.01.03 15:08:44.652,1.56198,1.56207,1.88,1.50
2012.01.03 15:08:44.730,1.56192,1.56207,3.00,1.50
2012.01.03 15:08:44.877,1.56192,1.56208,3.00,2.25
2012.01.03 15:08:45.554,1.56192,1.56209,2.25,2.03
2012.01.03 15:08:46.842,1.56192,1.56209,2.25,2.03
2012.01.03 15:08:48.238,1.56194,1.56209,3.75,2.03
2012.01.03 15:08:48.323,1.56196,1.56209,2.25,1.28
2012.01.03 15:08:48.676,1.56202,1.56212,2.25,1.28
2012.01.03 15:08:50.100,1.56207,1.56212,1.13,1.28
2012.01.03 15:08:50.403,1.56209,1.56218,3.00,1.50
2012.01.03 15:08:50.979,1.56213,1.56225,2.63,1.88
2012.01.03 15:08:51.066,1.56213,1.56222,1.88,1.29
2012.01.03 15:08:51.140,1.56213,1.56221,1.88,1.50
2012.01.03 15:08:51.572,1.56207,1.56219,1.50,2.03
2012.01.03 15:08:52.115,1.56205,1.56219,2.25,2.03
2012.01.03 15:08:53.253,1.56205,1.56219,2.25,2.03
2012.01.03 15:08:54.271,1.56205,1.56219,2.25,2.03
2012.01.03 15:08:54.819,1.56205,1.56219,2.25,2.03
2012.01.03 15:08:55.982,1.56208,1.56222,1.88,2.56
2012.01.03 15:08:56.770,1.56203,1.56222,4.13,5.53
2012.01.03 15:08:57.225,1.56201,1.56217,6.00,2.41
2012.01.03 15:08:59.507,1.56203,1.56217,2.63,1.28
2012.01.03 15:09:00.064,1.56203,1.56217,2.63,2.03
2012.01.03 15:09:00.794,1.56203,1.56217,2.63,1.28
2012.01.03 15:09:01.291,1.56203,1.56214,1.88,2.82
2012.01.03 15:09:01.651,1.56203,1.56209,1.88,2.25
2012.01.03 15:09:01.795,1.56198,1.56209,2.63,2.25
2012.01.03 15:09:01.864,1.56198,1.56209,2.63,2.25
2012.01.03 15:09:02.004,1.56197,1.56206,1.50,1.13
2012.01.03 15:09:02.073,1.56197,1.56207,1.50,2.03
2012.01.03 15:09:02.730,1.56198,1.56208,1.88,1.13
2012.01.03 15:09:03.412,1.56198,1.56211,1.88,2.25
2012.01.03 15:09:03.839,1.56198,1.56211,2.63,2.25
2012.01.03 15:09:03.921,1.56198,1.56211,2.63,1.50
2012.01.03 15:09:04.717,1.56201,1.56211,3.00,1.50
2012.01.03 15:09:04.809,1.56203,1.56213,2.63,1.84
2012.01.03 15:09:05.165,1.56203,1.56212,1.88,1.09
2012.01.03 15:09:05.446,1.56196,1.56207,1.50,2.03
2012.01.03 15:09:05.949,1.56196,1.56207,1.50,2.03
2012.01.03 15:09:06.337,1.56193,1.56207,3.38,2.03
2012.01.03 15:09:06.554,1.56193,1.56207,2.63,2.03
2012.01.03 15:09:07.111,1.56193,1.56207,1.88,2.03
2012.01.03 15:09:07.664,1.56193,1.56207,2.63,1.28
2012.01.03 15:09:08.232,1.56193,1.56207,1.88,1.28
2012.01.03 15:09:08.792,1.56193,1.56207,1.88,1.28
2012.01.03 15:09:09.835,1.56193,1.56206,1.88,2.79
2012.01.03 15:09:10.340,1.56193,1.56207,1.88,2.56
2012.01.03 15:09:11.124,1.56193,1.56206,1.88,2.25
2012.01.03 15:09:11.818,1.56193,1.56207,1.88,2.03
2012.01.03 15:09:12.920,1.56193,1.56207,1.88,2.06
2012.01.03 15:09:13.274,1.56193,1.56206,1.88,3.38
2012.01.03 15:09:13.696,1.56191,1.56204,2.25,2.04
2012.01.03 15:09:14.297,1.56188,1.56202,1.88,1.28
2012.01.03 15:09:14.654,1.56188,1.56202,1.88,1.28
2012.01.03 15:09:15.216,1.56187,1.56201,2.25,2.79
2012.01.03 15:09:15.502,1.56184,1.562,2.25,2.25
2012.01.03 15:09:15.641,1.56184,1.562,1.50,2.25
2012.01.03 15:09:16.213,1.56183,1.562,1.88,2.25
2012.01.03 15:09:16.635,1.56183,1.56197,1.88,2.15
2012.01.03 15:09:16.975,1.56191,1.56197,2.25,1.28
2012.01.03 15:09:17.183,1.56186,1.56197,1.50,2.03
2012.01.03 15:09:17.395,1.56183,1.56197,1.88,2.03
2012.01.03 15:09:21.366,1.56183,1.56197,2.63,2.03
2012.01.03 15:09:22.292,1.56183,1.56197,2.63,2.03
2012.01.03 15:09:22.840,1.56183,1.56197,2.63,2.03
2012.01.03 15:09:25.745,1.56183,1.56197,2.63,2.03
2012.01.03 15:09:28.254,1.56188,1.562,1.88,3.00
2012.01.03 15:09:28.397,1.56188,1.56202,1.88,2.03
2012.01.03 15:09:28.682,1.56188,1.56202,2.63,2.03
2012.01.03 15:09:29.514,1.56188,1.56202,2.63,2.03
2012.01.03 15:09:29.588,1.56188,1.56202,2.63,1.28
2012.01.03 15:09:29.946,1.56193,1.56207,4.13,2.03
2012.01.03 15:09:30.154,1.56198,1.5621,1.88,5.43
2012.01.03 15:09:30.963,1.56198,1.5621,1.88,3.18
2012.01.03 15:09:31.211,1.56198,1.5621,1.88,3.18
2012.01.03 15:09:32.247,1.56198,1.5621,1.88,3.18
2012.01.03 15:09:32.614,1.56194,1.562,2.63,2.25
2012.01.03 15:09:32.690,1.56198,1.56205,1.88,3.54
2012.01.03 15:09:32.767,1.56188,1.562,3.38,2.25
2012.01.03 15:09:32.989,1.56188,1.562,3.38,2.25
2012.01.03 15:09:33.134,1.56188,1.562,2.63,2.25
2012.01.03 15:09:33.282,1.56188,1.56202,2.63,2.78
2012.01.03 15:09:33.632,1.5619,1.56202,1.09,1.28
2012.01.03 15:09:33.989,1.56198,1.56205,1.88,2.25
2012.01.03 15:09:34.487,1.56193,1.56206,1.88,2.25
2012.01.03 15:09:35.576,1.56193,1.56206,1.88,4.50
2012.01.03 15:09:35.727,1.56193,1.56206,2.63,4.50
2012.01.03 15:09:35.948,1.56198,1.56206,1.88,2.25
2012.01.03 15:09:36.502,1.56198,1.56207,1.88,2.25
2012.01.03 15:09:37.090,1.56199,1.56211,1.50,2.81
2012.01.03 15:09:37.251,1.562,1.56212,1.50,2.03
2012.01.03 15:09:39.705,1.56201,1.56212,1.50,1.28
2012.01.03 15:09:40.251,1.562,1.56212,1.50,2.03
2012.01.03 15:09:41.411,1.56201,1.56212,1.50,1.28
2012.01.03 15:09:41.923,1.56201,1.56212,2.25,1.28
2012.01.03 15:09:42.632,1.56203,1.56217,1.88,4.26
2012.01.03 15:09:43.172,1.56203,1.56217,1.88,3.71
2012.01.03 15:09:43.703,1.56203,1.56217,2.63,3.71
2012.01.03 15:09:44.054,1.56204,1.56217,1.50,2.21
2012.01.03 15:09:45.688,1.56204,1.56216,3.75,2.12
2012.01.03 15:09:46.260,1.56206,1.56216,3.75,1.28
2012.01.03 15:09:46.953,1.56204,1.56216,1.50,2.03
2012.01.03 15:09:48.002,1.56204,1.56216,1.50,2.03
2012.01.03 15:09:48.145,1.56204,1.56216,1.50,2.03
2012.01.03 15:09:48.486,1.56203,1.56213,2.63,2.25
2012.01.03 15:09:48.843,1.56204,1.56215,1.50,2.25
2012.01.03 15:09:48.984,1.56208,1.56215,1.88,2.25
2012.01.03 15:09:49.569,1.56207,1.56214,2.25,2.03
2012.01.03 15:09:49.656,1.56204,1.56213,1.88,2.25
2012.01.03 15:09:49.740,1.56208,1.56213,1.88,2.25
2012.01.03 15:09:49.888,1.56208,1.5622,1.88,1.50
2012.01.03 15:09:50.452,1.56208,1.56221,2.63,2.25
2012.01.03 15:09:50.722,1.56207,1.56217,4.50,1.28
2012.01.03 15:09:50.936,1.56208,1.5622,2.63,3.00
2012.01.03 15:09:51.156,1.56207,1.56217,3.75,1.28
2012.01.03 15:09:51.695,1.56209,1.56219,2.25,2.03
2012.01.03 15:09:52.244,1.5621,1.56223,1.88,3.00
2012.01.03 15:09:53.222,1.5621,1.56223,1.88,3.00
2012.01.03 15:09:54.270,1.5621,1.56223,1.88,4.50
2012.01.03 15:09:54.347,1.56207,1.56219,3.00,2.81
2012.01.03 15:09:54.498,1.56206,1.56213,1.50,2.25
2012.01.03 15:09:54.576,1.56206,1.56217,1.50,1.50
2012.01.03 15:09:54.655,1.56205,1.56217,2.63,2.25
2012.01.03 15:09:55.219,1.56205,1.56217,2.63,2.79
2012.01.03 15:09:55.966,1.56204,1.56217,1.50,3.53
2012.01.03 15:09:56.523,1.56204,1.56217,1.50,3.53
2012.01.03 15:09:57.082,1.56204,1.56217,1.50,3.53
2012.01.03 15:09:57.364,1.56204,1.56217,1.50,3.53
2012.01.03 15:09:57.914,1.56204,1.56217,1.50,2.03
2012.01.03 15:09:58.469,1.56204,1.56217,1.50,2.03
2012.01.03 15:09:58.831,1.56204,1.56216,1.50,2.04
2012.01.03 15:09:59.693,1.56204,1.56214,1.50,1.29
2012.01.03 15:10:00.157,1.56203,1.56214,2.63,1.29
2012.01.03 15:10:00.238,1.56201,1.56213,1.50,3.53
2012.01.03 15:10:00.679,1.56199,1.56212,3.38,1.29
2012.01.03 15:10:01.179,1.56202,1.56214,2.63,1.50
2012.01.03 15:10:02.013,1.56202,1.56214,2.63,2.25
2012.01.03 15:10:02.355,1.56202,1.56214,2.63,2.25
2012.01.03 15:10:03.142,1.56202,1.56214,2.63,2.25
2012.01.03 15:10:03.645,1.56203,1.56216,3.23,2.63
2012.01.03 15:10:03.789,1.56203,1.56216,2.48,2.63
2012.01.03 15:10:04.150,1.56202,1.5621,1.88,4.50
2012.01.03 15:10:04.297,1.56202,1.5621,1.88,4.50
2012.01.03 15:10:04.729,1.562,1.5621,2.25,1.50
2012.01.03 15:10:04.821,1.56199,1.56211,1.80,2.03
2012.01.03 15:10:04.969,1.56198,1.56211,1.05,1.28
2012.01.03 15:10:08.275,1.56202,1.56215,1.88,1.68
2012.01.03 15:10:08.624,1.56199,1.56211,4.50,2.03
2012.01.03 15:10:08.974,1.56202,1.56215,1.88,1.68
2012.01.03 15:10:09.532,1.56202,1.56215,1.88,1.31
2012.01.03 15:10:10.303,1.56202,1.56215,2.18,1.31
2012.01.03 15:10:10.641,1.562,1.56211,2.25,2.03
2012.01.03 15:10:11.203,1.56197,1.56211,3.75,2.03
2012.01.03 15:10:11.556,1.56197,1.56211,3.68,2.03
2012.01.03 15:10:12.455,1.56197,1.56211,2.93,3.69
2012.01.03 15:10:12.538,1.56197,1.56204,1.05,1.28
2012.01.03 15:10:12.891,1.56194,1.56203,1.50,1.50
2012.01.03 15:10:14.175,1.56193,1.56204,4.17,2.03
2012.01.03 15:10:14.385,1.56194,1.56204,1.13,1.28
2012.01.03 15:10:15.016,1.56195,1.56209,2.63,4.28
2012.01.03 15:10:15.099,1.56195,1.56209,2.25,5.03
2012.01.03 15:10:15.175,1.56194,1.56204,1.13,1.28
2012.01.03 15:10:15.248,1.56194,1.56207,1.13,1.28
2012.01.03 15:10:15.680,1.56194,1.56205,1.13,1.28
2012.01.03 15:10:16.082,1.56195,1.56205,1.88,1.28
2012.01.03 15:10:16.165,1.56195,1.56208,1.88,2.03
2012.01.03 15:10:16.726,1.56196,1.56211,1.13,2.96
2012.01.03 15:10:17.226,1.56195,1.562,1.50,1.50
2012.01.03 15:10:17.306,1.56188,1.56193,1.99,3.00
2012.01.03 15:10:17.375,1.5619,1.56196,1.50,3.00
2012.01.03 15:10:17.589,1.56197,1.56202,1.88,1.29
2012.01.03 15:10:17.732,1.56197,1.56204,1.88,1.50
2012.01.03 15:10:18.019,1.56192,1.56202,3.75,1.50
2012.01.03 15:10:18.107,1.56192,1.56205,3.00,2.25
2012.01.03 15:10:18.328,1.56194,1.56205,1.50,2.25
2012.01.03 15:10:18.688,1.56196,1.56206,1.13,1.28
2012.01.03 15:10:19.244,1.56195,1.56206,1.50,1.28
2012.01.03 15:10:19.928,1.56197,1.56206,1.13,1.28
2012.01.03 15:10:20.423,1.56192,1.56206,2.63,2.03
2012.01.03 15:10:20.641,1.56192,1.56203,2.25,3.00
2012.01.03 15:10:20.785,1.56189,1.56202,3.38,2.03
2012.01.03 15:10:21.137,1.56192,1.56206,2.25,3.53
2012.01.03 15:10:21.218,1.56191,1.56201,1.13,1.28
2012.01.03 15:10:21.753,1.56192,1.56201,1.13,1.28
2012.01.03 15:10:22.254,1.56193,1.56204,1.50,1.28
2012.01.03 15:10:22.394,1.56193,1.56204,1.88,1.28
2012.01.03 15:10:22.463,1.56193,1.56207,3.75,1.28
2012.01.03 15:10:22.610,1.56193,1.56207,2.63,2.03
2012.01.03 15:10:22.755,1.56193,1.56205,1.88,2.25
2012.01.03 15:10:23.315,1.56193,1.56207,1.88,3.53
2012.01.03 15:10:23.871,1.56193,1.56205,1.88,2.25
2012.01.03 15:10:25.091,1.56193,1.56205,2.33,2.25
2012.01.03 15:10:25.952,1.56193,1.56205,3.08,1.50
2012.01.03 15:10:26.491,1.56194,1.56206,1.65,2.03
2012.01.03 15:10:31.840,1.56193,1.56206,1.28,2.03
2012.01.03 15:10:32.142,1.56193,1.56206,1.28,2.03
2012.01.03 15:10:32.352,1.56194,1.56206,1.20,2.03
2012.01.03 15:10:33.761,1.56195,1.56207,1.28,3.53
2012.01.03 15:10:34.290,1.56196,1.56207,1.28,1.28
2012.01.03 15:10:35.466,1.56196,1.56204,1.28,1.28
2012.01.03 15:10:35.822,1.56194,1.56202,1.28,1.28
2012.01.03 15:10:36.697,1.56194,1.56202,1.28,1.28
2012.01.03 15:10:37.616,1.56194,1.56202,1.28,1.28
2012.01.03 15:10:38.221,1.56194,1.56202,1.28,1.28
2012.01.03 15:10:38.963,1.56194,1.56202,1.28,1.28
2012.01.03 15:10:39.390,1.56191,1.56202,1.05,2.03
2012.01.03 15:10:39.736,1.56185,1.56196,2.25,2.03
2012.01.03 15:10:39.820,1.56182,1.56194,1.88,3.54
2012.01.03 15:10:39.902,1.56182,1.56193,3.15,2.25
2012.01.03 15:10:40.326,1.56175,1.56191,1.05,4.81
2012.01.03 15:10:40.546,1.56175,1.56191,1.28,4.06
2012.01.03 15:10:40.919,1.56175,1.56186,1.28,1.28
2012.01.03 15:10:41.007,1.56175,1.56186,1.28,1.28
2012.01.03 15:10:41.216,1.56175,1.56181,1.28,1.28
2012.01.03 15:10:41.720,1.56171,1.56181,1.28,1.28
2012.01.03 15:10:42.413,1.56167,1.56181,5.03,1.28
2012.01.03 15:10:43.065,1.56167,1.56181,5.10,1.28
2012.01.03 15:10:43.618,1.56167,1.56181,5.10,1.28
2012.01.03 15:10:44.153,1.56167,1.56181,5.10,1.28
2012.01.03 15:10:44.684,1.56168,1.56181,1.35,1.28
2012.01.03 15:10:45.210,1.56167,1.56181,5.10,2.03
2012.01.03 15:10:45.755,1.56167,1.56181,5.10,1.62
2012.01.03 15:10:46.301,1.56167,1.56181,5.10,2.37
2012.01.03 15:10:46.444,1.56167,1.56176,3.23,1.28
2012.01.03 15:10:46.851,1.56162,1.56176,4.92,1.28
2012.01.03 15:10:47.114,1.56162,1.56176,2.63,2.03
2012.01.03 15:10:47.187,1.5616,1.56176,4.50,3.16
2012.01.03 15:10:48.626,1.56157,1.56175,5.10,1.50
2012.01.03 15:10:49.042,1.56157,1.56174,5.10,1.65
2012.01.03 15:10:49.606,1.56159,1.56175,1.13,2.07
2012.01.03 15:10:49.820,1.5615,1.56168,3.75,1.13
2012.01.03 15:10:49.970,1.56155,1.56166,1.50,5.94
2012.01.03 15:10:50.290,1.56155,1.56164,2.10,2.04
2012.01.03 15:10:50.380,1.56146,1.56156,1.73,2.41
2012.01.03 15:10:50.605,1.56137,1.56156,1.50,5.00
2012.01.03 15:10:50.813,1.56137,1.56154,4.35,2.04
2012.01.03 15:10:51.299,1.56137,1.56154,4.35,2.25
2012.01.03 15:10:51.923,1.56137,1.56154,2.85,3.00
2012.01.03 15:10:52.861,1.56137,1.56154,3.00,2.25
2012.01.03 15:10:53.864,1.56137,1.56151,3.00,1.28
2012.01.03 15:10:54.371,1.56137,1.56151,3.00,1.28
2012.01.03 15:10:55.249,1.56137,1.56151,3.00,2.03
2012.01.03 15:10:56.392,1.56137,1.56151,2.63,3.53
2012.01.03 15:10:56.744,1.56137,1.56151,2.63,3.87
2012.01.03 15:10:57.275,1.56137,1.5615,2.63,3.00
2012.01.03 15:10:57.779,1.56137,1.5615,1.88,2.25
2012.01.03 15:10:58.303,1.56137,1.56146,1.88,2.79
2012.01.03 15:10:58.845,1.56137,1.56146,1.88,2.79
2012.01.03 15:10:58.983,1.56134,1.56146,1.50,3.31
2012.01.03 15:10:59.125,1.56132,1.56145,4.13,1.50
2012.01.03 15:10:59.336,1.56132,1.56144,1.88,1.29
2012.01.03 15:10:59.481,1.56125,1.56143,3.00,3.00
2012.01.03 15:10:59.557,1.56127,1.56142,5.25,1.29
2012.01.03 15:11:00.145,1.56127,1.56142,5.25,1.50
2012.01.03 15:11:00.431,1.56127,1.5614,3.00,2.04
2012.01.03 15:11:00.647,1.56124,1.56138,3.00,1.29
2012.01.03 15:11:00.794,1.56124,1.56136,2.25,3.16
2012.01.03 15:11:01.217,1.56117,1.56131,1.88,2.41
2012.01.03 15:11:01.294,1.56117,1.56131,2.63,2.41
2012.01.03 15:11:01.715,1.56117,1.56121,1.13,1.28
2012.01.03 15:11:01.856,1.56109,1.56121,1.50,1.28
2012.01.03 15:11:01.929,1.56117,1.56125,1.88,1.50
2012.01.03 15:11:02.300,1.56117,1.56131,1.88,2.78
2012.01.03 15:11:02.806,1.56117,1.56131,2.63,1.28
2012.01.03 15:11:05.155,1.56119,1.56131,1.50,1.81
2012.01.03 15:11:05.436,1.56115,1.56128,1.50,1.28
2012.01.03 15:11:05.507,1.56117,1.56131,2.63,4.99
2012.01.03 15:11:05.586,1.56118,1.56131,1.50,4.61
2012.01.03 15:11:07.107,1.5612,1.56131,1.50,1.28
2012.01.03 15:11:07.470,1.56122,1.56136,2.63,1.28
2012.01.03 15:11:07.690,1.56127,1.56138,1.88,1.88
2012.01.03 15:11:08.277,1.56123,1.56131,1.50,1.28
2012.01.03 15:11:08.564,1.56123,1.56131,1.50,1.28
2012.01.03 15:11:08.842,1.56124,1.56136,1.50,2.63
2012.01.03 15:11:08.984,1.56122,1.56131,1.50,1.28
2012.01.03 15:11:09.194,1.56122,1.56131,1.50,1.28
2012.01.03 15:11:09.269,1.56122,1.56136,3.38,3.53
2012.01.03 15:11:09.631,1.56135,1.56142,1.50,1.31
2012.01.03 15:11:09.972,1.56135,1.56145,2.25,2.39
2012.01.03 15:11:10.060,1.56135,1.56146,2.25,1.28
2012.01.03 15:11:10.604,1.56135,1.56145,2.25,1.50
2012.01.03 15:11:12.598,1.56135,1.56146,2.25,1.28
2012.01.03 15:11:13.168,1.56135,1.56146,2.25,1.28
2012.01.03 15:11:14.044,1.56135,1.56146,2.25,1.13
2012.01.03 15:11:14.126,1.56135,1.56141,2.25,1.28
2012.01.03 15:11:14.626,1.56132,1.56141,3.00,1.28
2012.01.03 15:11:15.125,1.56134,1.56146,2.25,1.13
2012.01.03 15:11:15.272,1.56134,1.56146,2.63,1.28
2012.01.03 15:11:15.705,1.56136,1.56146,1.13,1.28
2012.01.03 15:11:16.196,1.56137,1.56146,1.50,1.28
2012.01.03 15:11:16.752,1.56136,1.56146,1.50,1.28
2012.01.03 15:11:18.950,1.56139,1.56146,1.13,1.28
2012.01.03 15:11:19.304,1.56142,1.56149,1.50,3.75
2012.01.03 15:11:19.835,1.56138,1.56146,1.50,1.28
2012.01.03 15:11:19.980,1.56137,1.56146,2.25,1.28
2012.01.03 15:11:20.131,1.56136,1.56146,1.50,1.28
2012.01.03 15:11:20.699,1.56137,1.56146,1.50,1.28
2012.01.03 15:11:20.851,1.56135,1.56146,2.25,3.53
2012.01.03 15:11:24.991,1.56137,1.56146,1.50,1.28
2012.01.03 15:11:25.528,1.56141,1.56151,1.50,1.28
2012.01.03 15:11:25.943,1.56141,1.56146,1.50,1.28
2012.01.03 15:11:26.295,1.56137,1.56146,2.63,1.28
2012.01.03 15:11:26.858,1.56137,1.56146,1.13,1.28
2012.01.03 15:11:27.387,1.56137,1.56146,1.13,1.28
2012.01.03 15:11:27.876,1.56137,1.56146,1.13,1.28
2012.01.03 15:11:28.227,1.56137,1.56141,1.50,1.28
2012.01.03 15:11:28.447,1.56135,1.56141,1.50,1.28
2012.01.03 15:11:29.402,1.56132,1.56141,1.50,1.28
2012.01.03 15:11:29.970,1.56132,1.56141,1.50,1.28
2012.01.03 15:11:30.843,1.56132,1.56146,1.50,1.13
2012.01.03 15:11:32.603,1.56132,1.56141,1.50,1.28
2012.01.03 15:11:33.137,1.56132,1.56146,1.50,1.13
2012.01.03 15:11:33.693,1.56132,1.56141,3.00,1.28
2012.01.03 15:11:35.997,1.56132,1.56141,3.00,1.28
2012.01.03 15:11:36.520,1.56136,1.56146,1.50,1.28
2012.01.03 15:11:38.808,1.56135,1.56146,1.50,1.28
2012.01.03 15:11:38.899,1.56137,1.56141,1.88,1.29
2012.01.03 15:11:39.116,1.56137,1.56146,1.50,4.28
2012.01.03 15:11:39.681,1.56137,1.56146,1.50,1.28
2012.01.03 15:11:46.145,1.56137,1.56146,1.50,1.28
2012.01.03 15:11:46.215,1.56137,1.56146,1.50,1.28
2012.01.03 15:11:46.773,1.56137,1.56146,3.00,1.28
2012.01.03 15:11:47.341,1.56137,1.56146,3.00,1.28
2012.01.03 15:11:47.882,1.56137,1.56146,3.00,1.28
2012.01.03 15:11:51.173,1.56137,1.56146,2.25,1.28
2012.01.03 15:11:52.224,1.56137,1.56146,2.25,1.28
2012.01.03 15:11:52.901,1.56137,1.56147,2.25,1.28
2012.01.03 15:11:54.939,1.56141,1.56152,2.25,1.62
2012.01.03 15:11:55.545,1.56143,1.56153,1.50,2.25
2012.01.03 15:11:55.966,1.56145,1.56156,1.50,1.28
2012.01.03 15:11:56.104,1.56146,1.56159,1.50,3.53
2012.01.03 15:11:56.177,1.56153,1.56159,3.38,2.25
2012.01.03 15:11:56.331,1.56153,1.56164,2.63,3.00
2012.01.03 15:11:56.546,1.56154,1.56167,1.50,2.03
2012.01.03 15:11:56.755,1.56155,1.56162,1.50,1.28
2012.01.03 15:11:57.272,1.56151,1.56162,1.50,1.28
2012.01.03 15:11:57.824,1.56151,1.56161,1.50,1.28
2012.01.03 15:11:58.034,1.56151,1.56161,1.50,1.28
2012.01.03 15:11:58.585,1.5615,1.56161,1.50,1.28
2012.01.03 15:11:59.166,1.5615,1.56161,1.50,1.28
2012.01.03 15:11:59.733,1.5615,1.56162,1.50,1.28
2012.01.03 15:12:00.084,1.5615,1.56162,1.50,1.28
2012.01.03 15:12:00.365,1.5615,1.56161,1.50,1.29
2012.01.03 15:12:00.918,1.5615,1.56161,1.50,1.29
2012.01.03 15:12:01.275,1.56145,1.56159,2.25,2.25
2012.01.03 15:12:01.616,1.56151,1.56163,1.13,3.54
2012.01.03 15:12:01.699,1.56151,1.56166,1.13,3.75
2012.01.03 15:12:01.849,1.56154,1.56166,2.63,1.28
2012.01.03 15:12:02.402,1.56158,1.56166,1.50,1.28
2012.01.03 15:12:02.612,1.56158,1.56166,1.50,1.28
2012.01.03 15:12:02.684,1.56158,1.56166,1.50,1.28
2012.01.03 15:12:02.900,1.56155,1.56166,1.50,1.28
2012.01.03 15:12:03.324,1.56158,1.5617,1.50,2.25
2012.01.03 15:12:03.933,1.56158,1.5617,1.50,2.25
2012.01.03 15:12:04.265,1.56158,1.5617,1.50,2.25
2012.01.03 15:12:04.685,1.56158,1.56166,1.50,2.25
2012.01.03 15:12:04.754,1.56158,1.56166,1.50,2.25
2012.01.03 15:12:05.003,1.56158,1.56171,1.50,1.28
2012.01.03 15:12:05.643,1.56158,1.56171,1.50,1.28
2012.01.03 15:12:05.999,1.56163,1.56176,2.25,1.28
2012.01.03 15:12:06.357,1.56163,1.56178,2.25,2.03
2012.01.03 15:12:06.703,1.56162,1.56178,1.50,4.28
2012.01.03 15:12:06.844,1.5616,1.56174,2.63,1.50
2012.01.03 15:12:07.342,1.5616,1.56176,2.63,2.25
2012.01.03 15:12:08.035,1.5616,1.56175,2.63,1.50
2012.01.03 15:12:08.306,1.5616,1.56177,2.63,2.25
2012.01.03 15:12:08.376,1.5616,1.56175,2.63,1.50
2012.01.03 15:12:08.463,1.5616,1.56177,2.63,3.75
2012.01.03 15:12:09.046,1.5616,1.56177,2.63,2.25
2012.01.03 15:12:09.792,1.5616,1.56178,4.13,2.78
2012.01.03 15:12:10.300,1.5616,1.56178,4.13,2.78
2012.01.03 15:12:10.988,1.56162,1.56178,2.25,2.78
2012.01.03 15:12:11.836,1.5616,1.56176,2.63,2.25
2012.01.03 15:12:13.553,1.5616,1.56178,2.63,4.28
2012.01.03 15:12:13.758,1.56161,1.56178,1.54,4.28
2012.01.03 15:12:14.113,1.56164,1.56176,1.50,2.03
2012.01.03 15:12:14.660,1.56162,1.56175,2.63,3.75
2012.01.03 15:12:15.125,1.56157,1.56171,1.88,3.53
2012.01.03 15:12:15.474,1.56154,1.56166,2.25,1.28
2012.01.03 15:12:15.685,1.56157,1.56169,1.88,3.00
2012.01.03 15:12:15.896,1.56154,1.56166,2.25,2.03
2012.01.03 15:12:16.445,1.56153,1.56166,1.50,1.28
2012.01.03 15:12:17.012,1.56153,1.56166,1.50,2.03
2012.01.03 15:12:17.954,1.56152,1.56166,4.13,1.28
2012.01.03 15:12:21.807,1.56154,1.56166,1.88,1.28
2012.01.03 15:12:21.890,1.56157,1.56169,2.63,2.25
2012.01.03 15:12:21.968,1.56158,1.56171,2.59,1.28
2012.01.03 15:12:22.438,1.56163,1.56171,2.25,1.28
2012.01.03 15:12:22.526,1.56163,1.56176,2.25,1.28
2012.01.03 15:12:23.075,1.56162,1.56176,2.63,2.03
2012.01.03 15:12:24.142,1.56162,1.56176,2.63,2.03
2012.01.03 15:12:25.081,1.56163,1.56176,2.25,2.03
2012.01.03 15:12:25.613,1.56162,1.56176,2.63,2.03
2012.01.03 15:12:26.173,1.56162,1.56176,2.63,2.03
2012.01.03 15:12:28.501,1.56162,1.56175,2.63,1.20
2012.01.03 15:12:28.720,1.56157,1.56169,4.13,1.29
2012.01.03 15:12:28.868,1.56157,1.56169,3.38,1.29
2012.01.03 15:12:29.408,1.56154,1.56166,1.13,5.94
2012.01.03 15:12:29.707,1.56153,1.56166,1.50,5.41
2012.01.03 15:12:30.942,1.56153,1.56164,1.50,2.25
2012.01.03 15:12:31.354,1.56154,1.56166,1.50,5.03
2012.01.03 15:12:31.893,1.56154,1.56166,1.50,5.56
2012.01.03 15:12:32.475,1.56154,1.56166,1.50,4.81
2012.01.03 15:12:32.981,1.56154,1.56166,1.50,3.53
2012.01.03 15:12:33.835,1.56154,1.56166,1.50,4.81
2012.01.03 15:12:34.182,1.56161,1.56166,1.50,3.00
2012.01.03 15:12:34.472,1.56161,1.56169,3.00,2.25
2012.01.03 15:12:34.545,1.56161,1.56171,3.00,2.56
2012.01.03 15:12:35.097,1.56161,1.56169,2.25,2.79
2012.01.03 15:12:35.517,1.56161,1.56169,2.25,2.79
2012.01.03 15:12:36.044,1.56161,1.56169,2.25,4.29
2012.01.03 15:12:36.742,1.56161,1.56169,2.25,2.79
2012.01.03 15:12:37.166,1.56161,1.56166,1.50,1.28
2012.01.03 15:12:37.236,1.56154,1.56166,1.50,1.28
2012.01.03 15:12:37.442,1.56154,1.56166,1.50,2.56
2012.01.03 15:12:37.644,1.56154,1.56166,1.50,2.03
2012.01.03 15:12:39.126,1.56154,1.56166,3.00,1.28
2012.01.03 15:12:39.662,1.56154,1.56166,3.75,1.28
2012.01.03 15:12:42.186,1.56156,1.56166,2.25,1.28
2012.01.03 15:12:42.256,1.56157,1.56169,2.63,2.79
2012.01.03 15:12:42.322,1.5616,1.56169,1.50,2.25
2012.01.03 15:12:43.396,1.56161,1.56169,2.25,2.25
2012.01.03 15:12:43.593,1.56154,1.56166,3.00,1.28
2012.01.03 15:12:44.111,1.56155,1.56166,2.25,1.28
2012.01.03 15:12:45.114,1.56157,1.56166,2.25,1.28
2012.01.03 15:12:45.824,1.56157,1.56166,2.25,1.28
2012.01.03 15:12:46.364,1.56157,1.56166,2.25,1.28
2012.01.03 15:12:48.183,1.56157,1.56166,2.25,1.28
2012.01.03 15:12:48.762,1.56157,1.56166,2.25,1.28
2012.01.03 15:12:51.450,1.56155,1.56169,2.25,4.47
2012.01.03 15:12:51.522,1.56161,1.56169,2.25,4.47
2012.01.03 15:12:52.571,1.56161,1.56169,2.25,3.75
2012.01.03 15:12:53.011,1.56155,1.56166,1.13,1.28
2012.01.03 15:12:53.151,1.56155,1.56166,2.25,2.03
2012.01.03 15:12:55.933,1.56154,1.56166,1.50,2.56
2012.01.03 15:12:56.824,1.56153,1.56166,1.50,2.56
2012.01.03 15:12:57.352,1.56153,1.56166,1.50,2.56
2012.01.03 15:12:58.692,1.56153,1.56166,1.50,2.56
2012.01.03 15:12:59.733,1.56153,1.56166,1.50,2.56
2012.01.03 15:13:00.064,1.56153,1.56166,1.50,2.56
2012.01.03 15:13:00.516,1.56153,1.56164,1.50,1.81
2012.01.03 15:13:00.662,1.56153,1.56164,1.50,2.03
2012.01.03 15:13:01.122,1.56152,1.56164,2.25,1.28
2012.01.03 15:13:01.265,1.56155,1.56166,1.13,2.41
2012.01.03 15:13:01.333,1.56155,1.56166,1.13,2.94
2012.01.03 15:13:03.043,1.56152,1.56164,2.25,1.81
2012.01.03 15:13:03.577,1.56152,1.56162,2.25,1.13
2012.01.03 15:13:03.940,1.56147,1.56152,3.00,1.13
2012.01.03 15:13:04.301,1.56143,1.5615,1.13,1.29
2012.01.03 15:13:04.379,1.56141,1.56146,1.13,1.28
2012.01.03 15:13:04.757,1.56138,1.56146,1.50,1.28
2012.01.03 15:13:04.975,1.56132,1.56146,4.13,1.28
2012.01.03 15:13:05.964,1.56134,1.56146,2.25,1.28
2012.01.03 15:13:06.649,1.56134,1.56146,2.25,1.28
2012.01.03 15:13:07.182,1.56134,1.56146,2.25,1.28
2012.01.03 15:13:07.690,1.56134,1.56146,2.25,1.28
2012.01.03 15:13:08.357,1.56134,1.56146,2.25,1.28
2012.01.03 15:13:09.023,1.56134,1.56146,2.25,1.28
2012.01.03 15:13:09.921,1.56132,1.56146,6.38,1.28
2012.01.03 15:13:10.140,1.56132,1.56146,5.63,1.28
2012.01.03 15:13:10.796,1.56132,1.56146,4.13,1.28
2012.01.03 15:13:11.206,1.56132,1.56141,2.25,1.28
2012.01.03 15:13:11.703,1.56129,1.56141,2.25,1.28
2012.01.03 15:13:12.231,1.56127,1.56141,5.22,1.28
2012.01.03 15:13:12.587,1.56135,1.56144,1.88,1.29
2012.01.03 15:13:13.142,1.56141,1.56146,1.50,2.04
2012.01.03 15:13:13.218,1.56137,1.56145,1.50,1.29
2012.01.03 15:13:13.296,1.5613,1.56141,4.50,1.28
2012.01.03 15:13:13.901,1.56128,1.56141,1.13,1.28
2012.01.03 15:13:14.445,1.56129,1.56141,2.25,1.28
2012.01.03 15:13:14.992,1.56129,1.56141,2.25,1.28
2012.01.03 15:13:16.802,1.56127,1.56141,3.38,1.28
2012.01.03 15:13:17.495,1.56131,1.56141,2.25,1.28
2012.01.03 15:13:17.693,1.56133,1.56144,2.25,1.28
2012.01.03 15:13:19.181,1.56133,1.56144,2.25,1.28
2012.01.03 15:13:20.085,1.56133,1.56144,2.25,1.28
2012.01.03 15:13:20.512,1.56133,1.56144,2.25,1.28
2012.01.03 15:13:21.061,1.56133,1.56144,2.25,1.28
2012.01.03 15:13:23.633,1.56132,1.56145,3.75,1.28
2012.01.03 15:13:24.744,1.56131,1.56141,2.63,1.84
2012.01.03 15:13:24.883,1.56131,1.56138,1.50,1.09
2012.01.03 15:13:25.880,1.56131,1.56139,2.25,2.25
2012.01.03 15:13:26.437,1.56131,1.56139,2.25,2.25
2012.01.03 15:13:29.559,1.56131,1.56139,1.50,3.00
2012.01.03 15:13:30.435,1.56129,1.56136,1.50,2.22
2012.01.03 15:13:30.507,1.56125,1.56134,1.88,1.13
2012.01.03 15:13:30.585,1.56123,1.56132,1.88,1.29
2012.01.03 15:13:30.733,1.56121,1.56131,1.50,1.29
2012.01.03 15:13:31.017,1.56115,1.56127,3.00,1.28
2012.01.03 15:13:31.438,1.56116,1.56127,2.25,1.28
2012.01.03 15:13:31.727,1.56114,1.56127,2.25,2.18
2012.01.03 15:13:32.228,1.56113,1.56126,2.63,2.19
2012.01.03 15:13:32.902,1.56113,1.56126,1.88,3.69
2012.01.03 15:13:33.454,1.56112,1.56126,2.63,3.46
2012.01.03 15:13:33.978,1.5611,1.56121,3.00,1.28
2012.01.03 15:13:34.401,1.56107,1.56121,2.63,1.28
2012.01.03 15:13:35.019,1.56108,1.56121,2.25,1.28
2012.01.03 15:13:35.175,1.56107,1.56121,2.63,3.35
2012.01.03 15:13:35.250,1.56107,1.56116,4.13,1.29
2012.01.03 15:13:35.824,1.56102,1.56116,3.38,2.56
2012.01.03 15:13:36.442,1.56102,1.56116,2.63,2.56
2012.01.03 15:13:37.424,1.56102,1.56116,2.63,2.56
2012.01.03 15:13:38.454,1.56102,1.56116,2.63,3.31
2012.01.03 15:13:38.959,1.56102,1.56116,2.63,2.56
2012.01.03 15:13:40.661,1.56102,1.56116,2.63,3.31
2012.01.03 15:13:41.769,1.56102,1.56116,2.63,2.56
2012.01.03 15:13:42.373,1.56103,1.56116,2.63,2.04
2012.01.03 15:13:42.891,1.56103,1.56116,2.63,2.04
2012.01.03 15:13:42.963,1.56103,1.56112,2.63,1.50
2012.01.03 15:13:43.233,1.561,1.56111,3.00,1.29
2012.01.03 15:13:43.773,1.56097,1.56107,3.00,1.28
2012.01.03 15:13:44.294,1.56095,1.56107,1.13,1.28
2012.01.03 15:13:44.511,1.56098,1.56109,2.66,2.25
2012.01.03 15:13:44.582,1.56098,1.56111,2.66,1.65
2012.01.03 15:13:45.136,1.56095,1.56107,2.63,1.28
2012.01.03 15:13:45.489,1.56095,1.56102,1.13,1.28
2012.01.03 15:13:46.024,1.56095,1.56102,1.13,1.28
2012.01.03 15:13:46.166,1.56088,1.56102,3.38,1.28
2012.01.03 15:13:46.551,1.56088,1.56102,2.63,1.28
2012.01.03 15:13:47.095,1.56088,1.56102,2.63,1.28
2012.01.03 15:13:47.445,1.56088,1.56102,2.63,2.03
2012.01.03 15:13:47.774,1.56088,1.56101,1.88,3.00
2012.01.03 15:13:48.312,1.56088,1.56099,1.88,1.13
2012.01.03 15:13:48.670,1.56088,1.56095,1.88,1.29
2012.01.03 15:13:49.213,1.56088,1.56095,1.88,1.29
2012.01.03 15:13:50.094,1.56088,1.56095,1.88,1.29
2012.01.03 15:13:50.994,1.56083,1.56093,2.03,2.25
2012.01.03 15:13:51.222,1.56083,1.56091,1.88,1.50
2012.01.03 15:13:51.579,1.56078,1.56091,3.38,2.04
2012.01.03 15:13:52.003,1.56078,1.56091,1.88,2.04
2012.01.03 15:13:53.224,1.56078,1.56091,4.13,2.04
2012.01.03 15:13:54.345,1.56078,1.56091,1.88,2.04
2012.01.03 15:13:54.711,1.56078,1.56091,3.76,1.29
2012.01.03 15:13:55.375,1.56081,1.56093,2.25,1.50
2012.01.03 15:13:55.655,1.56081,1.56093,3.00,1.50
2012.01.03 15:13:55.799,1.56078,1.56093,1.88,1.50
2012.01.03 15:13:55.878,1.56078,1.5609,3.76,1.29
2012.01.03 15:13:56.029,1.56081,1.56094,2.25,1.29
2012.01.03 15:13:56.110,1.56081,1.56093,2.25,1.50
2012.01.03 15:13:56.544,1.56078,1.56092,2.63,2.56
2012.01.03 15:13:56.687,1.56078,1.56092,2.63,2.56
2012.01.03 15:13:57.005,1.56083,1.56092,1.88,1.29
2012.01.03 15:13:57.303,1.56088,1.56095,1.88,3.16
2012.01.03 15:13:58.555,1.56083,1.56095,1.88,1.50
2012.01.03 15:13:59.142,1.56088,1.56095,1.88,1.50
2012.01.03 15:14:00.046,1.56083,1.56093,1.88,2.25
2012.01.03 15:14:00.259,1.56083,1.56095,1.88,3.75
2012.01.03 15:14:00.337,1.56083,1.56095,3.34,2.25
2012.01.03 15:14:00.414,1.56083,1.56093,3.34,2.25
2012.01.03 15:14:00.623,1.56083,1.56096,3.34,2.25
2012.01.03 15:14:01.857,1.56084,1.56096,1.13,2.25
2012.01.03 15:14:02.221,1.56093,1.561,1.88,3.54
2012.01.03 15:14:02.440,1.56088,1.56101,1.88,4.50
2012.01.03 15:14:02.514,1.56088,1.561,2.63,3.00
2012.01.03 15:14:02.585,1.56088,1.56098,2.63,2.25
2012.01.03 15:14:02.655,1.56088,1.561,2.63,3.00
2012.01.03 15:14:02.864,1.56088,1.56098,1.88,1.50
2012.01.03 15:14:03.242,1.56088,1.561,2.63,3.00
2012.01.03 15:14:03.583,1.56088,1.56098,1.88,2.25
2012.01.03 15:14:03.933,1.56083,1.56093,3.00,3.00
2012.01.03 15:14:04.366,1.56081,1.56091,2.63,2.25
2012.01.03 15:14:04.796,1.5608,1.56091,2.25,2.79
2012.01.03 15:14:05.162,1.56078,1.5609,1.88,2.04
2012.01.03 15:14:05.865,1.56078,1.5609,1.88,2.04
2012.01.03 15:14:05.936,1.56076,1.56089,4.13,1.09
2012.01.03 15:14:06.075,1.56076,1.56086,2.25,1.50
2012.01.03 15:14:06.353,1.56071,1.56082,1.50,2.03
2012.01.03 15:14:06.904,1.56067,1.56077,2.63,1.50
2012.01.03 15:14:07.225,1.56066,1.56073,1.50,1.16
2012.01.03 15:14:07.341,1.56061,1.56068,1.95,2.03
2012.01.03 15:14:07.629,1.56059,1.56068,1.50,1.28
2012.01.03 15:14:07.849,1.5606,1.56068,1.50,1.28
2012.01.03 15:14:08.211,1.56063,1.56075,2.63,2.79
2012.01.03 15:14:08.525,1.56063,1.56075,2.63,1.29
2012.01.03 15:14:09.025,1.56063,1.56077,4.13,2.03
2012.01.03 15:14:09.520,1.56063,1.56077,4.13,2.03
2012.01.03 15:14:09.738,1.56068,1.5608,2.63,3.87
2012.01.03 15:14:09.816,1.56068,1.5608,2.63,1.29
2012.01.03 15:14:10.226,1.56068,1.56078,2.63,1.50
2012.01.03 15:14:10.305,1.56068,1.56081,1.88,2.04
2012.01.03 15:14:11.066,1.56068,1.56081,1.88,1.29
2012.01.03 15:14:11.684,1.56068,1.56082,1.88,2.06
2012.01.03 15:14:11.963,1.56068,1.56082,2.63,2.06
2012.01.03 15:14:12.270,1.56068,1.5608,2.63,1.84
2012.01.03 15:14:12.626,1.56064,1.56073,1.50,2.25
2012.01.03 15:14:13.186,1.56063,1.56072,1.50,1.28
2012.01.03 15:14:13.606,1.56061,1.56072,2.25,2.03
2012.01.03 15:14:14.091,1.56059,1.56072,2.25,2.03
2012.01.03 15:14:14.175,1.56061,1.56072,1.50,2.03
2012.01.03 15:14:14.984,1.56059,1.56072,3.00,2.03
2012.01.03 15:14:16.477,1.56061,1.56072,1.50,2.03
2012.01.03 15:14:16.555,1.56062,1.56072,1.13,1.28
2012.01.03 15:14:17.095,1.56061,1.56072,1.50,2.03
2012.01.03 15:14:17.235,1.56059,1.56072,2.25,2.03
2012.01.03 15:14:17.770,1.56059,1.56072,1.50,2.03
2012.01.03 15:14:18.784,1.56059,1.56072,2.25,2.03
2012.01.03 15:14:19.320,1.56058,1.56072,2.63,2.03
2012.01.03 15:14:20.301,1.56058,1.56072,2.63,2.03
2012.01.03 15:14:20.445,1.56063,1.56076,1.88,4.29
2012.01.03 15:14:20.981,1.56063,1.56074,1.88,2.25
2012.01.03 15:14:21.533,1.56063,1.56074,1.88,2.40
2012.01.03 15:14:21.611,1.56058,1.56072,2.63,1.28
2012.01.03 15:14:22.310,1.56059,1.56072,2.25,2.03
2012.01.03 15:14:22.879,1.56058,1.56072,3.38,1.28
2012.01.03 15:14:22.954,1.56063,1.56076,1.88,2.25
2012.01.03 15:14:23.553,1.56063,1.56077,1.88,2.03
2012.01.03 15:14:24.294,1.56063,1.56077,1.88,2.03
2012.01.03 15:14:25.414,1.56063,1.56077,1.88,3.53
2012.01.03 15:14:27.463,1.56063,1.56076,1.88,1.05
2012.01.03 15:14:28.711,1.56063,1.56076,1.88,1.05
2012.01.03 15:14:29.220,1.56063,1.56077,1.88,2.03
2012.01.03 15:14:30.161,1.56063,1.56077,2.63,2.03
2012.01.03 15:14:30.832,1.56069,1.56077,2.25,2.03
2012.01.03 15:14:31.193,1.56071,1.56077,2.25,1.28
2012.01.03 15:14:31.262,1.56066,1.56077,3.75,1.28
2012.01.03 15:14:31.778,1.56068,1.56082,1.88,2.03
2012.01.03 15:14:31.927,1.56068,1.56082,1.88,2.41
2012.01.03 15:14:32.355,1.56063,1.56078,1.88,2.25
2012.01.03 15:14:32.708,1.56063,1.56077,1.88,2.03
2012.01.03 15:14:33.184,1.56068,1.5608,1.88,3.75
2012.01.03 15:14:33.523,1.56068,1.5608,1.88,2.63
2012.01.03 15:14:34.134,1.56068,1.56077,1.88,2.25
2012.01.03 15:14:34.696,1.5606,1.56072,3.75,1.28
2012.01.03 15:14:34.891,1.56058,1.56067,2.25,1.28
2012.01.03 15:14:35.247,1.56058,1.56069,3.38,2.25
2012.01.03 15:14:35.587,1.56058,1.56072,3.38,2.03
2012.01.03 15:14:35.676,1.56055,1.56067,3.00,1.28
2012.01.03 15:14:36.225,1.56055,1.56067,3.00,1.28
2012.01.03 15:14:36.932,1.56059,1.56067,1.50,1.28
2012.01.03 15:14:37.640,1.56057,1.56067,2.25,1.28
2012.01.03 15:14:38.183,1.56059,1.56067,1.50,1.28
2012.01.03 15:14:38.254,1.56059,1.56069,1.50,3.00
2012.01.03 15:14:38.540,1.56059,1.56072,2.63,2.03
2012.01.03 15:14:38.845,1.56068,1.56073,2.63,2.25
2012.01.03 15:14:39.573,1.56069,1.56082,1.50,2.78
2012.01.03 15:14:40.085,1.56068,1.56082,1.88,2.78
2012.01.03 15:14:40.437,1.56068,1.56082,2.63,2.78
2012.01.03 15:14:40.654,1.56068,1.56082,4.88,2.78
2012.01.03 15:14:40.723,1.56068,1.56082,4.13,2.78
2012.01.03 15:14:40.792,1.56068,1.56082,3.38,2.78
2012.01.03 15:14:41.277,1.56067,1.56074,2.25,2.03
2012.01.03 15:14:41.782,1.56061,1.56072,1.50,1.28
2012.01.03 15:14:41.992,1.56059,1.56072,1.50,3.53
2012.01.03 15:14:42.065,1.56058,1.56072,2.63,3.53
2012.01.03 15:14:42.414,1.56054,1.56067,3.38,1.28
2012.01.03 15:14:43.001,1.56054,1.56067,1.88,1.28
2012.01.03 15:14:43.584,1.56054,1.56067,1.95,1.28
2012.01.03 15:14:44.495,1.56055,1.56067,2.40,1.28
2012.01.03 15:14:44.700,1.56058,1.5607,2.63,2.25
2012.01.03 15:14:45.205,1.56059,1.56072,2.25,2.03
2012.01.03 15:14:45.733,1.56058,1.56072,2.63,2.03
2012.01.03 15:14:46.265,1.56058,1.56072,2.63,2.03
2012.01.03 15:14:46.592,1.56058,1.56072,2.63,1.28
2012.01.03 15:14:46.935,1.56063,1.56075,1.88,2.79
2012.01.03 15:14:47.493,1.56063,1.56073,1.88,2.25
2012.01.03 15:14:47.810,1.56068,1.56076,1.88,2.25
2012.01.03 15:14:49.042,1.56068,1.56077,1.88,2.25
2012.01.03 15:14:49.661,1.56073,1.56079,3.38,1.50
2012.01.03 15:14:49.749,1.56068,1.56082,4.13,1.28
2012.01.03 15:14:50.293,1.56068,1.56082,4.13,1.28
2012.01.03 15:14:50.845,1.56068,1.56082,4.13,1.28
2012.01.03 15:14:51.321,1.56068,1.56082,2.63,2.03
2012.01.03 15:14:52.573,1.56068,1.56082,2.63,1.28
2012.01.03 15:14:53.136,1.56068,1.56082,2.63,1.28
2012.01.03 15:14:53.933,1.56068,1.56082,2.63,1.28
2012.01.03 15:14:54.664,1.56068,1.56082,2.63,1.28
2012.01.03 15:14:54.805,1.56068,1.56082,2.63,2.03
2012.01.03 15:14:55.620,1.56073,1.56087,1.88,3.53
2012.01.03 15:14:55.764,1.56069,1.56082,2.25,1.28
2012.01.03 15:14:57.483,1.56068,1.56082,2.63,1.28
2012.01.03 15:14:58.035,1.56073,1.56086,1.88,2.25
2012.01.03 15:14:58.862,1.56073,1.56086,1.88,2.25
2012.01.03 15:14:59.416,1.56073,1.56086,1.88,2.25
2012.01.03 15:15:00.122,1.56073,1.56086,1.88,2.25
2012.01.03 15:15:00.807,1.56073,1.56087,1.88,2.03
2012.01.03 15:15:01.456,1.56073,1.56086,2.63,2.25
2012.01.03 15:15:02.145,1.56073,1.56087,1.88,2.03
2012.01.03 15:15:02.637,1.56074,1.56087,2.25,2.03
2012.01.03 15:15:02.785,1.56073,1.56087,1.88,3.53
2012.01.03 15:15:03.264,1.56073,1.56087,1.88,3.53
2012.01.03 15:15:03.839,1.56073,1.56087,1.88,3.53
2012.01.03 15:15:03.984,1.56073,1.56087,2.63,3.53
2012.01.03 15:15:04.386,1.56083,1.56087,1.88,1.50
2012.01.03 15:15:04.608,1.56084,1.56094,5.72,1.38
2012.01.03 15:15:04.688,1.56088,1.56096,2.63,1.58
2012.01.03 15:15:04.762,1.56084,1.56092,1.63,1.28
2012.01.03 15:15:04.985,1.56084,1.56092,2.25,1.28
2012.01.03 15:15:05.126,1.5608,1.56092,2.25,2.03
2012.01.03 15:15:06.092,1.56079,1.56092,2.25,1.28
2012.01.03 15:15:06.994,1.56081,1.56092,1.13,1.28
2012.01.03 15:15:07.596,1.56078,1.56086,2.63,3.00
2012.01.03 15:15:07.899,1.56078,1.56085,1.88,2.25
2012.01.03 15:15:08.248,1.56073,1.56085,1.88,2.25
2012.01.03 15:15:08.680,1.56078,1.56088,1.88,2.25
2012.01.03 15:15:08.826,1.56078,1.56088,1.88,1.50
2012.01.03 15:15:09.199,1.56078,1.56092,2.63,4.28
2012.01.03 15:15:09.287,1.56079,1.56092,1.50,2.78
2012.01.03 15:15:09.790,1.56079,1.56092,2.25,1.28
2012.01.03 15:15:10.605,1.56079,1.56092,2.25,2.78
2012.01.03 15:15:10.688,1.56081,1.56085,2.25,1.28
2012.01.03 15:15:10.909,1.56083,1.5609,1.88,1.13
2012.01.03 15:15:11.325,1.56083,1.56096,1.88,2.25
2012.01.03 15:15:11.394,1.56083,1.56096,1.88,2.25
2012.01.03 15:15:11.532,1.56087,1.56096,1.88,2.25
2012.01.03 15:15:11.888,1.56084,1.56092,3.75,1.28
2012.01.03 15:15:13.104,1.56082,1.56092,1.50,1.28
2012.01.03 15:15:13.893,1.56083,1.56093,1.50,1.28
2012.01.03 15:15:14.242,1.56084,1.56098,2.63,2.78
2012.01.03 15:15:14.781,1.56084,1.56098,2.63,3.53
2012.01.03 15:15:15.168,1.56084,1.56098,2.63,2.03
2012.01.03 15:15:15.904,1.56083,1.56093,1.50,1.28
2012.01.03 15:15:16.044,1.56079,1.56093,4.35,4.28
2012.01.03 15:15:16.583,1.56079,1.56093,2.10,4.28
2012.01.03 15:15:16.806,1.56079,1.56093,4.39,4.28
2012.01.03 15:15:16.951,1.56084,1.56095,1.88,2.25
2012.01.03 15:15:17.296,1.56084,1.56097,2.63,2.25
2012.01.03 15:15:17.383,1.56088,1.56098,1.50,1.28
2012.01.03 15:15:17.533,1.56089,1.561,2.63,2.25
2012.01.03 15:15:17.829,1.56089,1.56103,3.38,4.28
2012.01.03 15:15:19.407,1.56089,1.56103,2.63,4.28
2012.01.03 15:15:19.965,1.56089,1.56103,3.38,4.28
2012.01.03 15:15:21.042,1.56089,1.56103,2.63,4.62
2012.01.03 15:15:21.258,1.56087,1.56098,3.75,1.28
2012.01.03 15:15:21.619,1.56084,1.56098,4.13,3.53
2012.01.03 15:15:21.823,1.56084,1.56098,2.63,3.53
2012.01.03 15:15:22.339,1.56084,1.56098,1.88,3.53
2012.01.03 15:15:22.552,1.56084,1.56098,2.63,2.03
2012.01.03 15:15:23.153,1.56084,1.56098,2.63,2.03
2012.01.03 15:15:24.404,1.56084,1.56098,3.38,1.28
2012.01.03 15:15:24.953,1.56084,1.56098,2.63,2.03
