2012.01.13 10:00:00.165,1.53565,1.53577,1.13,5.25
2012.01.13 10:00:00.377,1.53567,1.53577,3.00,1.50
2012.01.13 10:00:00.455,1.53567,1.53581,4.50,2.25
2012.01.13 10:00:00.966,1.53569,1.53582,1.50,1.50
2012.01.13 10:00:01.041,1.53567,1.53581,4.50,2.25
2012.01.13 10:00:01.487,1.53567,1.53581,4.50,2.25
2012.01.13 10:00:01.790,1.53567,1.53579,3.00,1.50
2012.01.13 10:00:01.863,1.53569,1.53582,2.25,1.50
2012.01.13 10:00:02.485,1.53567,1.53581,4.50,1.50
2012.01.13 10:00:03.482,1.53567,1.5358,4.50,5.25
2012.01.13 10:00:03.837,1.53562,1.53575,3.00,1.50
2012.01.13 10:00:03.912,1.53562,1.53575,3.00,2.25
2012.01.13 10:00:05.224,1.53563,1.53577,2.25,3.00
2012.01.13 10:00:06.209,1.53569,1.53577,1.50,1.50
2012.01.13 10:00:06.298,1.53569,1.53583,3.00,6.84
2012.01.13 10:00:06.380,1.5357,1.53583,1.88,4.50
2012.01.13 10:00:06.455,1.53573,1.53583,1.50,3.75
2012.01.13 10:00:06.606,1.53576,1.53583,1.50,2.25
2012.01.13 10:00:06.760,1.53572,1.53583,2.25,2.25
2012.01.13 10:00:06.910,1.53572,1.53586,4.50,2.25
2012.01.13 10:00:06.986,1.53572,1.53583,3.00,1.50
2012.01.13 10:00:07.055,1.53572,1.53585,4.50,2.25
2012.01.13 10:00:07.696,1.53572,1.53586,4.50,1.50
2012.01.13 10:00:07.983,1.53572,1.53584,3.00,1.50
2012.01.13 10:00:08.573,1.53572,1.53584,3.00,1.50
2012.01.13 10:00:09.114,1.53572,1.53586,4.50,3.00
2012.01.13 10:00:10.013,1.53575,1.53588,2.25,3.75
2012.01.13 10:00:10.629,1.53573,1.53587,3.00,1.50
2012.01.13 10:00:10.717,1.5358,1.53594,3.00,1.50
2012.01.13 10:00:11.246,1.53582,1.53594,3.75,1.50
2012.01.13 10:00:11.562,1.53582,1.53592,3.00,1.50
2012.01.13 10:00:12.059,1.53584,1.53598,1.50,4.50
2012.01.13 10:00:12.493,1.53582,1.53596,5.25,2.25
2012.01.13 10:00:13.533,1.53582,1.53594,3.00,1.50
2012.01.13 10:00:14.373,1.53582,1.53594,3.00,2.25
2012.01.13 10:00:14.898,1.53582,1.53594,3.00,1.50
2012.01.13 10:00:17.553,1.53582,1.53594,3.75,2.25
2012.01.13 10:00:18.711,1.53582,1.53594,3.75,1.50
2012.01.13 10:00:18.857,1.53582,1.53596,5.25,2.25
2012.01.13 10:00:19.646,1.53583,1.53596,2.93,2.25
2012.01.13 10:00:21.474,1.53583,1.53594,2.93,1.50
2012.01.13 10:00:22.357,1.53586,1.53597,3.00,3.00
2012.01.13 10:00:22.657,1.53586,1.53597,1.50,2.18
2012.01.13 10:00:23.225,1.53588,1.53598,2.93,1.50
2012.01.13 10:00:25.943,1.53588,1.53598,2.63,1.50
2012.01.13 10:00:26.205,1.53588,1.536,2.63,3.00
2012.01.13 10:00:26.711,1.53588,1.536,2.63,1.50
2012.01.13 10:00:27.583,1.53588,1.536,2.63,1.50
2012.01.13 10:00:28.121,1.53588,1.536,3.38,1.50
2012.01.13 10:00:29.197,1.53588,1.536,2.63,1.50
2012.01.13 10:00:29.752,1.53588,1.536,3.38,1.50
2012.01.13 10:00:30.298,1.5359,1.53602,1.50,2.63
2012.01.13 10:00:30.446,1.53594,1.53602,2.25,4.13
2012.01.13 10:00:30.520,1.53588,1.53602,4.88,3.38
2012.01.13 10:00:30.810,1.53588,1.536,4.88,1.50
2012.01.13 10:00:31.483,1.53588,1.536,3.38,2.25
2012.01.13 10:00:31.838,1.53588,1.53602,4.88,3.38
2012.01.13 10:00:32.453,1.5359,1.53602,2.25,1.88
2012.01.13 10:00:32.810,1.53596,1.53604,1.13,1.50
2012.01.13 10:00:32.962,1.53598,1.53608,1.88,2.25
2012.01.13 10:00:33.463,1.53599,1.5361,1.50,1.13
2012.01.13 10:00:33.967,1.53599,1.53608,1.50,1.50
2012.01.13 10:00:34.186,1.53597,1.53607,2.25,1.88
2012.01.13 10:00:34.400,1.53594,1.53603,2.25,1.50
2012.01.13 10:00:34.546,1.53594,1.53605,2.03,3.00
2012.01.13 10:00:34.814,1.53594,1.53607,2.03,4.88
2012.01.13 10:00:35.194,1.53594,1.53607,2.78,4.13
2012.01.13 10:00:35.708,1.53593,1.53603,2.63,2.25
2012.01.13 10:00:35.843,1.53592,1.53602,2.25,2.63
2012.01.13 10:00:35.916,1.53592,1.53602,2.25,2.63
2012.01.13 10:00:36.063,1.53589,1.53599,3.75,2.25
2012.01.13 10:00:36.417,1.53588,1.53599,1.88,3.00
2012.01.13 10:00:36.709,1.53588,1.53595,1.88,1.50
2012.01.13 10:00:37.070,1.53588,1.53595,4.88,2.25
2012.01.13 10:00:37.146,1.53588,1.53595,2.63,2.25
2012.01.13 10:00:37.423,1.53586,1.53594,4.50,3.00
2012.01.13 10:00:37.968,1.53585,1.53589,2.63,2.25
2012.01.13 10:00:38.057,1.53588,1.53595,1.88,3.09
2012.01.13 10:00:38.140,1.53588,1.53595,1.88,3.00
2012.01.13 10:00:38.499,1.53586,1.53599,7.50,3.00
2012.01.13 10:00:39.566,1.53588,1.536,3.38,3.00
2012.01.13 10:00:39.636,1.53592,1.53601,2.25,1.59
2012.01.13 10:00:39.712,1.53592,1.53602,2.25,2.25
2012.01.13 10:00:39.783,1.53592,1.53602,2.25,2.25
2012.01.13 10:00:40.489,1.53592,1.53602,2.25,2.25
2012.01.13 10:00:40.575,1.53592,1.53602,2.25,2.25
2012.01.13 10:00:41.001,1.53588,1.53602,3.38,4.88
2012.01.13 10:00:41.148,1.53587,1.53597,2.25,1.50
2012.01.13 10:00:41.441,1.53581,1.53592,1.50,1.88
2012.01.13 10:00:41.518,1.53583,1.53593,1.88,1.50
2012.01.13 10:00:41.805,1.53583,1.53596,3.38,1.50
2012.01.13 10:00:42.573,1.53583,1.53596,3.38,2.25
2012.01.13 10:00:43.748,1.53588,1.53596,1.88,2.25
2012.01.13 10:00:43.896,1.53588,1.53596,1.88,1.50
2012.01.13 10:00:44.454,1.53588,1.53595,1.88,1.50
2012.01.13 10:00:44.728,1.53588,1.53592,1.88,2.25
2012.01.13 10:00:45.013,1.53588,1.53596,1.88,3.00
2012.01.13 10:00:45.155,1.53588,1.53594,1.88,3.00
2012.01.13 10:00:45.604,1.53583,1.53592,3.75,1.88
2012.01.13 10:00:45.909,1.53583,1.5359,4.13,4.50
2012.01.13 10:00:45.986,1.53583,1.53588,4.13,3.00
2012.01.13 10:00:46.057,1.53585,1.5359,1.88,4.50
2012.01.13 10:00:46.141,1.53582,1.53588,1.13,3.00
2012.01.13 10:00:46.223,1.53578,1.53592,4.88,4.50
2012.01.13 10:00:46.428,1.53578,1.5359,3.38,6.00
2012.01.13 10:00:46.651,1.53578,1.53587,2.25,1.88
2012.01.13 10:00:46.796,1.53578,1.5359,1.88,2.25
2012.01.13 10:00:46.866,1.53578,1.5359,2.63,2.25
2012.01.13 10:00:47.820,1.53588,1.53592,1.88,1.50
2012.01.13 10:00:47.895,1.53588,1.53598,3.38,6.00
2012.01.13 10:00:47.982,1.53593,1.53598,1.88,3.00
2012.01.13 10:00:48.063,1.53593,1.53602,1.88,2.25
2012.01.13 10:00:48.276,1.53593,1.53602,1.88,2.25
2012.01.13 10:00:48.889,1.53593,1.53603,1.88,2.25
2012.01.13 10:00:49.696,1.53593,1.53603,2.63,2.25
2012.01.13 10:00:49.930,1.53592,1.53602,3.00,2.63
2012.01.13 10:00:50.077,1.53589,1.53601,1.50,2.25
2012.01.13 10:00:50.644,1.53588,1.53599,2.63,1.50
2012.01.13 10:00:51.283,1.53588,1.53599,1.88,2.25
2012.01.13 10:00:51.432,1.53591,1.53599,4.50,2.25
2012.01.13 10:00:51.789,1.53591,1.53597,1.50,1.88
2012.01.13 10:00:51.871,1.53588,1.53597,2.25,1.88
2012.01.13 10:00:52.014,1.53586,1.53597,2.25,1.88
2012.01.13 10:00:52.294,1.53584,1.53596,1.50,2.25
2012.01.13 10:00:52.718,1.53588,1.53596,1.88,2.25
2012.01.13 10:00:53.592,1.53588,1.53596,1.88,2.25
2012.01.13 10:00:53.936,1.53588,1.53598,1.88,2.25
2012.01.13 10:00:54.007,1.53584,1.53597,3.75,2.63
2012.01.13 10:00:54.366,1.53582,1.53596,4.50,2.25
2012.01.13 10:00:54.926,1.53582,1.53594,3.00,1.50
2012.01.13 10:00:55.838,1.53582,1.53596,4.50,2.25
2012.01.13 10:00:55.928,1.53582,1.53593,2.25,2.25
2012.01.13 10:00:56.496,1.53582,1.53593,3.00,2.25
2012.01.13 10:00:56.848,1.53583,1.53597,2.25,3.38
2012.01.13 10:00:57.386,1.53583,1.53593,1.50,1.50
2012.01.13 10:00:57.617,1.53583,1.53595,1.50,2.25
2012.01.13 10:00:58.324,1.53583,1.53593,1.50,1.50
2012.01.13 10:00:58.792,1.53583,1.53595,1.50,3.75
2012.01.13 10:00:58.863,1.53583,1.53593,1.50,1.50
2012.01.13 10:00:59.428,1.53582,1.53593,2.25,3.00
2012.01.13 10:01:00.034,1.53582,1.53589,2.25,2.25
2012.01.13 10:01:00.349,1.53575,1.53582,1.13,2.25
2012.01.13 10:01:02.034,1.53576,1.53584,1.88,2.25
2012.01.13 10:01:02.936,1.53576,1.53584,1.88,2.25
2012.01.13 10:01:03.123,1.53576,1.53584,1.88,2.25
2012.01.13 10:01:05.872,1.53576,1.53584,1.88,2.25
2012.01.13 10:01:06.382,1.53576,1.53582,1.88,1.50
2012.01.13 10:01:08.056,1.53576,1.53582,1.88,2.25
2012.01.13 10:01:09.795,1.53576,1.53582,1.88,2.25
2012.01.13 10:01:10.078,1.53572,1.53583,3.00,2.25
2012.01.13 10:01:10.156,1.53572,1.53582,2.25,1.50
2012.01.13 10:01:10.298,1.53569,1.53582,1.50,1.50
2012.01.13 10:01:10.375,1.53567,1.53581,3.75,2.25
2012.01.13 10:01:10.661,1.53568,1.53581,1.50,2.25
2012.01.13 10:01:11.270,1.53571,1.53582,1.88,3.00
2012.01.13 10:01:11.802,1.53572,1.53582,2.25,2.25
2012.01.13 10:01:12.316,1.53572,1.53582,2.25,2.25
2012.01.13 10:01:12.851,1.53572,1.53584,2.25,3.00
2012.01.13 10:01:13.385,1.53572,1.53584,2.25,3.00
2012.01.13 10:01:13.664,1.53572,1.53584,2.25,3.00
2012.01.13 10:01:15.152,1.53572,1.53582,2.25,2.25
2012.01.13 10:01:15.711,1.53572,1.53582,2.25,2.25
2012.01.13 10:01:15.852,1.53572,1.53584,2.25,3.00
2012.01.13 10:01:16.422,1.53572,1.53584,2.25,2.63
2012.01.13 10:01:17.454,1.53572,1.53584,3.75,1.13
2012.01.13 10:01:17.667,1.53572,1.53585,4.50,1.50
2012.01.13 10:01:18.264,1.53577,1.53585,3.00,6.38
2012.01.13 10:01:18.340,1.53572,1.53583,1.50,3.00
2012.01.13 10:01:18.416,1.53571,1.53583,2.25,3.00
2012.01.13 10:01:18.690,1.53569,1.53581,2.25,1.50
2012.01.13 10:01:19.677,1.53572,1.53581,2.25,1.50
2012.01.13 10:01:20.259,1.53576,1.53585,1.88,3.00
2012.01.13 10:01:20.797,1.53576,1.53585,1.88,2.25
2012.01.13 10:01:23.795,1.53576,1.53585,1.88,2.25
2012.01.13 10:01:24.140,1.5357,1.53575,1.79,7.88
2012.01.13 10:01:24.218,1.53561,1.53573,2.25,3.75
2012.01.13 10:01:24.297,1.53559,1.5357,3.38,1.84
2012.01.13 10:01:24.578,1.53563,1.53574,1.50,1.59
2012.01.13 10:01:24.653,1.53565,1.53575,1.50,3.09
2012.01.13 10:01:25.429,1.53566,1.53579,1.88,3.46
2012.01.13 10:01:25.986,1.53566,1.53579,1.88,2.63
2012.01.13 10:01:26.341,1.53566,1.53576,1.88,2.25
2012.01.13 10:01:26.419,1.53566,1.53576,1.88,2.25
2012.01.13 10:01:26.640,1.53564,1.53578,1.50,5.34
2012.01.13 10:01:26.788,1.53566,1.53578,1.50,3.84
2012.01.13 10:01:27.377,1.53562,1.53576,3.75,2.25
2012.01.13 10:01:27.705,1.53564,1.53578,1.50,6.84
2012.01.13 10:01:27.965,1.53566,1.53578,1.88,5.34
2012.01.13 10:01:28.106,1.53567,1.53578,2.25,1.59
2012.01.13 10:01:28.243,1.53567,1.53578,2.25,1.50
2012.01.13 10:01:28.785,1.53568,1.53581,1.50,3.00
2012.01.13 10:01:28.914,1.5357,1.53581,1.50,3.00
2012.01.13 10:01:29.123,1.53568,1.53581,1.50,4.50
2012.01.13 10:01:30.080,1.53568,1.53581,1.88,4.50
2012.01.13 10:01:30.596,1.53568,1.53579,1.88,2.25
2012.01.13 10:01:31.706,1.53567,1.53577,3.75,2.63
2012.01.13 10:01:31.850,1.53567,1.53577,2.25,4.13
2012.01.13 10:01:32.481,1.53558,1.53563,1.88,2.25
2012.01.13 10:01:32.581,1.53546,1.53557,1.50,2.63
2012.01.13 10:01:32.728,1.53546,1.53556,1.50,1.50
2012.01.13 10:01:32.948,1.53544,1.53556,1.50,3.00
2012.01.13 10:01:33.027,1.53544,1.53556,1.50,3.00
2012.01.13 10:01:33.578,1.53543,1.53556,1.88,4.50
2012.01.13 10:01:33.998,1.53548,1.53556,1.88,3.00
2012.01.13 10:01:34.668,1.53547,1.53556,3.75,1.50
2012.01.13 10:01:34.981,1.53543,1.53556,1.88,3.00
2012.01.13 10:01:35.504,1.53544,1.53556,1.50,3.00
2012.01.13 10:01:36.034,1.53543,1.53556,1.88,4.59
2012.01.13 10:01:36.454,1.53544,1.53556,1.50,3.00
2012.01.13 10:01:36.720,1.53548,1.53556,1.88,1.50
2012.01.13 10:01:36.800,1.53548,1.53556,1.88,1.50
2012.01.13 10:01:37.411,1.53548,1.53557,3.38,1.59
2012.01.13 10:01:37.494,1.53548,1.5356,3.38,1.88
2012.01.13 10:01:38.164,1.53548,1.5356,1.88,3.38
2012.01.13 10:01:38.713,1.53548,1.5356,1.88,3.38
2012.01.13 10:01:39.221,1.53548,1.5356,1.88,3.38
2012.01.13 10:01:39.914,1.53548,1.5356,1.88,3.38
2012.01.13 10:01:39.986,1.53548,1.5356,1.88,3.38
2012.01.13 10:01:40.534,1.53548,1.5356,1.88,3.38
2012.01.13 10:01:41.062,1.53548,1.5356,1.88,3.38
2012.01.13 10:01:41.996,1.53548,1.5356,3.38,1.88
2012.01.13 10:01:42.506,1.53548,1.5356,1.88,3.38
2012.01.13 10:01:42.925,1.53548,1.5356,1.88,3.38
2012.01.13 10:01:43.063,1.53548,1.5356,1.88,3.38
2012.01.13 10:01:44.171,1.53548,1.5356,1.88,3.38
2012.01.13 10:01:47.358,1.53548,1.5356,1.88,3.00
2012.01.13 10:01:47.541,1.53548,1.53559,1.88,1.13
2012.01.13 10:01:47.883,1.53544,1.53556,1.50,3.00
2012.01.13 10:01:47.959,1.53544,1.53556,1.50,3.00
2012.01.13 10:01:48.104,1.53544,1.53556,1.50,2.25
2012.01.13 10:01:48.433,1.53544,1.53556,1.50,1.50
2012.01.13 10:01:48.646,1.53544,1.53556,1.50,1.50
2012.01.13 10:01:49.065,1.53544,1.53556,1.50,1.50
2012.01.13 10:01:49.905,1.53548,1.53557,3.00,3.38
2012.01.13 10:01:50.404,1.53546,1.53557,1.50,2.63
2012.01.13 10:01:50.814,1.53544,1.53556,1.50,1.50
2012.01.13 10:01:51.443,1.53543,1.53557,4.13,5.63
2012.01.13 10:01:52.222,1.53543,1.53555,2.63,1.50
2012.01.13 10:01:52.380,1.53543,1.53555,2.63,1.50
2012.01.13 10:01:52.677,1.53543,1.53555,2.63,1.50
2012.01.13 10:01:53.234,1.53543,1.53557,4.13,5.63
2012.01.13 10:01:55.644,1.53543,1.53556,4.13,1.50
2012.01.13 10:01:55.998,1.5353,1.53538,1.50,2.22
2012.01.13 10:01:56.078,1.53526,1.53538,3.75,2.22
2012.01.13 10:01:56.227,1.53526,1.53538,2.25,5.22
2012.01.13 10:01:56.427,1.53526,1.53536,1.50,2.25
2012.01.13 10:01:56.506,1.53524,1.53532,3.75,1.88
2012.01.13 10:01:56.993,1.53523,1.53535,2.63,1.50
2012.01.13 10:01:57.245,1.53523,1.53535,2.63,3.00
2012.01.13 10:01:57.832,1.53527,1.53533,4.88,2.25
2012.01.13 10:01:58.387,1.53523,1.53535,2.63,2.25
2012.01.13 10:01:58.524,1.53523,1.53537,4.13,7.88
2012.01.13 10:01:58.665,1.53528,1.53537,1.88,3.75
2012.01.13 10:01:58.875,1.53528,1.5354,2.63,2.25
2012.01.13 10:01:58.943,1.53528,1.5354,2.63,1.50
2012.01.13 10:02:00.345,1.53528,1.53539,2.63,4.50
2012.01.13 10:02:00.489,1.53526,1.53533,1.50,4.13
2012.01.13 10:02:00.636,1.53519,1.53533,4.88,7.88
2012.01.13 10:02:01.161,1.53514,1.53527,1.50,4.13
2012.01.13 10:02:01.518,1.53518,1.53528,1.88,2.25
2012.01.13 10:02:01.667,1.53518,1.53531,4.13,1.50
2012.01.13 10:02:01.735,1.53518,1.53532,5.63,4.13
2012.01.13 10:02:01.949,1.5352,1.53532,2.25,2.63
2012.01.13 10:02:02.503,1.5352,1.53532,2.25,2.63
2012.01.13 10:02:02.585,1.5352,1.53531,1.50,1.50
2012.01.13 10:02:02.659,1.53518,1.53531,5.63,1.50
2012.01.13 10:02:03.193,1.53518,1.53529,3.38,1.50
2012.01.13 10:02:03.354,1.53518,1.53531,4.13,2.25
2012.01.13 10:02:03.707,1.53518,1.5353,4.13,1.50
2012.01.13 10:02:03.786,1.53518,1.53531,4.13,1.50
2012.01.13 10:02:03.857,1.5352,1.53531,1.50,1.50
2012.01.13 10:02:04.219,1.53524,1.53532,1.50,2.63
2012.01.13 10:02:04.795,1.53524,1.53531,1.50,1.50
2012.01.13 10:02:04.885,1.53523,1.53536,2.63,3.00
2012.01.13 10:02:04.956,1.53523,1.53536,1.88,3.00
2012.01.13 10:02:05.212,1.53523,1.53536,2.63,3.00
2012.01.13 10:02:06.323,1.53523,1.53536,2.63,2.25
2012.01.13 10:02:10.171,1.53524,1.53537,2.25,2.63
2012.01.13 10:02:10.737,1.53523,1.53536,2.63,2.25
2012.01.13 10:02:14.370,1.53524,1.53537,2.35,2.63
2012.01.13 10:02:14.872,1.53526,1.53537,2.25,2.63
2012.01.13 10:02:15.191,1.53526,1.53537,3.00,2.63
2012.01.13 10:02:15.935,1.53528,1.53537,3.00,2.63
2012.01.13 10:02:16.647,1.53533,1.53542,2.63,1.09
2012.01.13 10:02:16.741,1.53539,1.5355,2.25,1.13
2012.01.13 10:02:16.884,1.53539,1.53552,2.25,1.88
2012.01.13 10:02:17.368,1.53539,1.53552,2.25,2.25
2012.01.13 10:02:17.440,1.53538,1.53551,3.38,2.20
2012.01.13 10:02:17.589,1.53532,1.53537,1.50,1.50
2012.01.13 10:02:17.952,1.53527,1.53537,1.09,1.88
2012.01.13 10:02:18.819,1.53525,1.53536,2.25,1.50
2012.01.13 10:02:18.900,1.53528,1.53541,2.63,2.34
2012.01.13 10:02:18.979,1.53528,1.53541,2.63,3.00
2012.01.13 10:02:19.194,1.53528,1.53539,2.63,1.50
2012.01.13 10:02:19.544,1.53523,1.5353,3.00,1.50
2012.01.13 10:02:19.615,1.5352,1.5353,2.25,1.50
2012.01.13 10:02:19.687,1.53517,1.53527,3.00,1.88
2012.01.13 10:02:20.244,1.53514,1.53527,2.63,2.63
2012.01.13 10:02:20.941,1.53514,1.53527,2.25,2.63
2012.01.13 10:02:21.451,1.53518,1.53528,2.63,4.50
2012.01.13 10:02:21.653,1.53518,1.53528,2.63,2.25
2012.01.13 10:02:22.197,1.53518,1.53528,1.88,1.50
2012.01.13 10:02:23.464,1.53518,1.53528,1.88,2.25
2012.01.13 10:02:24.378,1.53523,1.53535,2.25,2.63
2012.01.13 10:02:24.678,1.5353,1.53537,3.00,1.88
2012.01.13 10:02:24.760,1.53533,1.53541,1.88,1.50
2012.01.13 10:02:25.046,1.53533,1.53545,1.88,1.13
2012.01.13 10:02:25.191,1.53529,1.53536,1.50,1.09
2012.01.13 10:02:25.405,1.53528,1.53537,1.88,1.50
2012.01.13 10:02:25.545,1.53528,1.53539,4.88,1.13
2012.01.13 10:02:25.616,1.53528,1.53542,7.13,5.44
2012.01.13 10:02:26.151,1.53531,1.53543,2.63,1.13
2012.01.13 10:02:26.714,1.53532,1.53543,2.25,1.13
2012.01.13 10:02:27.206,1.53528,1.53536,4.50,1.88
2012.01.13 10:02:27.347,1.53528,1.53536,1.50,2.63
2012.01.13 10:02:27.485,1.53533,1.53539,1.88,5.25
2012.01.13 10:02:27.768,1.5353,1.53536,2.25,2.63
2012.01.13 10:02:27.848,1.53523,1.53536,3.00,2.63
2012.01.13 10:02:28.406,1.53528,1.53539,4.88,1.50
2012.01.13 10:02:28.735,1.53527,1.53537,2.25,1.88
2012.01.13 10:02:29.540,1.53527,1.5354,2.25,2.63
2012.01.13 10:02:30.097,1.53527,1.53537,2.25,1.88
2012.01.13 10:02:30.239,1.53525,1.53536,1.88,1.50
2012.01.13 10:02:30.389,1.53524,1.53537,1.88,3.38
2012.01.13 10:02:31.012,1.53526,1.53535,2.25,1.88
2012.01.13 10:02:31.096,1.53526,1.53535,2.25,2.22
2012.01.13 10:02:31.239,1.53524,1.53536,4.50,1.50
2012.01.13 10:02:31.463,1.53524,1.53532,2.25,1.88
2012.01.13 10:02:31.891,1.53529,1.53537,1.50,3.75
2012.01.13 10:02:31.971,1.53529,1.5354,1.50,3.75
2012.01.13 10:02:32.117,1.53529,1.53542,2.25,3.00
2012.01.13 10:02:32.335,1.53533,1.53542,3.38,1.50
2012.01.13 10:02:32.933,1.53533,1.53545,1.88,2.25
2012.01.13 10:02:33.285,1.53531,1.53542,1.50,2.63
2012.01.13 10:02:33.359,1.53528,1.53542,4.13,4.13
2012.01.13 10:02:33.922,1.53528,1.53542,4.13,4.88
2012.01.13 10:02:34.505,1.53528,1.53542,4.13,4.88
2012.01.13 10:02:36.413,1.53528,1.53541,4.13,1.50
2012.01.13 10:02:36.766,1.53524,1.53532,2.25,1.88
2012.01.13 10:02:37.294,1.53522,1.53532,2.25,2.63
2012.01.13 10:02:38.047,1.53522,1.53527,2.25,2.63
2012.01.13 10:02:38.342,1.53516,1.53527,2.25,2.63
2012.01.13 10:02:38.911,1.53516,1.53527,2.25,2.63
2012.01.13 10:02:39.477,1.53516,1.53527,2.25,2.63
2012.01.13 10:02:40.005,1.53516,1.53527,2.25,2.63
2012.01.13 10:02:40.377,1.53519,1.53532,2.25,3.38
2012.01.13 10:02:40.720,1.53523,1.53532,1.50,2.63
2012.01.13 10:02:41.075,1.53523,1.53532,2.25,2.63
2012.01.13 10:02:41.517,1.53523,1.53532,2.25,2.63
2012.01.13 10:02:42.191,1.53521,1.53532,2.25,2.63
2012.01.13 10:02:42.410,1.53526,1.53534,1.50,1.50
2012.01.13 10:02:42.833,1.53526,1.53536,1.50,1.13
2012.01.13 10:02:43.044,1.53524,1.53537,3.75,3.38
2012.01.13 10:02:44.571,1.53528,1.53538,1.88,2.25
2012.01.13 10:02:47.046,1.53528,1.53536,1.88,2.25
2012.01.13 10:02:47.618,1.53523,1.53528,2.63,2.25
2012.01.13 10:02:47.712,1.53516,1.53527,1.50,6.00
2012.01.13 10:02:47.928,1.53516,1.53525,1.50,1.50
2012.01.13 10:02:48.283,1.53516,1.53522,1.50,2.63
2012.01.13 10:02:49.848,1.53516,1.53524,2.25,1.13
2012.01.13 10:02:49.928,1.53518,1.53527,2.25,7.88
2012.01.13 10:02:50.435,1.53518,1.53527,4.50,1.88
2012.01.13 10:02:50.518,1.53518,1.53527,2.25,2.63
2012.01.13 10:02:51.363,1.53516,1.53527,1.50,3.38
2012.01.13 10:02:51.715,1.53516,1.53527,2.25,2.63
2012.01.13 10:02:52.251,1.53516,1.53527,2.25,2.63
2012.01.13 10:02:54.054,1.53516,1.53527,2.25,2.63
2012.01.13 10:02:55.253,1.53516,1.53527,2.25,2.63
2012.01.13 10:02:56.295,1.53516,1.53527,2.25,2.63
2012.01.13 10:02:56.813,1.53516,1.53527,2.25,2.63
2012.01.13 10:02:57.338,1.53516,1.53527,2.25,2.63
2012.01.13 10:02:57.724,1.53516,1.53527,2.25,2.63
2012.01.13 10:02:58.535,1.53516,1.53527,2.25,2.63
2012.01.13 10:02:59.209,1.53522,1.53528,1.13,2.25
2012.01.13 10:02:59.357,1.53527,1.53537,2.25,2.25
2012.01.13 10:02:59.427,1.53527,1.53539,3.00,1.50
2012.01.13 10:02:59.563,1.53526,1.53539,2.63,1.50
2012.01.13 10:02:59.704,1.53526,1.53537,2.63,1.50
2012.01.13 10:03:00.246,1.53528,1.53537,1.88,2.25
2012.01.13 10:03:01.407,1.53528,1.53541,2.63,1.50
2012.01.13 10:03:02.695,1.53527,1.53536,2.25,2.63
2012.01.13 10:03:03.053,1.53522,1.53533,2.63,2.25
2012.01.13 10:03:03.652,1.53521,1.53532,2.25,1.88
2012.01.13 10:03:03.853,1.53521,1.53532,2.25,1.88
2012.01.13 10:03:04.402,1.53521,1.53532,2.25,1.88
2012.01.13 10:03:04.941,1.53521,1.53532,2.25,1.88
2012.01.13 10:03:05.764,1.53521,1.53532,2.25,1.88
2012.01.13 10:03:06.427,1.53519,1.53532,2.25,2.63
2012.01.13 10:03:06.638,1.53519,1.53532,1.50,2.63
2012.01.13 10:03:07.316,1.53519,1.53532,1.50,2.63
2012.01.13 10:03:08.026,1.53521,1.53532,1.50,3.38
2012.01.13 10:03:08.583,1.53521,1.53532,1.50,2.63
2012.01.13 10:03:08.712,1.53519,1.53532,1.50,2.63
2012.01.13 10:03:08.966,1.53519,1.53532,2.25,2.63
2012.01.13 10:03:09.524,1.53522,1.53533,2.25,4.13
2012.01.13 10:03:09.806,1.53519,1.53523,1.88,2.25
2012.01.13 10:03:09.948,1.53513,1.53522,2.48,1.88
2012.01.13 10:03:10.093,1.53515,1.53527,1.13,4.88
2012.01.13 10:03:10.633,1.53516,1.53527,2.25,1.88
2012.01.13 10:03:11.182,1.53516,1.53527,2.25,1.88
2012.01.13 10:03:11.934,1.53516,1.53527,2.25,1.88
2012.01.13 10:03:12.203,1.53518,1.53527,1.50,1.88
2012.01.13 10:03:13.909,1.53516,1.53527,2.25,1.88
2012.01.13 10:03:14.314,1.53518,1.53527,2.25,1.88
2012.01.13 10:03:15.055,1.53518,1.53527,2.25,1.88
2012.01.13 10:03:15.130,1.53516,1.53527,2.25,1.88
2012.01.13 10:03:17.924,1.53516,1.53527,1.50,2.63
2012.01.13 10:03:18.445,1.53516,1.53527,2.25,1.88
2012.01.13 10:03:18.647,1.53518,1.53527,1.50,1.88
2012.01.13 10:03:19.778,1.53518,1.53527,2.25,1.88
2012.01.13 10:03:20.292,1.53514,1.53527,2.25,1.88
2012.01.13 10:03:20.612,1.53514,1.53527,2.25,1.88
2012.01.13 10:03:20.932,1.53516,1.53527,2.25,1.88
2012.01.13 10:03:21.624,1.53516,1.53527,2.25,1.88
2012.01.13 10:03:21.768,1.53518,1.53528,4.13,3.00
2012.01.13 10:03:21.915,1.5352,1.53531,2.25,1.59
2012.01.13 10:03:22.449,1.53518,1.53531,4.13,1.50
2012.01.13 10:03:22.525,1.53518,1.53532,4.13,4.13
2012.01.13 10:03:22.724,1.53518,1.53532,4.13,4.13
2012.01.13 10:03:23.005,1.5352,1.53532,2.25,1.88
2012.01.13 10:03:23.513,1.53518,1.53531,2.63,1.50
2012.01.13 10:03:24.078,1.53519,1.53532,2.25,1.88
2012.01.13 10:03:24.603,1.53519,1.53532,2.25,1.88
2012.01.13 10:03:25.482,1.53519,1.53532,2.25,2.63
2012.01.13 10:03:26.370,1.53518,1.53531,2.63,1.50
2012.01.13 10:03:26.716,1.5352,1.53532,2.25,1.88
2012.01.13 10:03:27.113,1.53518,1.5353,2.63,1.50
2012.01.13 10:03:27.303,1.53518,1.5353,2.63,1.50
2012.01.13 10:03:27.880,1.53518,1.5353,2.63,1.50
2012.01.13 10:03:28.412,1.53518,1.5353,2.63,1.50
2012.01.13 10:03:29.151,1.53518,1.5353,2.63,1.50
2012.01.13 10:03:29.791,1.53518,1.5353,2.63,1.50
2012.01.13 10:03:31.002,1.53518,1.5353,2.63,1.50
2012.01.13 10:03:31.467,1.53518,1.5353,2.63,3.00
2012.01.13 10:03:31.541,1.53516,1.53527,2.25,1.88
2012.01.13 10:03:32.110,1.53514,1.53527,2.25,2.63
2012.01.13 10:03:32.753,1.53514,1.53526,2.25,1.50
2012.01.13 10:03:32.912,1.53513,1.53526,2.63,3.00
2012.01.13 10:03:32.985,1.53513,1.53526,2.63,1.50
2012.01.13 10:03:33.543,1.53514,1.53527,2.25,1.88
2012.01.13 10:03:34.056,1.53514,1.53527,2.25,1.88
2012.01.13 10:03:34.414,1.53515,1.53527,1.50,1.88
2012.01.13 10:03:34.626,1.53519,1.53531,2.25,1.50
2012.01.13 10:03:35.208,1.53519,1.53532,2.25,1.88
2012.01.13 10:03:35.725,1.53519,1.53532,2.25,1.88
2012.01.13 10:03:37.238,1.53519,1.53532,2.25,1.88
2012.01.13 10:03:37.783,1.53521,1.53532,2.25,1.88
2012.01.13 10:03:38.124,1.53523,1.53532,2.25,1.88
2012.01.13 10:03:38.653,1.53523,1.53532,2.25,1.88
2012.01.13 10:03:39.982,1.53521,1.53532,2.25,1.88
2012.01.13 10:03:42.315,1.53519,1.53532,3.75,1.88
2012.01.13 10:03:43.562,1.53519,1.53532,2.25,1.88
2012.01.13 10:03:44.063,1.53519,1.53532,2.25,1.88
2012.01.13 10:03:45.683,1.5352,1.53532,1.80,1.88
2012.01.13 10:03:46.036,1.53528,1.53536,1.88,2.25
2012.01.13 10:03:46.307,1.53528,1.53539,2.63,1.50
2012.01.13 10:03:46.881,1.53535,1.53542,2.25,1.88
2012.01.13 10:03:46.954,1.53535,1.53547,2.25,5.63
2012.01.13 10:03:47.212,1.53535,1.53542,2.25,1.88
2012.01.13 10:03:47.287,1.53533,1.53542,2.25,1.88
2012.01.13 10:03:47.674,1.53529,1.53537,2.25,1.88
2012.01.13 10:03:48.775,1.5353,1.53538,2.25,2.25
2012.01.13 10:03:48.848,1.5353,1.53542,2.25,1.88
2012.01.13 10:03:49.712,1.53532,1.53542,2.25,1.88
2012.01.13 10:03:50.206,1.5353,1.53542,2.25,1.88
2012.01.13 10:03:51.440,1.5353,1.53542,2.25,1.88
2012.01.13 10:03:54.164,1.5353,1.53542,2.25,1.88
2012.01.13 10:03:54.727,1.53528,1.53537,2.25,1.88
2012.01.13 10:03:55.524,1.53528,1.53537,2.25,1.88
2012.01.13 10:03:55.652,1.53523,1.53536,2.63,2.25
2012.01.13 10:03:56.143,1.53524,1.53537,2.25,2.63
2012.01.13 10:03:56.746,1.53528,1.53538,2.63,2.25
2012.01.13 10:03:57.145,1.53528,1.53542,4.13,4.13
2012.01.13 10:03:57.650,1.53528,1.53542,4.13,3.38
2012.01.13 10:03:58.244,1.53528,1.5354,2.63,1.50
2012.01.13 10:03:58.595,1.53528,1.53542,4.13,4.13
2012.01.13 10:03:58.724,1.53528,1.53542,4.13,3.38
2012.01.13 10:03:59.927,1.53528,1.53537,2.25,1.88
2012.01.13 10:03:59.997,1.53527,1.53537,3.00,1.88
2012.01.13 10:04:00.525,1.53526,1.53533,1.50,1.88
2012.01.13 10:04:00.607,1.53519,1.53533,4.88,5.63
2012.01.13 10:04:00.745,1.53519,1.53533,4.88,5.63
2012.01.13 10:04:02.523,1.53519,1.53533,4.13,5.63
2012.01.13 10:04:03.083,1.53519,1.53533,4.13,5.63
2012.01.13 10:04:03.682,1.53519,1.53533,4.13,5.63
2012.01.13 10:04:04.434,1.5352,1.53533,1.50,5.63
2012.01.13 10:04:05.419,1.53528,1.53534,1.88,2.25
2012.01.13 10:04:05.934,1.53531,1.53542,1.50,2.63
2012.01.13 10:04:06.285,1.53531,1.53542,2.25,1.88
2012.01.13 10:04:06.795,1.53531,1.53542,2.25,1.88
2012.01.13 10:04:07.904,1.53537,1.53542,2.25,1.88
2012.01.13 10:04:07.978,1.53537,1.53545,4.88,1.50
2012.01.13 10:04:08.048,1.53537,1.53547,4.13,1.50
2012.01.13 10:04:08.197,1.53537,1.53551,6.38,4.13
2012.01.13 10:04:08.773,1.53537,1.53551,6.38,3.38
2012.01.13 10:04:09.647,1.53538,1.53549,2.63,1.50
2012.01.13 10:04:10.415,1.53538,1.53549,2.63,1.50
2012.01.13 10:04:15.314,1.53538,1.53549,2.63,6.00
2012.01.13 10:04:15.833,1.53537,1.53547,3.00,2.63
2012.01.13 10:04:15.978,1.53536,1.53542,2.25,1.88
2012.01.13 10:04:16.195,1.53536,1.53547,2.25,4.13
2012.01.13 10:04:16.391,1.53536,1.53547,2.25,1.88
2012.01.13 10:04:16.774,1.53538,1.5355,2.63,2.25
2012.01.13 10:04:16.845,1.53538,1.53551,4.13,2.34
2012.01.13 10:04:16.983,1.53538,1.53552,4.13,4.88
2012.01.13 10:04:17.173,1.53543,1.53552,1.88,1.50
2012.01.13 10:04:17.506,1.53548,1.53552,1.88,1.50
2012.01.13 10:04:17.583,1.53548,1.53554,1.88,1.50
2012.01.13 10:04:17.657,1.53548,1.53556,1.88,1.50
2012.01.13 10:04:17.862,1.53543,1.53556,2.63,1.50
2012.01.13 10:04:18.145,1.53543,1.53554,2.63,1.50
2012.01.13 10:04:19.339,1.53543,1.53554,2.63,1.50
2012.01.13 10:04:19.418,1.53543,1.53556,2.63,1.50
2012.01.13 10:04:19.976,1.53543,1.53556,2.63,1.50
2012.01.13 10:04:20.516,1.53544,1.53557,2.25,1.88
2012.01.13 10:04:21.341,1.53544,1.53557,2.25,1.88
2012.01.13 10:04:21.774,1.53544,1.53552,1.50,1.88
2012.01.13 10:04:22.042,1.53544,1.53552,2.25,1.88
2012.01.13 10:04:22.643,1.53544,1.53552,3.00,1.88
2012.01.13 10:04:22.720,1.53548,1.53557,1.88,3.00
2012.01.13 10:04:22.795,1.53548,1.53557,2.63,3.00
2012.01.13 10:04:23.001,1.53548,1.53563,2.63,3.00
2012.01.13 10:04:25.113,1.53548,1.5356,2.63,1.50
2012.01.13 10:04:25.186,1.53548,1.53559,2.63,4.50
2012.01.13 10:04:25.544,1.53538,1.53547,2.25,1.88
2012.01.13 10:04:25.758,1.53536,1.53547,2.25,1.88
2012.01.13 10:04:26.432,1.53536,1.53547,2.25,1.88
2012.01.13 10:04:27.180,1.5354,1.53548,2.25,2.25
2012.01.13 10:04:27.262,1.5354,1.53552,2.25,1.88
2012.01.13 10:04:28.247,1.5354,1.53552,2.25,1.88
2012.01.13 10:04:28.803,1.5354,1.53552,2.25,1.88
2012.01.13 10:04:29.334,1.5354,1.53552,2.25,1.88
2012.01.13 10:04:32.848,1.5354,1.53552,2.25,1.88
2012.01.13 10:04:33.887,1.53539,1.53552,2.25,1.88
2012.01.13 10:04:34.768,1.53539,1.53552,2.25,1.88
2012.01.13 10:04:35.303,1.53539,1.53552,2.25,1.88
2012.01.13 10:04:35.863,1.53539,1.53552,2.25,1.88
2012.01.13 10:04:36.413,1.53539,1.53552,2.25,1.88
2012.01.13 10:04:37.277,1.53539,1.53552,2.25,1.88
2012.01.13 10:04:40.395,1.53539,1.53552,2.25,2.63
2012.01.13 10:04:40.925,1.53538,1.53551,2.63,1.50
2012.01.13 10:04:40.994,1.53538,1.53551,2.63,2.25
2012.01.13 10:04:41.634,1.53538,1.53551,1.88,3.00
2012.01.13 10:04:41.714,1.53537,1.53547,3.00,1.88
2012.01.13 10:04:41.998,1.53533,1.53547,3.38,5.63
2012.01.13 10:04:42.824,1.53533,1.53547,4.13,4.13
2012.01.13 10:04:43.746,1.53533,1.53547,3.38,4.13
2012.01.13 10:04:43.905,1.53535,1.53546,1.50,1.50
2012.01.13 10:04:44.394,1.53533,1.53547,3.38,4.13
2012.01.13 10:04:45.498,1.53533,1.53544,1.88,4.50
2012.01.13 10:04:46.068,1.53533,1.53544,1.88,4.50
2012.01.13 10:04:46.750,1.53533,1.53546,1.88,2.25
2012.01.13 10:04:47.326,1.53533,1.53544,1.88,2.25
2012.01.13 10:04:48.434,1.53533,1.53544,1.88,2.25
2012.01.13 10:04:50.931,1.53533,1.53544,1.88,2.25
2012.01.13 10:04:53.016,1.53533,1.53544,1.88,2.25
2012.01.13 10:04:53.343,1.53533,1.53546,1.88,2.25
2012.01.13 10:04:54.291,1.53533,1.53545,1.88,1.50
2012.01.13 10:04:54.721,1.53533,1.53539,1.88,2.25
2012.01.13 10:04:54.798,1.53527,1.53537,1.13,1.88
2012.01.13 10:04:55.437,1.53526,1.53535,2.25,1.50
2012.01.13 10:04:55.521,1.53523,1.53535,2.63,2.25
2012.01.13 10:04:55.743,1.53527,1.53535,2.25,3.00
2012.01.13 10:04:56.097,1.5353,1.5354,1.50,1.50
2012.01.13 10:04:56.305,1.5353,1.53541,1.50,3.38
2012.01.13 10:04:56.435,1.53533,1.53541,1.88,1.50
2012.01.13 10:04:57.228,1.5353,1.53542,1.50,2.63
2012.01.13 10:04:57.375,1.5353,1.53542,2.25,2.63
2012.01.13 10:04:57.936,1.53528,1.5354,2.63,1.50
2012.01.13 10:04:58.276,1.53526,1.53537,2.25,1.88
2012.01.13 10:04:58.349,1.53524,1.53537,2.25,1.88
2012.01.13 10:04:58.894,1.53523,1.53536,2.63,1.50
2012.01.13 10:04:59.637,1.53524,1.53536,1.50,1.50
2012.01.13 10:04:59.706,1.53528,1.53536,1.88,1.50
2012.01.13 10:04:59.847,1.53528,1.53538,2.63,1.50
2012.01.13 10:05:00.264,1.53528,1.5354,2.63,1.50
2012.01.13 10:05:00.774,1.53528,1.53542,4.13,4.13
2012.01.13 10:05:01.405,1.53528,1.5354,2.63,1.50
2012.01.13 10:05:02.206,1.53528,1.53542,4.13,4.13
2012.01.13 10:05:02.279,1.53528,1.53542,4.13,3.38
2012.01.13 10:05:02.872,1.53528,1.53542,4.13,4.13
2012.01.13 10:05:02.947,1.53528,1.53537,2.25,1.88
2012.01.13 10:05:03.284,1.53523,1.53537,4.88,4.13
2012.01.13 10:05:03.794,1.53523,1.53537,4.88,3.38
2012.01.13 10:05:04.720,1.53528,1.53537,1.88,1.50
2012.01.13 10:05:04.863,1.53528,1.53541,3.38,2.25
2012.01.13 10:05:06.285,1.53528,1.5354,2.63,2.25
2012.01.13 10:05:06.704,1.53528,1.53538,1.88,1.50
2012.01.13 10:05:08.682,1.53528,1.5354,2.63,2.25
2012.01.13 10:05:15.192,1.53536,1.5354,1.88,1.50
2012.01.13 10:05:15.400,1.53536,1.53542,4.13,1.50
2012.01.13 10:05:15.552,1.5353,1.53541,1.80,1.50
2012.01.13 10:05:15.633,1.5353,1.5354,1.80,2.25
2012.01.13 10:05:15.710,1.53527,1.53537,2.25,2.63
2012.01.13 10:05:15.861,1.53523,1.53536,3.72,2.25
2012.01.13 10:05:16.829,1.53523,1.53535,2.97,2.25
2012.01.13 10:05:16.956,1.53518,1.5353,2.63,2.25
2012.01.13 10:05:17.038,1.53523,1.53532,1.88,2.25
2012.01.13 10:05:17.468,1.53528,1.53534,1.88,2.25
2012.01.13 10:05:17.759,1.53524,1.53537,2.25,3.38
2012.01.13 10:05:17.904,1.53524,1.53537,3.00,3.38
2012.01.13 10:05:17.976,1.53528,1.53538,1.88,6.38
2012.01.13 10:05:18.521,1.53524,1.53536,1.50,2.25
2012.01.13 10:05:18.684,1.53523,1.53536,1.88,2.25
2012.01.13 10:05:19.234,1.53523,1.53536,2.63,2.25
2012.01.13 10:05:19.774,1.53523,1.53536,1.88,2.25
2012.01.13 10:05:20.308,1.53523,1.53536,1.88,2.25
2012.01.13 10:05:20.806,1.53523,1.53536,2.63,3.75
2012.01.13 10:05:22.689,1.53524,1.53536,3.75,2.25
2012.01.13 10:05:23.408,1.53524,1.53536,3.75,2.25
2012.01.13 10:05:23.935,1.53523,1.53533,1.88,2.25
2012.01.13 10:05:24.455,1.53523,1.53533,1.88,2.25
2012.01.13 10:05:25.454,1.53523,1.53533,1.88,2.25
2012.01.13 10:05:26.486,1.53523,1.53533,2.63,1.50
2012.01.13 10:05:26.553,1.53523,1.53535,2.63,1.50
2012.01.13 10:05:28.184,1.53523,1.53535,1.88,2.25
2012.01.13 10:05:28.890,1.53523,1.53535,1.88,2.25
2012.01.13 10:05:33.324,1.53523,1.53535,1.88,2.25
2012.01.13 10:05:33.679,1.53523,1.53535,1.88,3.00
2012.01.13 10:05:33.760,1.53523,1.53535,1.88,3.00
2012.01.13 10:05:34.313,1.53523,1.53537,3.38,4.13
2012.01.13 10:05:35.625,1.53523,1.53537,3.38,4.13
2012.01.13 10:05:36.238,1.53523,1.53535,1.88,2.25
2012.01.13 10:05:37.166,1.53523,1.53532,1.88,1.50
2012.01.13 10:05:37.530,1.53515,1.53522,1.28,2.63
2012.01.13 10:05:37.610,1.53513,1.53522,1.43,2.63
2012.01.13 10:05:37.829,1.53508,1.53517,3.30,2.63
2012.01.13 10:05:38.045,1.53506,1.53517,1.50,2.63
2012.01.13 10:05:38.323,1.53506,1.53517,1.50,2.63
2012.01.13 10:05:39.142,1.53508,1.53517,1.50,2.63
2012.01.13 10:05:39.639,1.53506,1.53517,1.50,2.63
2012.01.13 10:05:39.792,1.53506,1.53517,1.50,2.63
2012.01.13 10:05:39.865,1.53504,1.53517,1.50,2.63
2012.01.13 10:05:40.418,1.53506,1.53517,1.50,2.63
2012.01.13 10:05:41.443,1.53506,1.53517,1.50,2.63
2012.01.13 10:05:41.518,1.53504,1.53517,1.50,2.63
2012.01.13 10:05:42.073,1.53504,1.53517,2.25,2.63
2012.01.13 10:05:43.484,1.53504,1.53517,1.50,2.63
2012.01.13 10:05:44.024,1.53504,1.53517,2.25,2.63
2012.01.13 10:05:44.714,1.53504,1.53517,1.50,2.63
2012.01.13 10:05:45.244,1.53504,1.53517,2.25,2.63
2012.01.13 10:05:45.456,1.53506,1.53517,1.50,2.63
2012.01.13 10:05:46.503,1.53506,1.53517,1.50,2.63
2012.01.13 10:05:48.023,1.53506,1.53517,1.50,2.63
2012.01.13 10:05:48.353,1.53504,1.53517,1.50,2.63
2012.01.13 10:05:48.968,1.53504,1.53517,1.50,2.63
2012.01.13 10:05:50.279,1.53504,1.53517,1.50,2.63
2012.01.13 10:05:53.450,1.53504,1.53517,3.00,2.63
2012.01.13 10:05:53.865,1.53504,1.53517,2.25,2.63
2012.01.13 10:05:54.184,1.53503,1.53515,1.88,2.25
2012.01.13 10:05:56.776,1.53503,1.53517,3.38,4.13
2012.01.13 10:05:57.385,1.53503,1.53517,3.38,4.13
2012.01.13 10:05:58.080,1.53503,1.53517,3.38,4.13
2012.01.13 10:05:58.624,1.53503,1.53517,3.38,4.13
2012.01.13 10:05:59.802,1.53503,1.53515,1.88,2.25
2012.01.13 10:06:00.318,1.53503,1.53515,1.88,2.25
2012.01.13 10:06:00.396,1.53503,1.53515,2.63,2.25
2012.01.13 10:06:00.972,1.53503,1.53515,1.88,2.25
2012.01.13 10:06:01.507,1.53503,1.53515,1.88,2.25
2012.01.13 10:06:02.021,1.53503,1.53517,3.38,6.38
2012.01.13 10:06:03.497,1.53503,1.53515,1.88,2.25
2012.01.13 10:06:03.917,1.53503,1.53517,3.38,4.13
2012.01.13 10:06:04.804,1.53503,1.53517,3.38,4.88
2012.01.13 10:06:05.331,1.53503,1.53517,3.38,4.88
2012.01.13 10:06:12.895,1.53503,1.53517,3.38,4.88
2012.01.13 10:06:13.314,1.53503,1.53515,1.88,3.00
2012.01.13 10:06:13.659,1.53501,1.53512,1.50,2.63
2012.01.13 10:06:13.998,1.53503,1.53514,3.38,1.50
2012.01.13 10:06:14.351,1.53508,1.53518,1.88,1.50
2012.01.13 10:06:14.425,1.53505,1.53517,1.50,2.63
2012.01.13 10:06:14.836,1.53503,1.53517,3.38,4.13
2012.01.13 10:06:14.904,1.53503,1.53517,4.13,4.13
2012.01.13 10:06:15.475,1.53503,1.53517,3.38,4.13
2012.01.13 10:06:15.829,1.53503,1.53516,3.38,2.25
2012.01.13 10:06:16.586,1.53503,1.53516,3.38,2.25
2012.01.13 10:06:20.352,1.53503,1.53517,3.38,4.13
2012.01.13 10:06:21.062,1.53503,1.53515,1.88,2.25
2012.01.13 10:06:21.562,1.53503,1.53515,1.88,2.25
2012.01.13 10:06:23.455,1.53503,1.53515,1.88,2.25
2012.01.13 10:06:25.141,1.53503,1.53517,3.38,4.13
2012.01.13 10:06:25.652,1.53503,1.53517,3.38,4.13
2012.01.13 10:06:26.363,1.53503,1.53515,1.88,2.25
2012.01.13 10:06:27.296,1.53503,1.53515,1.88,2.25
2012.01.13 10:06:27.823,1.53503,1.53513,1.88,2.25
2012.01.13 10:06:28.496,1.53499,1.53512,4.50,1.50
2012.01.13 10:06:28.995,1.53499,1.5351,4.50,1.50
2012.01.13 10:06:29.278,1.53503,1.53511,1.88,1.50
2012.01.13 10:06:29.366,1.53503,1.53513,1.88,2.25
2012.01.13 10:06:29.449,1.53503,1.53513,1.88,2.25
2012.01.13 10:06:29.532,1.53506,1.53515,1.50,2.25
2012.01.13 10:06:29.613,1.53504,1.53516,3.00,2.25
2012.01.13 10:06:30.235,1.53503,1.53516,1.88,2.25
2012.01.13 10:06:30.984,1.53504,1.53517,1.50,2.63
2012.01.13 10:06:33.081,1.53504,1.53517,1.50,4.88
2012.01.13 10:06:33.584,1.53504,1.53517,1.50,4.88
2012.01.13 10:06:34.333,1.53504,1.53517,1.50,4.88
2012.01.13 10:06:34.853,1.53503,1.53516,1.88,2.25
2012.01.13 10:06:36.432,1.53504,1.53517,1.50,2.63
2012.01.13 10:06:36.903,1.53504,1.53517,1.50,2.63
2012.01.13 10:06:37.892,1.53504,1.53517,1.50,2.63
2012.01.13 10:06:38.666,1.53504,1.53517,1.50,2.63
2012.01.13 10:06:39.172,1.53504,1.53517,1.50,2.63
2012.01.13 10:06:39.732,1.53504,1.53517,1.50,2.63
2012.01.13 10:06:40.396,1.53504,1.53517,1.50,2.63
2012.01.13 10:06:42.116,1.53504,1.53517,1.50,2.63
2012.01.13 10:06:42.623,1.53504,1.53517,1.50,2.63
2012.01.13 10:06:43.103,1.53504,1.53517,3.75,2.63
2012.01.13 10:06:43.175,1.53506,1.53517,1.50,2.63
2012.01.13 10:06:43.525,1.53508,1.53519,1.88,3.00
2012.01.13 10:06:43.735,1.53505,1.53517,2.25,2.63
2012.01.13 10:06:44.409,1.53505,1.53517,1.50,2.63
2012.01.13 10:06:44.498,1.53503,1.53517,4.88,4.13
2012.01.13 10:06:44.648,1.53507,1.53517,1.50,4.13
2012.01.13 10:06:45.158,1.53504,1.53517,2.25,2.63
2012.01.13 10:06:45.380,1.53506,1.53517,1.50,2.63
2012.01.13 10:06:46.023,1.53508,1.53517,1.50,2.63
2012.01.13 10:06:46.105,1.53506,1.53517,1.50,2.63
2012.01.13 10:06:47.524,1.53506,1.53517,1.50,2.63
2012.01.13 10:06:47.593,1.53508,1.53517,1.50,2.63
2012.01.13 10:06:47.854,1.53505,1.53517,1.50,2.63
2012.01.13 10:06:48.136,1.53508,1.53517,1.50,2.63
2012.01.13 10:06:48.280,1.53505,1.53517,3.00,2.63
2012.01.13 10:06:48.357,1.53507,1.53517,1.50,2.63
2012.01.13 10:06:49.064,1.53505,1.53517,1.50,2.63
2012.01.13 10:06:49.406,1.53505,1.53517,1.50,2.63
2012.01.13 10:06:49.733,1.53507,1.53517,1.50,2.63
2012.01.13 10:06:50.550,1.53507,1.53517,2.25,1.88
2012.01.13 10:06:51.322,1.53519,1.53526,1.88,1.59
2012.01.13 10:06:51.579,1.53533,1.5354,2.63,2.25
2012.01.13 10:06:51.666,1.53535,1.53545,1.50,1.50
2012.01.13 10:06:51.878,1.53534,1.53545,1.50,2.25
2012.01.13 10:06:52.099,1.53534,1.53542,1.50,1.50
2012.01.13 10:06:52.796,1.53534,1.53543,1.50,1.50
2012.01.13 10:06:53.086,1.53534,1.53545,1.50,2.25
2012.01.13 10:06:53.302,1.53533,1.53545,2.63,3.75
2012.01.13 10:06:53.856,1.53533,1.53543,1.88,2.25
2012.01.13 10:06:54.888,1.53533,1.53542,1.88,2.25
2012.01.13 10:06:55.317,1.5353,1.53542,2.25,2.25
2012.01.13 10:06:55.388,1.5353,1.53537,2.25,2.63
2012.01.13 10:06:55.748,1.5353,1.53537,2.25,2.63
2012.01.13 10:06:56.312,1.53529,1.53533,2.25,1.50
2012.01.13 10:06:56.400,1.53523,1.53533,1.88,2.25
2012.01.13 10:06:57.103,1.53523,1.53533,1.88,2.25
2012.01.13 10:06:57.625,1.53523,1.53533,1.88,2.25
2012.01.13 10:06:59.206,1.53523,1.53533,1.88,2.25
2012.01.13 10:07:00.286,1.53523,1.53529,1.88,3.00
2012.01.13 10:07:01.083,1.53523,1.53531,1.88,3.00
2012.01.13 10:07:01.941,1.53519,1.5353,2.85,3.00
2012.01.13 10:07:02.043,1.53523,1.5353,1.88,2.25
2012.01.13 10:07:02.329,1.5352,1.53532,1.50,2.63
2012.01.13 10:07:02.406,1.53522,1.53532,2.25,2.63
2012.01.13 10:07:02.963,1.53523,1.53532,1.88,2.25
2012.01.13 10:07:07.751,1.53523,1.53533,1.88,2.25
2012.01.13 10:07:09.035,1.53523,1.53533,1.88,2.25
2012.01.13 10:07:10.017,1.53523,1.53533,1.88,2.25
2012.01.13 10:07:10.837,1.53523,1.53533,1.88,2.25
2012.01.13 10:07:11.447,1.53524,1.53535,1.50,1.50
2012.01.13 10:07:11.732,1.53523,1.53536,1.88,2.25
2012.01.13 10:07:12.285,1.53524,1.53537,1.50,2.63
2012.01.13 10:07:12.845,1.53524,1.53537,1.50,2.63
2012.01.13 10:07:13.353,1.53524,1.53537,1.50,2.63
2012.01.13 10:07:14.373,1.53524,1.53537,1.50,2.63
2012.01.13 10:07:14.853,1.53524,1.53537,1.50,2.63
2012.01.13 10:07:15.362,1.53523,1.53535,2.63,3.00
2012.01.13 10:07:16.652,1.53523,1.53532,1.88,2.25
2012.01.13 10:07:16.737,1.53523,1.53534,1.88,2.25
2012.01.13 10:07:17.288,1.53523,1.53534,1.88,2.25
2012.01.13 10:07:17.793,1.53523,1.53534,1.88,2.25
2012.01.13 10:07:18.203,1.53523,1.53534,1.88,2.25
2012.01.13 10:07:18.712,1.53523,1.53534,1.88,2.25
2012.01.13 10:07:19.989,1.53523,1.5353,1.88,2.25
2012.01.13 10:07:20.001,1.53523,1.5353,1.88,3.00
2012.01.13 10:07:20.071,1.53523,1.53534,1.88,6.00
2012.01.13 10:07:20.145,1.53523,1.53532,1.88,1.50
2012.01.13 10:07:20.485,1.53523,1.53532,1.88,2.25
2012.01.13 10:07:25.857,1.53523,1.53535,3.38,3.00
2012.01.13 10:07:26.361,1.53523,1.53535,1.88,4.50
2012.01.13 10:07:27.275,1.53523,1.53535,1.88,4.50
2012.01.13 10:07:28.154,1.53523,1.53535,2.63,4.50
2012.01.13 10:07:28.426,1.53528,1.53535,1.88,3.00
2012.01.13 10:07:28.755,1.53528,1.53533,1.88,2.25
2012.01.13 10:07:28.826,1.53528,1.53539,2.63,3.75
2012.01.13 10:07:29.443,1.53528,1.53539,1.88,4.50
2012.01.13 10:07:29.584,1.53528,1.53539,1.88,3.00
2012.01.13 10:07:31.216,1.53528,1.53539,1.88,2.25
2012.01.13 10:07:31.769,1.53524,1.53537,1.50,4.13
2012.01.13 10:07:31.917,1.53523,1.53535,3.38,2.25
2012.01.13 10:07:32.053,1.53523,1.53535,4.13,2.25
2012.01.13 10:07:32.126,1.53523,1.53533,2.63,1.50
2012.01.13 10:07:32.334,1.53523,1.53535,2.63,2.25
2012.01.13 10:07:32.982,1.53524,1.53537,1.50,2.63
2012.01.13 10:07:35.774,1.53523,1.53536,2.63,2.25
2012.01.13 10:07:36.296,1.53523,1.53536,1.88,2.25
2012.01.13 10:07:37.673,1.53524,1.53537,3.00,2.63
2012.01.13 10:07:37.742,1.53524,1.53537,3.75,2.63
2012.01.13 10:07:37.883,1.53524,1.53536,2.25,1.50
2012.01.13 10:07:39.853,1.53524,1.53536,2.25,1.50
2012.01.13 10:07:40.507,1.53528,1.53537,1.88,3.00
2012.01.13 10:07:41.061,1.53528,1.53541,4.13,3.00
2012.01.13 10:07:41.592,1.53529,1.53541,2.25,2.25
2012.01.13 10:07:42.143,1.5353,1.53541,1.50,2.25
2012.01.13 10:07:42.423,1.53533,1.53544,1.88,3.00
2012.01.13 10:07:42.500,1.53533,1.53544,1.88,3.00
2012.01.13 10:07:42.932,1.53533,1.53547,3.38,6.38
2012.01.13 10:07:43.454,1.53533,1.53547,4.13,4.13
2012.01.13 10:07:44.364,1.53534,1.53545,2.25,1.50
2012.01.13 10:07:45.314,1.53533,1.53545,2.63,2.25
2012.01.13 10:07:45.386,1.53533,1.53543,2.63,1.50
2012.01.13 10:07:47.259,1.53533,1.53543,1.88,2.25
2012.01.13 10:07:47.804,1.53533,1.53543,1.88,2.25
2012.01.13 10:07:48.353,1.53533,1.53543,1.88,2.25
2012.01.13 10:07:48.934,1.53532,1.53542,2.25,2.63
2012.01.13 10:07:49.013,1.53529,1.53542,2.25,2.63
2012.01.13 10:07:49.553,1.53528,1.53541,2.63,1.50
2012.01.13 10:07:50.117,1.53528,1.53541,2.63,1.50
2012.01.13 10:07:50.540,1.53532,1.53542,2.25,1.88
2012.01.13 10:07:50.616,1.53532,1.53542,1.50,1.88
2012.01.13 10:07:51.334,1.53532,1.53542,2.25,1.88
2012.01.13 10:07:51.418,1.53533,1.53546,2.63,3.00
2012.01.13 10:07:51.487,1.53532,1.53542,3.00,1.88
2012.01.13 10:07:51.835,1.53533,1.53542,2.25,1.88
2012.01.13 10:07:52.190,1.53538,1.53547,1.50,2.63
2012.01.13 10:07:52.274,1.53536,1.53547,2.25,1.88
2012.01.13 10:07:53.019,1.53538,1.53547,2.25,1.88
2012.01.13 10:07:53.584,1.53538,1.53547,2.25,1.88
2012.01.13 10:07:54.103,1.53538,1.53545,2.25,1.88
2012.01.13 10:07:54.387,1.53538,1.53545,1.50,4.88
2012.01.13 10:07:54.525,1.53538,1.53549,4.13,1.50
2012.01.13 10:07:54.594,1.53538,1.53547,2.63,1.50
2012.01.13 10:07:54.733,1.53538,1.53552,4.13,4.13
2012.01.13 10:07:54.804,1.5354,1.53552,1.50,2.63
2012.01.13 10:07:55.322,1.5354,1.53551,1.50,1.09
2012.01.13 10:07:55.989,1.53537,1.53547,1.50,1.88
2012.01.13 10:07:56.137,1.53536,1.53547,2.25,1.88
2012.01.13 10:07:56.648,1.53536,1.53547,2.25,1.88
2012.01.13 10:07:57.184,1.53536,1.53547,1.50,2.63
2012.01.13 10:07:58.767,1.53533,1.53547,4.13,4.13
2012.01.13 10:07:59.413,1.53533,1.53547,3.38,6.38
2012.01.13 10:07:59.913,1.53533,1.53545,2.63,1.50
2012.01.13 10:08:00.512,1.53533,1.53547,4.13,6.38
2012.01.13 10:08:00.764,1.53533,1.53544,2.63,1.50
2012.01.13 10:08:01.306,1.53533,1.53544,2.63,1.50
2012.01.13 10:08:02.698,1.53533,1.53544,1.88,2.25
2012.01.13 10:08:03.256,1.53533,1.53544,1.88,2.25
2012.01.13 10:08:03.883,1.53533,1.53544,1.88,2.25
2012.01.13 10:08:04.481,1.53533,1.53544,1.88,2.25
2012.01.13 10:08:06.362,1.53533,1.53544,1.88,2.25
2012.01.13 10:08:07.204,1.53533,1.53544,1.88,2.25
2012.01.13 10:08:07.713,1.53533,1.53544,1.88,2.25
2012.01.13 10:08:08.242,1.53533,1.53544,1.88,2.25
2012.01.13 10:08:09.261,1.53533,1.53546,1.88,2.25
2012.01.13 10:08:09.783,1.53533,1.53546,1.88,2.25
2012.01.13 10:08:11.195,1.53534,1.53547,1.50,4.88
2012.01.13 10:08:12.441,1.53533,1.53545,1.88,2.25
2012.01.13 10:08:15.011,1.53533,1.53545,1.88,2.25
2012.01.13 10:08:16.242,1.53533,1.53545,1.88,2.25
2012.01.13 10:08:17.111,1.53533,1.53545,1.88,2.25
2012.01.13 10:08:17.623,1.53533,1.53545,1.88,2.25
2012.01.13 10:08:18.165,1.53533,1.53545,2.63,2.25
2012.01.13 10:08:18.685,1.53533,1.53545,1.88,2.25
2012.01.13 10:08:19.165,1.53535,1.53547,1.50,2.63
2012.01.13 10:08:19.742,1.53533,1.53546,2.63,2.25
2012.01.13 10:08:21.095,1.53533,1.53547,2.63,2.63
2012.01.13 10:08:22.209,1.53533,1.53546,2.63,2.25
2012.01.13 10:08:22.413,1.53533,1.53546,1.88,2.25
2012.01.13 10:08:22.792,1.53533,1.53546,1.88,2.25
2012.01.13 10:08:24.182,1.53533,1.53546,3.38,2.25
2012.01.13 10:08:25.229,1.53533,1.53546,1.88,2.25
2012.01.13 10:08:26.419,1.53535,1.53546,2.25,2.25
2012.01.13 10:08:26.565,1.53533,1.53546,1.88,2.25
2012.01.13 10:08:27.092,1.53532,1.53546,4.50,2.25
2012.01.13 10:08:30.436,1.53532,1.53544,2.25,2.25
2012.01.13 10:08:30.637,1.53532,1.53544,2.25,2.25
2012.01.13 10:08:31.298,1.5353,1.53542,2.25,2.25
2012.01.13 10:08:31.395,1.53526,1.53538,3.34,2.25
2012.01.13 10:08:31.472,1.53525,1.53536,2.97,3.75
2012.01.13 10:08:31.621,1.53522,1.53534,2.63,2.25
2012.01.13 10:08:31.765,1.53522,1.53534,2.25,2.25
2012.01.13 10:08:32.306,1.53522,1.53532,2.25,2.25
2012.01.13 10:08:32.838,1.53524,1.53536,1.13,3.84
2012.01.13 10:08:33.338,1.53528,1.5354,2.68,6.38
2012.01.13 10:08:33.412,1.53535,1.5354,1.88,2.25
2012.01.13 10:08:33.626,1.53536,1.53545,1.50,2.63
2012.01.13 10:08:33.697,1.53536,1.53547,1.50,1.09
2012.01.13 10:08:33.824,1.53536,1.53549,1.50,3.00
2012.01.13 10:08:34.226,1.53533,1.53547,3.76,2.25
2012.01.13 10:08:34.789,1.53535,1.53549,1.50,3.00
2012.01.13 10:08:35.473,1.53535,1.53549,1.50,3.00
2012.01.13 10:08:36.016,1.53533,1.53547,4.50,2.25
2012.01.13 10:08:36.358,1.53532,1.53543,2.27,2.25
2012.01.13 10:08:36.508,1.53532,1.53543,2.25,2.25
2012.01.13 10:08:36.655,1.53529,1.53543,1.50,2.25
2012.01.13 10:08:37.544,1.53529,1.53543,1.50,2.25
2012.01.13 10:08:37.633,1.53529,1.53543,3.75,1.50
2012.01.13 10:08:37.905,1.53531,1.53545,2.25,4.47
2012.01.13 10:08:39.245,1.53533,1.53547,2.25,3.38
2012.01.13 10:08:40.018,1.53535,1.53549,1.50,2.25
2012.01.13 10:08:40.527,1.53533,1.53547,3.00,2.25
2012.01.13 10:08:41.093,1.53537,1.5355,1.50,6.38
2012.01.13 10:08:41.293,1.53535,1.53549,1.50,2.25
2012.01.13 10:08:42.592,1.53535,1.53549,2.25,2.25
2012.01.13 10:08:43.934,1.53535,1.53549,2.25,2.25
2012.01.13 10:08:46.265,1.53536,1.53549,2.63,2.25
2012.01.13 10:08:46.823,1.53537,1.53551,4.50,2.59
2012.01.13 10:08:47.153,1.53537,1.53548,3.00,1.50
2012.01.13 10:08:47.967,1.53537,1.5355,3.00,2.25
2012.01.13 10:08:48.296,1.53537,1.53548,2.25,2.25
2012.01.13 10:08:48.652,1.53534,1.53544,1.50,3.00
2012.01.13 10:08:48.941,1.53532,1.53541,1.50,4.50
2012.01.13 10:08:49.026,1.53528,1.53538,1.50,2.25
2012.01.13 10:08:49.103,1.5353,1.53538,1.50,2.25
2012.01.13 10:08:49.631,1.53534,1.53545,1.50,4.47
2012.01.13 10:08:49.747,1.53538,1.53548,1.50,2.63
2012.01.13 10:08:50.104,1.53538,1.5355,1.50,5.97
2012.01.13 10:08:50.657,1.53538,1.5355,1.50,5.22
2012.01.13 10:08:51.184,1.53538,1.5355,1.50,5.22
2012.01.13 10:08:52.005,1.53538,1.5355,1.50,5.97
2012.01.13 10:08:52.085,1.53536,1.5355,1.50,8.22
2012.01.13 10:08:52.835,1.53539,1.5355,1.50,3.34
2012.01.13 10:08:53.263,1.53537,1.5355,4.50,1.09
2012.01.13 10:08:53.403,1.53537,1.53551,4.50,4.09
2012.01.13 10:08:54.768,1.53537,1.5355,4.50,1.09
2012.01.13 10:08:55.274,1.53537,1.53551,4.50,4.09
2012.01.13 10:08:56.108,1.53541,1.53551,1.50,2.59
2012.01.13 10:08:56.517,1.5354,1.53553,1.50,2.25
2012.01.13 10:08:56.730,1.53541,1.53555,4.13,3.90
2012.01.13 10:08:57.312,1.53545,1.53555,1.50,2.25
2012.01.13 10:08:57.399,1.53545,1.53557,2.25,1.50
2012.01.13 10:08:57.547,1.53542,1.53555,3.00,1.50
2012.01.13 10:08:57.958,1.53542,1.53555,3.00,3.72
2012.01.13 10:08:58.027,1.53542,1.53553,3.00,1.09
2012.01.13 10:08:58.097,1.53541,1.53553,4.13,1.09
2012.01.13 10:08:58.838,1.53542,1.53555,3.00,2.25
2012.01.13 10:08:59.124,1.53542,1.53555,2.25,2.25
2012.01.13 10:08:59.697,1.53538,1.53551,1.50,1.50
2012.01.13 10:08:59.834,1.53539,1.53553,2.25,3.34
2012.01.13 10:09:01.343,1.53539,1.53551,2.25,1.50
2012.01.13 10:09:02.687,1.53537,1.5355,4.50,1.50
2012.01.13 10:09:03.222,1.53538,1.53551,2.25,2.25
2012.01.13 10:09:03.755,1.53538,1.53551,2.25,1.50
2012.01.13 10:09:04.302,1.53538,1.53551,4.13,2.25
2012.01.13 10:09:04.892,1.53538,1.53551,4.13,1.50
2012.01.13 10:09:05.535,1.53538,1.53551,4.13,2.25
2012.01.13 10:09:06.522,1.53538,1.5355,2.63,1.50
2012.01.13 10:09:06.855,1.53536,1.53547,1.50,3.38
2012.01.13 10:09:07.205,1.53538,1.53547,1.88,2.25
2012.01.13 10:09:07.764,1.53538,1.53549,1.88,2.25
2012.01.13 10:09:08.324,1.53538,1.53549,1.88,2.25
2012.01.13 10:09:10.863,1.53538,1.53547,1.88,1.50
2012.01.13 10:09:13.054,1.53539,1.53551,1.50,3.38
2012.01.13 10:09:13.129,1.53543,1.53551,1.88,1.50
2012.01.13 10:09:13.653,1.53543,1.53551,1.88,2.25
2012.01.13 10:09:13.725,1.53538,1.53551,4.88,2.25
2012.01.13 10:09:14.276,1.53538,1.5355,2.63,1.50
2012.01.13 10:09:17.096,1.53538,1.5355,2.63,2.25
2012.01.13 10:09:17.240,1.53537,1.53547,2.25,3.38
2012.01.13 10:09:17.601,1.53536,1.53542,1.88,2.25
2012.01.13 10:09:18.265,1.53536,1.53541,1.88,1.50
2012.01.13 10:09:18.420,1.53523,1.53532,1.88,2.25
2012.01.13 10:09:18.571,1.5352,1.53532,1.50,2.63
2012.01.13 10:09:18.646,1.5352,1.53532,1.50,2.63
2012.01.13 10:09:18.786,1.53518,1.53532,4.13,4.88
2012.01.13 10:09:18.926,1.53518,1.53525,1.88,1.46
2012.01.13 10:09:19.064,1.53515,1.53522,2.25,1.88
2012.01.13 10:09:19.476,1.53512,1.53522,1.50,1.88
2012.01.13 10:09:19.797,1.53513,1.53522,1.50,2.63
2012.01.13 10:09:20.255,1.53511,1.53522,1.50,2.63
2012.01.13 10:09:20.324,1.53511,1.53522,1.50,2.63
2012.01.13 10:09:20.836,1.53511,1.53522,1.50,2.63
2012.01.13 10:09:21.780,1.53511,1.53522,1.50,2.63
2012.01.13 10:09:22.069,1.53509,1.53522,1.50,3.38
2012.01.13 10:09:22.635,1.53508,1.5352,1.88,1.50
2012.01.13 10:09:23.216,1.53511,1.5352,1.50,1.50
2012.01.13 10:09:23.734,1.53511,1.5352,1.50,1.50
2012.01.13 10:09:23.875,1.53509,1.5352,3.00,1.50
2012.01.13 10:09:23.946,1.53509,1.5352,1.50,1.50
2012.01.13 10:09:24.487,1.53508,1.5352,1.88,1.50
2012.01.13 10:09:24.630,1.53508,1.5352,1.88,1.50
2012.01.13 10:09:25.382,1.53508,1.53518,1.88,1.50
2012.01.13 10:09:25.928,1.53517,1.53521,1.88,3.00
2012.01.13 10:09:26.349,1.53508,1.53517,2.25,1.88
2012.01.13 10:09:26.428,1.53504,1.53517,2.25,2.63
2012.01.13 10:09:26.497,1.53504,1.53517,1.50,3.38
2012.01.13 10:09:27.044,1.53503,1.53514,2.63,2.25
2012.01.13 10:09:27.537,1.53516,1.53521,3.00,1.21
2012.01.13 10:09:27.754,1.53507,1.53517,1.88,1.88
2012.01.13 10:09:27.829,1.53507,1.53517,2.25,1.88
2012.01.13 10:09:27.908,1.53507,1.53517,1.50,2.63
2012.01.13 10:09:28.045,1.53503,1.53517,3.38,4.13
2012.01.13 10:09:28.572,1.53503,1.53515,1.88,2.25
2012.01.13 10:09:28.904,1.53503,1.53517,4.13,4.13
2012.01.13 10:09:29.247,1.53516,1.53522,2.25,1.88
2012.01.13 10:09:29.314,1.53511,1.53522,1.50,4.13
2012.01.13 10:09:29.385,1.53508,1.53522,3.75,4.13
2012.01.13 10:09:30.315,1.53508,1.53519,1.88,2.25
2012.01.13 10:09:31.534,1.53508,1.5352,1.88,2.25
2012.01.13 10:09:32.110,1.53508,1.5352,1.88,2.25
2012.01.13 10:09:33.050,1.53508,1.53518,1.88,2.25
2012.01.13 10:09:33.605,1.53508,1.53518,1.88,2.25
2012.01.13 10:09:35.294,1.53508,1.53518,1.88,2.25
2012.01.13 10:09:35.892,1.53508,1.53518,1.88,2.25
2012.01.13 10:09:36.602,1.53508,1.53518,1.88,2.25
2012.01.13 10:09:36.680,1.53508,1.53518,1.88,2.25
2012.01.13 10:09:37.947,1.53508,1.53516,1.88,1.50
2012.01.13 10:09:38.017,1.53508,1.53522,3.38,4.88
2012.01.13 10:09:38.522,1.53508,1.53522,3.38,4.13
2012.01.13 10:09:38.663,1.53508,1.53519,1.88,2.25
2012.01.13 10:09:39.566,1.53508,1.53521,1.88,2.25
2012.01.13 10:09:40.313,1.53508,1.53521,1.88,2.25
2012.01.13 10:09:40.393,1.53508,1.53521,1.88,2.25
2012.01.13 10:09:43.150,1.53509,1.53522,2.59,2.63
2012.01.13 10:09:43.232,1.53509,1.53522,4.09,1.88
2012.01.13 10:09:44.028,1.53518,1.53523,1.88,1.50
2012.01.13 10:09:44.119,1.53518,1.53528,1.88,3.00
2012.01.13 10:09:44.825,1.5352,1.53532,1.50,3.38
2012.01.13 10:09:45.111,1.53518,1.53532,4.13,4.88
2012.01.13 10:09:46.026,1.53518,1.5353,1.88,2.25
2012.01.13 10:09:46.647,1.53518,1.5353,1.88,2.25
2012.01.13 10:09:49.142,1.53518,1.5353,1.88,2.25
2012.01.13 10:09:49.696,1.53518,1.5353,1.88,3.75
2012.01.13 10:09:50.105,1.53518,1.53526,1.88,4.50
2012.01.13 10:09:50.174,1.53514,1.53522,2.25,1.88
2012.01.13 10:09:50.383,1.5351,1.53522,2.25,2.63
2012.01.13 10:09:50.593,1.53508,1.53522,3.38,4.13
2012.01.13 10:09:50.923,1.5351,1.53522,1.50,2.63
2012.01.13 10:09:51.805,1.5351,1.53522,1.50,2.63
2012.01.13 10:09:59.640,1.53513,1.53526,1.88,3.00
2012.01.13 10:09:59.786,1.53513,1.53526,2.63,3.00
2012.01.13 10:09:59.985,1.53518,1.53526,1.88,1.50
2012.01.13 10:10:00.576,1.53518,1.53524,1.88,1.50
2012.01.13 10:10:02.001,1.53513,1.53524,2.63,1.88
2012.01.13 10:10:02.088,1.5351,1.53522,2.25,2.63
2012.01.13 10:10:02.844,1.5351,1.53522,2.25,3.38
2012.01.13 10:10:03.198,1.53507,1.53517,2.25,2.63
2012.01.13 10:10:03.497,1.53503,1.53516,2.63,2.25
2012.01.13 10:10:04.140,1.53506,1.53517,1.50,3.38
2012.01.13 10:10:04.961,1.53508,1.53518,1.88,3.00
2012.01.13 10:10:05.315,1.53508,1.53522,3.38,7.13
2012.01.13 10:10:05.514,1.53508,1.53522,3.38,5.63
2012.01.13 10:10:06.055,1.53508,1.5352,1.88,2.25
2012.01.13 10:10:06.664,1.53508,1.5352,1.88,3.75
2012.01.13 10:10:07.246,1.53508,1.53518,1.88,2.25
2012.01.13 10:10:09.715,1.53508,1.53518,1.88,2.25
2012.01.13 10:10:10.057,1.53508,1.53516,1.88,2.25
2012.01.13 10:10:10.866,1.53503,1.53512,2.63,2.25
2012.01.13 10:10:11.156,1.53503,1.53512,1.88,2.25
2012.01.13 10:10:12.057,1.53503,1.53512,1.88,2.25
2012.01.13 10:10:13.145,1.53503,1.53512,1.88,2.25
2012.01.13 10:10:15.723,1.53501,1.53507,2.25,2.63
2012.01.13 10:10:15.933,1.53493,1.53506,2.63,3.00
2012.01.13 10:10:16.287,1.53492,1.53502,1.50,3.38
2012.01.13 10:10:16.356,1.53492,1.53502,1.50,3.38
2012.01.13 10:10:16.496,1.5349,1.53502,4.50,3.38
2012.01.13 10:10:16.567,1.5349,1.53502,2.25,3.38
2012.01.13 10:10:17.348,1.53482,1.53487,1.50,1.88
2012.01.13 10:10:17.712,1.53476,1.53487,2.25,1.88
2012.01.13 10:10:17.789,1.53478,1.53487,1.50,1.88
2012.01.13 10:10:18.147,1.5348,1.53487,1.50,1.88
2012.01.13 10:10:18.217,1.53478,1.53487,1.50,1.88
2012.01.13 10:10:18.358,1.53481,1.53487,1.50,1.88
2012.01.13 10:10:18.942,1.53479,1.53487,2.25,1.88
2012.01.13 10:10:21.072,1.53475,1.53482,3.00,1.88
2012.01.13 10:10:21.355,1.53474,1.53486,2.25,1.09
2012.01.13 10:10:21.427,1.53474,1.53487,2.25,4.88
2012.01.13 10:10:21.638,1.53475,1.53482,1.50,1.88
2012.01.13 10:10:28.671,1.53478,1.53486,2.25,1.09
2012.01.13 10:10:28.821,1.53478,1.53487,2.25,4.13
2012.01.13 10:10:28.973,1.53489,1.53496,4.50,2.78
2012.01.13 10:10:29.046,1.53491,1.53496,1.88,1.88
2012.01.13 10:10:29.259,1.5349,1.53497,2.63,4.13
2012.01.13 10:10:29.837,1.53488,1.53497,1.50,1.88
2012.01.13 10:10:29.923,1.53493,1.53503,3.38,1.50
2012.01.13 10:10:29.999,1.53493,1.53503,2.63,2.25
2012.01.13 10:10:30.355,1.53492,1.53506,2.25,2.25
2012.01.13 10:10:30.984,1.53494,1.53506,2.25,2.63
2012.01.13 10:10:31.313,1.53494,1.53506,2.25,2.63
2012.01.13 10:10:31.736,1.53494,1.53507,2.25,3.00
2012.01.13 10:10:32.253,1.53493,1.53506,5.63,1.50
2012.01.13 10:10:32.399,1.53493,1.53506,3.38,1.50
2012.01.13 10:10:32.544,1.53493,1.53504,3.38,1.50
2012.01.13 10:10:32.965,1.53493,1.53503,1.88,1.09
2012.01.13 10:10:33.110,1.5349,1.53497,2.25,2.63
2012.01.13 10:10:33.188,1.5349,1.53497,2.25,2.63
2012.01.13 10:10:34.686,1.53488,1.53497,2.25,1.88
2012.01.13 10:10:35.644,1.53486,1.53499,2.25,2.63
2012.01.13 10:10:36.213,1.53488,1.53499,2.25,1.88
2012.01.13 10:10:36.969,1.53486,1.53499,2.25,1.88
2012.01.13 10:10:37.061,1.53486,1.53497,2.25,4.13
2012.01.13 10:10:37.485,1.53486,1.53497,2.25,4.13
2012.01.13 10:10:38.003,1.53486,1.53497,2.25,1.88
2012.01.13 10:10:38.885,1.53488,1.53492,1.50,1.88
2012.01.13 10:10:39.804,1.53486,1.53497,2.25,4.13
2012.01.13 10:10:40.365,1.53486,1.53497,2.25,4.13
2012.01.13 10:10:40.926,1.53486,1.53497,2.25,4.13
2012.01.13 10:10:41.988,1.53486,1.53497,2.25,4.13
2012.01.13 10:10:42.557,1.53484,1.53497,2.25,4.13
2012.01.13 10:10:43.069,1.53484,1.53497,2.25,4.13
2012.01.13 10:10:47.415,1.53484,1.53497,2.25,4.13
2012.01.13 10:10:47.492,1.53486,1.53497,2.25,4.13
2012.01.13 10:10:47.575,1.53486,1.53497,3.75,1.88
2012.01.13 10:10:47.655,1.53488,1.53497,2.25,1.88
2012.01.13 10:10:48.217,1.53488,1.53497,2.25,1.88
2012.01.13 10:10:54.183,1.53488,1.535,3.38,1.50
2012.01.13 10:10:54.734,1.53488,1.53499,2.25,1.88
2012.01.13 10:10:55.975,1.53488,1.53499,2.25,2.63
2012.01.13 10:10:56.063,1.53488,1.53501,3.38,1.50
2012.01.13 10:10:58.149,1.53488,1.53499,3.38,1.50
2012.01.13 10:11:00.154,1.53498,1.5351,4.88,2.25
2012.01.13 10:11:00.515,1.535,1.53512,1.50,2.63
2012.01.13 10:11:01.076,1.53498,1.53512,4.88,4.13
2012.01.13 10:11:01.747,1.53498,1.53512,4.88,4.13
2012.01.13 10:11:02.964,1.53498,1.5351,3.38,1.50
2012.01.13 10:11:03.792,1.53498,1.5351,3.38,1.50
2012.01.13 10:11:04.597,1.53508,1.53512,2.63,1.50
2012.01.13 10:11:04.677,1.53508,1.53517,3.38,1.50
2012.01.13 10:11:04.816,1.53508,1.53519,3.38,1.50
2012.01.13 10:11:05.155,1.53508,1.53517,2.63,1.50
2012.01.13 10:11:05.437,1.53503,1.53515,3.38,1.50
2012.01.13 10:11:05.892,1.53503,1.53515,3.38,1.50
2012.01.13 10:11:06.296,1.53503,1.53515,2.63,1.50
2012.01.13 10:11:06.426,1.53503,1.53512,2.25,1.88
2012.01.13 10:11:06.969,1.53503,1.53517,4.13,6.38
2012.01.13 10:11:07.047,1.53503,1.53517,4.13,5.63
2012.01.13 10:11:07.707,1.53505,1.53517,2.25,1.88
2012.01.13 10:11:08.114,1.53505,1.53517,2.25,1.88
2012.01.13 10:11:08.865,1.53505,1.53517,2.25,1.88
2012.01.13 10:11:10.143,1.53505,1.53517,2.25,1.88
2012.01.13 10:11:11.035,1.53505,1.53517,2.25,1.88
2012.01.13 10:11:12.243,1.53508,1.53519,3.38,1.50
2012.01.13 10:11:12.315,1.53508,1.53517,3.38,1.50
2012.01.13 10:11:12.385,1.53508,1.53519,3.38,1.50
2012.01.13 10:11:12.635,1.53508,1.53521,3.38,1.50
2012.01.13 10:11:13.193,1.53508,1.53521,4.28,1.50
2012.01.13 10:11:13.514,1.53508,1.53519,3.38,1.50
2012.01.13 10:11:15.929,1.53508,1.53519,3.38,1.50
2012.01.13 10:11:16.291,1.53508,1.53516,2.63,2.25
2012.01.13 10:11:16.370,1.53503,1.53514,6.00,1.50
2012.01.13 10:11:16.574,1.53503,1.53514,5.63,1.50
2012.01.13 10:11:17.102,1.53503,1.53514,2.63,2.25
2012.01.13 10:11:17.639,1.53503,1.53514,2.63,2.25
2012.01.13 10:11:18.144,1.53503,1.53514,2.63,2.25
2012.01.13 10:11:19.939,1.53503,1.53512,2.63,1.50
2012.01.13 10:11:20.473,1.53503,1.53512,2.63,2.25
2012.01.13 10:11:23.608,1.53503,1.53512,2.63,2.25
2012.01.13 10:11:23.792,1.53503,1.5351,2.63,1.50
2012.01.13 10:11:24.135,1.53493,1.53502,1.50,1.88
2012.01.13 10:11:24.334,1.53491,1.53502,2.25,1.88
2012.01.13 10:11:24.534,1.53491,1.53502,1.50,4.13
2012.01.13 10:11:24.662,1.53488,1.53502,6.38,4.13
2012.01.13 10:11:25.470,1.5349,1.53499,1.50,2.63
2012.01.13 10:11:25.958,1.53488,1.53499,1.50,2.63
2012.01.13 10:11:28.083,1.53488,1.53499,1.50,2.63
2012.01.13 10:11:28.906,1.53488,1.53497,1.50,1.88
2012.01.13 10:11:29.964,1.53488,1.53499,1.50,2.63
2012.01.13 10:11:30.237,1.5349,1.53499,1.50,1.88
2012.01.13 10:11:31.096,1.53488,1.53499,3.75,1.88
2012.01.13 10:11:31.168,1.5349,1.53499,1.50,1.88
2012.01.13 10:11:31.378,1.5349,1.53502,2.25,2.63
2012.01.13 10:11:31.516,1.53492,1.53502,1.50,2.63
2012.01.13 10:11:32.127,1.53498,1.53506,1.88,3.09
2012.01.13 10:11:32.221,1.53498,1.53508,2.63,3.00
2012.01.13 10:11:32.717,1.53498,1.53508,2.63,1.50
2012.01.13 10:11:33.658,1.53498,1.53511,2.63,2.25
2012.01.13 10:11:34.334,1.53498,1.53511,2.63,2.25
2012.01.13 10:11:34.887,1.53498,1.53508,2.63,2.25
2012.01.13 10:11:35.227,1.53503,1.53514,1.88,1.50
2012.01.13 10:11:35.435,1.535,1.53512,3.00,2.63
2012.01.13 10:11:35.580,1.53504,1.53512,1.50,1.88
2012.01.13 10:11:35.723,1.53502,1.53512,2.25,1.88
2012.01.13 10:11:37.600,1.53503,1.53512,1.50,1.88
2012.01.13 10:11:37.681,1.53505,1.53512,1.50,1.88
2012.01.13 10:11:37.764,1.53505,1.53515,1.50,1.50
2012.01.13 10:11:37.837,1.53503,1.53515,1.88,1.50
2012.01.13 10:11:39.277,1.53504,1.53515,3.00,1.50
2012.01.13 10:11:39.825,1.53504,1.53515,3.00,1.50
2012.01.13 10:11:41.438,1.53502,1.53515,1.50,3.00
2012.01.13 10:11:42.548,1.53503,1.53515,3.00,1.50
2012.01.13 10:11:42.690,1.53503,1.53515,2.25,1.50
2012.01.13 10:11:43.208,1.535,1.53512,1.50,2.63
2012.01.13 10:11:43.309,1.53499,1.53512,1.50,2.63
2012.01.13 10:11:43.872,1.53498,1.53508,2.63,2.25
2012.01.13 10:11:44.625,1.53498,1.53508,2.63,2.25
2012.01.13 10:11:45.645,1.53498,1.53506,2.63,2.25
2012.01.13 10:11:45.779,1.53493,1.53506,1.13,2.25
2012.01.13 10:11:45.860,1.53492,1.53506,1.50,3.75
2012.01.13 10:11:46.147,1.53488,1.53502,3.38,4.13
2012.01.13 10:11:46.405,1.53488,1.53502,3.38,4.13
2012.01.13 10:11:47.004,1.53488,1.53502,3.38,4.88
2012.01.13 10:11:47.514,1.53488,1.535,1.88,2.25
2012.01.13 10:11:49.195,1.53486,1.53499,1.50,2.63
2012.01.13 10:11:50.488,1.53486,1.53499,1.50,2.63
2012.01.13 10:11:50.636,1.53488,1.53499,1.50,2.63
2012.01.13 10:11:50.916,1.53486,1.53499,3.00,2.63
2012.01.13 10:11:51.464,1.53487,1.53499,1.50,2.63
2012.01.13 10:11:52.008,1.53487,1.53499,2.25,1.88
2012.01.13 10:11:52.574,1.53485,1.53498,2.25,1.50
2012.01.13 10:11:52.663,1.53483,1.53496,2.63,2.25
2012.01.13 10:11:53.205,1.53483,1.53496,3.38,1.50
2012.01.13 10:11:53.761,1.53483,1.53496,3.38,2.25
2012.01.13 10:11:54.317,1.53484,1.53497,2.25,2.63
2012.01.13 10:11:54.877,1.53483,1.53496,4.88,1.50
2012.01.13 10:11:55.435,1.53485,1.53497,2.25,2.63
2012.01.13 10:11:56.035,1.53485,1.53497,2.25,1.88
2012.01.13 10:11:56.260,1.53491,1.53499,1.50,1.50
2012.01.13 10:11:56.623,1.53498,1.53506,3.38,1.88
2012.01.13 10:11:57.150,1.53499,1.53511,2.25,3.00
2012.01.13 10:11:57.238,1.53499,1.53511,2.25,1.13
2012.01.13 10:11:57.742,1.53499,1.53512,2.25,1.88
2012.01.13 10:11:58.313,1.53504,1.53512,1.50,1.88
2012.01.13 10:11:58.797,1.53506,1.53516,2.25,1.13
2012.01.13 10:11:59.099,1.53509,1.53516,2.25,2.63
2012.01.13 10:11:59.247,1.53509,1.53517,2.25,2.63
2012.01.13 10:11:59.387,1.53506,1.53517,2.25,1.88
2012.01.13 10:11:59.527,1.53506,1.53517,2.25,2.63
2012.01.13 10:12:00.093,1.53509,1.53517,2.25,2.63
2012.01.13 10:12:01.463,1.53507,1.53513,2.25,1.88
2012.01.13 10:12:01.957,1.53504,1.53518,4.13,4.13
2012.01.13 10:12:02.307,1.53509,1.5352,1.88,2.63
2012.01.13 10:12:02.663,1.53509,1.5352,2.63,1.50
2012.01.13 10:12:02.741,1.5351,1.53523,2.25,2.25
2012.01.13 10:12:04.525,1.53512,1.53523,2.25,1.88
2012.01.13 10:12:04.869,1.53514,1.53525,2.25,1.13
2012.01.13 10:12:05.374,1.53518,1.53528,2.25,2.63
2012.01.13 10:12:06.009,1.53516,1.53526,1.50,2.63
2012.01.13 10:12:06.556,1.53514,1.53526,2.25,2.63
2012.01.13 10:12:07.094,1.53514,1.53526,2.25,2.63
2012.01.13 10:12:07.657,1.53514,1.53526,3.00,2.63
2012.01.13 10:12:09.112,1.53516,1.53526,2.25,1.09
2012.01.13 10:12:09.397,1.53516,1.5352,1.50,2.25
2012.01.13 10:12:09.468,1.53514,1.5352,2.25,2.25
2012.01.13 10:12:09.676,1.53514,1.53523,2.25,1.88
2012.01.13 10:12:09.818,1.5351,1.5352,2.25,2.25
2012.01.13 10:12:09.887,1.5351,1.53523,2.25,2.25
2012.01.13 10:12:10.417,1.53509,1.53523,4.13,3.38
2012.01.13 10:12:12.533,1.53513,1.53523,2.25,1.88
2012.01.13 10:12:12.889,1.53516,1.53525,2.25,1.13
2012.01.13 10:12:13.603,1.53516,1.53527,2.25,2.59
2012.01.13 10:12:14.123,1.53516,1.53529,2.25,2.63
2012.01.13 10:12:14.248,1.53518,1.53528,2.25,1.88
2012.01.13 10:12:14.332,1.53516,1.53528,2.25,1.88
2012.01.13 10:12:14.480,1.53514,1.53526,2.63,1.50
2012.01.13 10:12:14.561,1.53515,1.53528,3.00,3.38
2012.01.13 10:12:14.638,1.53515,1.53528,3.00,3.38
2012.01.13 10:12:15.767,1.53516,1.53528,3.75,1.88
2012.01.13 10:12:15.910,1.53514,1.53528,4.13,4.13
2012.01.13 10:12:16.274,1.53514,1.53522,2.63,1.50
2012.01.13 10:12:16.428,1.53514,1.53522,1.88,1.50
2012.01.13 10:12:16.638,1.53514,1.53524,1.88,3.75
2012.01.13 10:12:20.083,1.53515,1.53524,4.50,2.25
2012.01.13 10:12:20.534,1.53514,1.53528,4.13,2.71
2012.01.13 10:12:20.625,1.53519,1.5353,2.63,1.50
2012.01.13 10:12:21.217,1.53519,1.53527,2.63,1.50
2012.01.13 10:12:21.285,1.53519,1.53529,2.63,1.50
2012.01.13 10:12:21.478,1.53519,1.53529,1.88,1.50
2012.01.13 10:12:21.697,1.53514,1.53525,2.63,1.50
2012.01.13 10:12:21.842,1.53514,1.53523,2.63,1.50
2012.01.13 10:12:23.020,1.53514,1.53522,1.88,1.50
2012.01.13 10:12:23.764,1.53513,1.53522,1.88,1.50
2012.01.13 10:12:25.188,1.53513,1.53524,1.88,2.25
2012.01.13 10:12:25.706,1.53513,1.53522,1.88,1.50
2012.01.13 10:12:26.212,1.53513,1.53524,1.88,3.75
2012.01.13 10:12:27.112,1.53513,1.53524,1.88,2.25
2012.01.13 10:12:27.328,1.53513,1.53524,1.88,2.25
2012.01.13 10:12:27.935,1.53513,1.53524,1.88,3.75
2012.01.13 10:12:28.476,1.53513,1.53522,1.88,1.50
2012.01.13 10:12:31.155,1.53513,1.53524,1.88,3.75
2012.01.13 10:12:31.228,1.53513,1.53526,2.63,3.75
2012.01.13 10:12:31.728,1.53513,1.53526,2.63,1.50
2012.01.13 10:12:31.831,1.53514,1.53527,2.25,1.88
2012.01.13 10:12:32.423,1.53514,1.53527,2.25,1.88
2012.01.13 10:12:33.054,1.53513,1.53526,2.63,1.50
2012.01.13 10:12:33.687,1.53513,1.53526,2.63,1.50
2012.01.13 10:12:35.228,1.53513,1.53526,2.63,3.00
2012.01.13 10:12:35.497,1.53513,1.53526,1.88,3.00
2012.01.13 10:12:36.045,1.53513,1.53522,1.88,1.50
2012.01.13 10:12:36.741,1.53513,1.53524,1.88,2.25
2012.01.13 10:12:37.299,1.53513,1.53522,1.88,1.50
2012.01.13 10:12:38.567,1.53513,1.53524,1.88,2.25
2012.01.13 10:12:40.627,1.53513,1.53524,1.88,2.25
2012.01.13 10:12:41.603,1.53513,1.53526,1.88,2.25
2012.01.13 10:12:42.524,1.53513,1.53526,1.88,2.25
2012.01.13 10:12:43.128,1.53513,1.53526,2.63,1.50
2012.01.13 10:12:43.471,1.53515,1.53526,2.63,1.50
2012.01.13 10:12:44.206,1.53525,1.53532,3.75,2.25
2012.01.13 10:12:44.290,1.53528,1.53539,1.88,1.13
2012.01.13 10:12:44.509,1.53528,1.53541,2.63,2.25
2012.01.13 10:12:44.728,1.5353,1.53542,2.25,2.63
2012.01.13 10:12:45.287,1.5353,1.53542,2.25,1.88
2012.01.13 10:12:46.143,1.5353,1.53542,2.25,2.63
2012.01.13 10:12:46.711,1.53534,1.53542,2.25,1.88
2012.01.13 10:12:47.454,1.53532,1.53542,1.50,1.88
2012.01.13 10:12:48.006,1.53528,1.53542,4.13,3.38
2012.01.13 10:12:48.539,1.53528,1.53538,2.63,1.50
2012.01.13 10:12:48.618,1.53528,1.5354,2.63,1.50
2012.01.13 10:12:48.885,1.53528,1.5354,2.63,1.50
2012.01.13 10:12:49.026,1.53528,1.5354,2.63,2.25
2012.01.13 10:12:49.238,1.53528,1.53539,2.63,1.50
2012.01.13 10:12:49.585,1.53528,1.53541,2.63,1.50
2012.01.13 10:12:50.713,1.53528,1.53539,2.63,1.50
2012.01.13 10:12:51.874,1.53529,1.53539,2.63,1.50
2012.01.13 10:12:51.948,1.53529,1.53541,2.63,3.75
2012.01.13 10:12:52.754,1.53529,1.53541,2.63,1.50
2012.01.13 10:12:52.896,1.53529,1.53539,2.63,1.50
2012.01.13 10:12:53.236,1.53529,1.53537,2.63,1.50
2012.01.13 10:12:53.303,1.53529,1.53539,2.63,3.00
2012.01.13 10:12:53.854,1.53529,1.53539,2.63,1.50
2012.01.13 10:12:56.312,1.53529,1.53541,2.63,1.50
2012.01.13 10:12:56.823,1.53529,1.53539,2.63,1.50
2012.01.13 10:12:57.174,1.53529,1.53537,2.63,1.50
2012.01.13 10:12:57.635,1.53529,1.53539,2.63,3.00
2012.01.13 10:12:58.710,1.53529,1.53539,2.63,1.50
2012.01.13 10:12:59.054,1.53529,1.53541,2.63,1.50
2012.01.13 10:12:59.199,1.53529,1.53539,2.63,1.50
2012.01.13 10:13:00.065,1.53529,1.53537,2.63,1.50
2012.01.13 10:13:00.425,1.53523,1.53533,2.25,1.88
2012.01.13 10:13:00.953,1.53521,1.53533,2.25,1.88
2012.01.13 10:13:01.024,1.53521,1.53533,2.25,2.63
2012.01.13 10:13:01.356,1.53519,1.53531,2.63,1.50
2012.01.13 10:13:01.622,1.53519,1.53531,2.63,2.25
2012.01.13 10:13:02.274,1.53519,1.53533,4.13,4.13
2012.01.13 10:13:03.194,1.53529,1.53538,1.88,1.88
2012.01.13 10:13:03.814,1.53529,1.53535,1.88,1.50
2012.01.13 10:13:04.188,1.53529,1.53537,1.88,1.50
2012.01.13 10:13:04.537,1.53529,1.53534,1.88,1.50
2012.01.13 10:13:05.014,1.53529,1.53536,1.88,3.00
2012.01.13 10:13:05.204,1.53529,1.53538,1.88,2.25
2012.01.13 10:13:06.005,1.53529,1.53537,1.88,1.50
2012.01.13 10:13:06.195,1.53524,1.53537,2.63,1.50
2012.01.13 10:13:06.265,1.53524,1.53535,2.63,1.50
2012.01.13 10:13:06.685,1.53522,1.53533,3.00,1.88
2012.01.13 10:13:07.089,1.53521,1.53533,2.25,1.88
2012.01.13 10:13:08.320,1.53521,1.53533,3.75,1.88
2012.01.13 10:13:08.901,1.53525,1.53533,2.25,1.88
2012.01.13 10:13:08.973,1.53527,1.53538,2.25,1.88
2012.01.13 10:13:09.528,1.53525,1.53538,2.25,1.88
2012.01.13 10:13:10.295,1.53525,1.53538,2.25,1.88
2012.01.13 10:13:10.909,1.53525,1.53537,2.25,1.88
2012.01.13 10:13:13.585,1.53523,1.53537,5.63,3.38
2012.01.13 10:13:17.190,1.53523,1.53532,2.25,1.88
2012.01.13 10:13:17.268,1.53523,1.53532,4.50,1.88
2012.01.13 10:13:17.835,1.53521,1.53531,2.25,1.50
2012.01.13 10:13:18.336,1.53519,1.53532,2.25,1.88
2012.01.13 10:13:19.059,1.53518,1.5353,2.63,1.50
2012.01.13 10:13:19.412,1.53515,1.53527,2.25,1.88
2012.01.13 10:13:19.488,1.53514,1.53527,3.00,3.38
2012.01.13 10:13:20.174,1.53513,1.53527,4.13,3.38
2012.01.13 10:13:20.758,1.53513,1.53527,4.13,3.38
2012.01.13 10:13:21.320,1.53515,1.53527,2.25,1.88
2012.01.13 10:13:21.874,1.53513,1.53527,4.13,3.38
2012.01.13 10:13:22.855,1.53513,1.53527,4.13,3.38
2012.01.13 10:13:24.429,1.53513,1.53525,2.63,1.50
2012.01.13 10:13:24.510,1.53513,1.53523,1.88,1.50
2012.01.13 10:13:25.001,1.53513,1.53523,1.88,2.25
2012.01.13 10:13:25.363,1.53513,1.53519,1.88,1.96
2012.01.13 10:13:25.929,1.53503,1.53514,3.30,3.75
2012.01.13 10:13:26.029,1.53501,1.53513,2.25,1.50
2012.01.13 10:13:26.252,1.53501,1.53514,2.25,3.00
2012.01.13 10:13:26.683,1.53507,1.53517,1.50,4.16
2012.01.13 10:13:27.458,1.53508,1.53517,1.88,1.54
2012.01.13 10:13:27.984,1.53508,1.53518,1.88,3.79
2012.01.13 10:13:28.527,1.53509,1.53518,1.88,2.25
2012.01.13 10:13:28.599,1.53509,1.53518,2.63,1.50
2012.01.13 10:13:28.670,1.53509,1.53518,2.63,1.50
2012.01.13 10:13:29.032,1.53512,1.53522,2.25,1.50
2012.01.13 10:13:29.630,1.53512,1.53523,1.50,1.88
2012.01.13 10:13:29.722,1.5351,1.53523,3.00,3.38
2012.01.13 10:13:29.805,1.5351,1.53523,1.50,3.38
2012.01.13 10:13:30.159,1.53509,1.5352,1.88,2.25
2012.01.13 10:13:32.248,1.53509,1.53522,4.13,1.50
2012.01.13 10:13:32.801,1.53509,1.53523,3.38,4.88
2012.01.13 10:13:33.491,1.53509,1.53521,3.38,3.00
2012.01.13 10:13:33.597,1.53509,1.53517,1.88,2.25
2012.01.13 10:13:33.686,1.53504,1.53517,1.88,2.25
2012.01.13 10:13:33.897,1.53504,1.53515,1.88,2.25
2012.01.13 10:13:34.647,1.53504,1.53513,1.88,2.25
2012.01.13 10:13:37.726,1.53504,1.5351,1.88,1.13
2012.01.13 10:13:37.925,1.53502,1.53508,2.25,1.13
2012.01.13 10:13:38.068,1.53499,1.53508,1.88,1.13
2012.01.13 10:13:38.335,1.53499,1.53508,1.88,1.13
2012.01.13 10:13:38.466,1.53497,1.53508,2.25,3.00
2012.01.13 10:13:38.535,1.53494,1.53507,2.63,2.25
2012.01.13 10:13:39.110,1.53493,1.53503,1.50,2.63
2012.01.13 10:13:40.418,1.53493,1.53503,1.50,2.63
2012.01.13 10:13:40.913,1.53494,1.53507,1.88,2.25
2012.01.13 10:13:40.990,1.53491,1.53506,1.50,1.50
2012.01.13 10:13:41.495,1.53492,1.53503,2.25,2.63
2012.01.13 10:13:41.845,1.53491,1.53498,1.50,2.63
2012.01.13 10:13:41.918,1.53489,1.53493,1.50,1.88
2012.01.13 10:13:42.325,1.53487,1.53493,1.50,2.63
2012.01.13 10:13:42.396,1.53485,1.53493,1.50,2.63
2012.01.13 10:13:42.536,1.53487,1.53493,1.50,1.88
2012.01.13 10:13:42.676,1.53482,1.53493,2.25,2.63
2012.01.13 10:13:42.747,1.53482,1.53493,2.25,2.63
2012.01.13 10:13:42.816,1.53485,1.53493,1.50,2.63
2012.01.13 10:13:43.086,1.53485,1.53493,1.50,2.63
2012.01.13 10:13:43.603,1.53486,1.53498,1.50,4.88
2012.01.13 10:13:44.562,1.53488,1.53498,1.50,4.88
2012.01.13 10:13:44.650,1.53491,1.53502,1.50,3.00
2012.01.13 10:13:44.734,1.53494,1.53503,1.88,3.00
2012.01.13 10:13:45.100,1.53497,1.53508,1.50,4.88
2012.01.13 10:13:45.180,1.53499,1.53508,1.88,3.00
2012.01.13 10:13:45.395,1.53499,1.53511,1.88,3.00
2012.01.13 10:13:46.577,1.53504,1.53513,1.88,1.50
2012.01.13 10:13:46.658,1.53507,1.53517,1.50,2.25
2012.01.13 10:13:46.726,1.53505,1.53518,1.50,6.38
2012.01.13 10:13:46.865,1.53505,1.53518,1.50,4.88
2012.01.13 10:13:47.215,1.53509,1.53519,1.88,3.00
2012.01.13 10:13:48.687,1.53504,1.53517,2.63,2.25
2012.01.13 10:13:49.588,1.53504,1.53515,1.88,2.25
2012.01.13 10:13:49.669,1.53504,1.53515,1.88,2.25
2012.01.13 10:13:49.878,1.53504,1.53513,1.88,1.50
2012.01.13 10:13:50.158,1.53504,1.53515,1.88,2.25
2012.01.13 10:13:50.778,1.53504,1.53513,1.88,1.50
2012.01.13 10:13:50.849,1.53504,1.53515,1.88,2.25
2012.01.13 10:13:50.936,1.53509,1.53515,1.88,1.50
2012.01.13 10:13:51.728,1.53509,1.53517,1.88,1.50
2012.01.13 10:13:51.803,1.53509,1.53519,1.88,1.50
2012.01.13 10:13:52.437,1.53509,1.5352,1.88,2.25
2012.01.13 10:13:53.898,1.53507,1.53517,2.25,1.88
2012.01.13 10:13:54.531,1.53503,1.53517,4.13,3.38
2012.01.13 10:14:03.943,1.53509,1.53517,1.88,2.25
2012.01.13 10:14:04.607,1.53509,1.5352,1.88,2.25
2012.01.13 10:14:04.677,1.53509,1.53518,1.88,1.50
2012.01.13 10:14:05.736,1.53509,1.53521,1.88,2.25
2012.01.13 10:14:06.487,1.53509,1.53521,1.88,2.25
2012.01.13 10:14:07.057,1.53509,1.53521,1.88,2.25
2012.01.13 10:14:08.808,1.53509,1.53521,1.88,2.25
2012.01.13 10:14:13.769,1.53509,1.53521,2.63,2.25
2012.01.13 10:14:14.045,1.53509,1.53521,2.63,1.50
2012.01.13 10:14:14.244,1.53509,1.53523,5.63,3.38
2012.01.13 10:14:14.444,1.53514,1.53523,1.88,1.50
2012.01.13 10:14:15.006,1.53514,1.53525,1.88,3.75
2012.01.13 10:14:15.405,1.53514,1.53522,1.88,1.50
2012.01.13 10:14:16.409,1.53514,1.5352,1.88,2.25
2012.01.13 10:14:16.622,1.53514,1.53522,1.88,1.50
2012.01.13 10:14:16.966,1.53514,1.53522,2.63,1.50
2012.01.13 10:14:17.320,1.53518,1.53524,1.88,1.50
2012.01.13 10:14:17.469,1.53516,1.53523,1.50,1.88
2012.01.13 10:14:17.539,1.53514,1.53523,4.13,1.88
2012.01.13 10:14:17.688,1.53519,1.53523,1.88,1.50
2012.01.13 10:14:18.198,1.53519,1.53525,1.88,2.25
2012.01.13 10:14:19.446,1.53519,1.53525,1.88,2.25
2012.01.13 10:14:19.576,1.53514,1.53521,2.63,1.50
2012.01.13 10:14:23.718,1.53519,1.53524,1.88,2.25
2012.01.13 10:14:24.260,1.53519,1.53524,1.88,1.50
2012.01.13 10:14:27.033,1.53514,1.53522,2.63,1.50
2012.01.13 10:14:27.104,1.53519,1.53524,1.88,1.50
2012.01.13 10:14:27.647,1.53514,1.53521,2.63,1.50
2012.01.13 10:14:28.247,1.53519,1.53523,1.88,3.00
2012.01.13 10:14:31.646,1.53519,1.53525,1.88,2.25
2012.01.13 10:14:32.737,1.53519,1.53523,1.88,3.75
2012.01.13 10:14:33.229,1.53514,1.53523,1.88,1.50
2012.01.13 10:14:33.449,1.53519,1.53525,1.88,2.25
2012.01.13 10:14:33.798,1.53519,1.53523,1.88,1.50
2012.01.13 10:14:34.659,1.53514,1.53521,2.63,1.50
2012.01.13 10:14:34.740,1.53514,1.53523,1.88,1.50
2012.01.13 10:14:34.887,1.53514,1.5352,1.88,2.25
2012.01.13 10:14:35.311,1.53514,1.53523,1.88,1.50
2012.01.13 10:14:35.670,1.5351,1.53522,2.25,1.09
2012.01.13 10:14:35.818,1.53508,1.53518,3.75,1.88
2012.01.13 10:14:36.464,1.53508,1.53518,2.25,1.88
2012.01.13 10:14:36.550,1.53506,1.53518,2.25,2.63
2012.01.13 10:14:36.632,1.53506,1.53518,1.50,2.63
2012.01.13 10:14:36.707,1.53504,1.53518,4.88,4.13
2012.01.13 10:14:36.920,1.53506,1.53518,1.50,2.63
2012.01.13 10:14:37.288,1.5351,1.53523,1.50,2.63
2012.01.13 10:14:37.975,1.53509,1.53522,2.63,2.25
2012.01.13 10:14:38.628,1.5351,1.53523,1.50,2.63
2012.01.13 10:14:41.792,1.53509,1.53522,2.63,2.25
2012.01.13 10:14:42.314,1.53509,1.53522,1.88,2.25
2012.01.13 10:14:43.224,1.53509,1.53522,2.63,2.25
2012.01.13 10:14:43.785,1.5351,1.53523,1.50,3.38
2012.01.13 10:14:44.479,1.5351,1.53523,2.25,2.97
2012.01.13 10:14:45.023,1.5351,1.53523,1.50,2.63
2012.01.13 10:14:45.476,1.53512,1.53523,1.50,2.63
2012.01.13 10:14:46.279,1.53512,1.53523,1.50,2.63
2012.01.13 10:14:46.356,1.53509,1.53522,2.63,2.25
2012.01.13 10:14:46.493,1.53509,1.53522,1.88,2.25
2012.01.13 10:14:47.012,1.53509,1.5352,1.88,2.25
2012.01.13 10:14:48.386,1.53509,1.5352,1.88,2.25
2012.01.13 10:14:50.194,1.53509,1.5352,1.88,2.25
2012.01.13 10:14:50.729,1.53509,1.5352,1.88,2.25
2012.01.13 10:14:51.324,1.53509,1.5352,1.88,2.25
2012.01.13 10:14:56.473,1.53509,1.5352,1.88,2.25
2012.01.13 10:14:57.120,1.53509,1.5352,1.88,2.25
2012.01.13 10:14:59.029,1.53508,1.5352,1.88,2.25
2012.01.13 10:14:59.547,1.53508,1.5352,1.88,2.25
2012.01.13 10:15:00.084,1.53508,1.5352,1.88,2.25
2012.01.13 10:15:00.612,1.53508,1.5352,2.63,1.50
2012.01.13 10:15:00.759,1.53508,1.5352,1.88,2.25
2012.01.13 10:15:03.431,1.53508,1.5352,2.63,2.25
2012.01.13 10:15:03.975,1.53508,1.53522,3.38,4.13
2012.01.13 10:15:04.743,1.53508,1.5352,2.63,2.25
2012.01.13 10:15:05.513,1.53508,1.5352,2.63,1.50
2012.01.13 10:15:06.185,1.53509,1.53522,2.25,2.63
2012.01.13 10:15:06.263,1.53511,1.53522,1.50,2.63
2012.01.13 10:15:06.526,1.53508,1.53522,4.13,4.13
2012.01.13 10:15:07.073,1.5351,1.53522,1.50,2.63
2012.01.13 10:15:07.582,1.5351,1.53522,2.25,2.63
2012.01.13 10:15:07.788,1.53509,1.53522,1.50,3.38
2012.01.13 10:15:08.129,1.53518,1.53527,1.88,3.00
2012.01.13 10:15:08.211,1.53518,1.53528,2.63,2.25
2012.01.13 10:15:08.918,1.53518,1.53532,4.13,4.13
2012.01.13 10:15:09.539,1.5352,1.53532,1.50,2.63
2012.01.13 10:15:09.807,1.53518,1.53532,4.13,4.13
2012.01.13 10:15:10.467,1.53518,1.53529,1.88,1.13
2012.01.13 10:15:10.546,1.53518,1.53529,3.38,1.13
2012.01.13 10:15:10.765,1.53518,1.53527,1.88,1.50
2012.01.13 10:15:11.565,1.53518,1.53528,1.88,2.25
2012.01.13 10:15:16.311,1.53518,1.53529,1.88,1.13
2012.01.13 10:15:16.388,1.53518,1.5353,2.63,1.88
2012.01.13 10:15:16.748,1.53527,1.53532,2.25,4.35
2012.01.13 10:15:17.323,1.53518,1.53527,2.63,1.50
2012.01.13 10:15:17.486,1.53518,1.53528,1.88,2.25
2012.01.13 10:15:17.765,1.5352,1.53532,1.50,4.35
2012.01.13 10:15:17.908,1.53518,1.5353,4.13,2.25
2012.01.13 10:15:18.185,1.53518,1.53529,1.88,1.13
2012.01.13 10:15:19.069,1.53518,1.53531,1.88,2.25
2012.01.13 10:15:19.433,1.53518,1.53525,1.88,1.50
2012.01.13 10:15:19.793,1.53513,1.53525,2.63,3.00
2012.01.13 10:15:20.371,1.53515,1.53527,1.50,2.63
2012.01.13 10:15:20.447,1.53517,1.53527,1.50,2.63
2012.01.13 10:15:20.890,1.53517,1.53527,1.50,2.63
2012.01.13 10:15:20.966,1.53515,1.53527,1.50,4.13
2012.01.13 10:15:21.034,1.53513,1.53527,3.38,4.13
2012.01.13 10:15:21.284,1.53517,1.53527,1.50,2.63
2012.01.13 10:15:21.355,1.53517,1.53527,1.50,2.63
2012.01.13 10:15:22.006,1.53515,1.53527,1.50,2.63
2012.01.13 10:15:22.085,1.53517,1.53527,1.50,2.63
2012.01.13 10:15:23.041,1.53518,1.53525,1.88,1.50
2012.01.13 10:15:23.564,1.53518,1.53527,1.88,2.25
2012.01.13 10:15:24.080,1.53518,1.53525,1.88,1.50
2012.01.13 10:15:24.650,1.53518,1.53525,1.88,2.25
2012.01.13 10:15:25.186,1.53513,1.53522,1.88,1.50
2012.01.13 10:15:25.386,1.53513,1.53526,1.88,2.25
2012.01.13 10:15:28.117,1.53513,1.53526,2.63,2.25
2012.01.13 10:15:28.522,1.53517,1.53527,1.50,2.63
2012.01.13 10:15:28.600,1.53515,1.53525,1.50,1.50
2012.01.13 10:15:28.745,1.53513,1.53525,2.63,2.25
2012.01.13 10:15:29.247,1.53513,1.53527,3.38,5.63
2012.01.13 10:15:31.577,1.53513,1.53527,3.38,4.20
2012.01.13 10:15:31.647,1.53513,1.53523,3.38,1.20
2012.01.13 10:15:32.780,1.53513,1.5352,1.88,2.25
2012.01.13 10:15:33.131,1.53508,1.53519,1.88,2.25
2012.01.13 10:15:33.490,1.53508,1.53518,1.88,3.00
2012.01.13 10:15:33.574,1.53505,1.53518,1.50,4.13
2012.01.13 10:15:34.691,1.53508,1.53516,1.88,1.50
2012.01.13 10:15:34.770,1.53508,1.53514,1.88,1.50
2012.01.13 10:15:34.923,1.53502,1.53512,1.50,2.63
2012.01.13 10:15:35.328,1.53502,1.53512,1.50,2.63
2012.01.13 10:15:35.827,1.535,1.53512,1.50,2.63
2012.01.13 10:15:36.993,1.53502,1.53512,1.50,2.63
2012.01.13 10:15:37.148,1.53508,1.5352,3.38,1.50
2012.01.13 10:15:37.605,1.53508,1.53521,3.38,1.50
2012.01.13 10:15:37.886,1.53506,1.53512,1.50,1.88
2012.01.13 10:15:37.962,1.53503,1.53513,4.13,3.00
2012.01.13 10:15:38.037,1.53504,1.53513,1.50,2.25
2012.01.13 10:15:38.105,1.53506,1.53517,2.25,1.88
2012.01.13 10:15:38.175,1.53508,1.53518,1.88,3.38
2012.01.13 10:15:38.309,1.53509,1.53522,1.50,3.00
2012.01.13 10:15:38.834,1.53508,1.53521,2.63,2.25
2012.01.13 10:15:39.897,1.53509,1.53522,1.50,2.63
2012.01.13 10:15:41.275,1.53508,1.53521,1.88,2.25
2012.01.13 10:15:42.004,1.53508,1.53521,2.63,2.25
2012.01.13 10:15:42.999,1.53508,1.53519,1.88,2.25
2012.01.13 10:15:43.147,1.53508,1.53519,2.63,1.50
2012.01.13 10:15:43.215,1.53508,1.53519,1.88,2.25
2012.01.13 10:15:43.360,1.53513,1.53522,2.25,1.95
2012.01.13 10:15:43.512,1.53511,1.53522,2.25,1.88
2012.01.13 10:15:43.587,1.53511,1.53522,1.50,2.63
2012.01.13 10:15:43.659,1.53509,1.53522,1.50,2.63
2012.01.13 10:15:43.739,1.53513,1.53522,2.25,2.63
2012.01.13 10:15:43.875,1.53508,1.53521,1.88,2.25
2012.01.13 10:15:44.723,1.53508,1.53521,1.88,2.25
2012.01.13 10:15:45.266,1.53509,1.53522,1.50,2.63
2012.01.13 10:15:45.835,1.53508,1.53521,1.88,2.25
2012.01.13 10:15:46.369,1.53508,1.53521,1.88,2.25
2012.01.13 10:15:48.216,1.53508,1.53521,1.88,2.25
2012.01.13 10:15:48.710,1.53505,1.53518,1.50,3.00
2012.01.13 10:15:48.800,1.53503,1.53514,1.88,2.25
2012.01.13 10:15:58.355,1.53503,1.53513,1.88,2.25
2012.01.13 10:15:59.961,1.53504,1.53517,3.38,2.25
2012.01.13 10:16:03.637,1.53504,1.53515,1.88,2.25
2012.01.13 10:16:04.171,1.53504,1.53515,3.38,1.50
2012.01.13 10:16:04.519,1.53509,1.53522,1.88,2.59
2012.01.13 10:16:05.079,1.53509,1.53519,1.88,2.25
2012.01.13 10:16:05.591,1.53508,1.53518,1.50,1.88
2012.01.13 10:16:05.676,1.53509,1.53522,2.63,2.25
2012.01.13 10:16:06.197,1.53509,1.53522,2.63,2.25
2012.01.13 10:16:06.806,1.53509,1.53522,2.63,2.25
2012.01.13 10:16:07.353,1.53509,1.53522,2.63,2.25
2012.01.13 10:16:07.873,1.53509,1.53522,2.63,2.25
2012.01.13 10:16:09.618,1.53509,1.53522,1.88,2.25
2012.01.13 10:16:10.177,1.53509,1.53522,1.88,2.25
2012.01.13 10:16:10.713,1.53509,1.53518,1.88,2.25
2012.01.13 10:16:11.766,1.53509,1.53518,1.88,2.25
2012.01.13 10:16:12.597,1.53509,1.5352,1.88,2.25
2012.01.13 10:16:13.155,1.53509,1.5352,1.88,2.25
2012.01.13 10:16:13.878,1.5351,1.53523,1.50,2.63
2012.01.13 10:16:13.952,1.5351,1.53523,1.50,2.63
2012.01.13 10:16:15.499,1.53514,1.53525,1.88,2.25
2012.01.13 10:16:16.052,1.53514,1.53526,3.38,1.50
2012.01.13 10:16:17.174,1.53514,1.53526,1.88,2.25
2012.01.13 10:16:18.854,1.53514,1.53526,1.88,2.25
2012.01.13 10:16:19.695,1.53514,1.53528,3.38,7.50
2012.01.13 10:16:20.048,1.53519,1.53532,2.63,1.84
2012.01.13 10:16:20.602,1.53521,1.53532,1.09,1.50
2012.01.13 10:16:20.760,1.53526,1.53538,2.25,4.88
2012.01.13 10:16:21.413,1.53526,1.53538,2.25,4.13
2012.01.13 10:16:22.245,1.53526,1.53538,2.25,4.13
2012.01.13 10:16:22.786,1.53525,1.53538,1.50,5.63
2012.01.13 10:16:23.924,1.53525,1.53535,1.50,1.50
2012.01.13 10:16:24.008,1.53525,1.53537,2.25,1.50
2012.01.13 10:16:24.560,1.53525,1.53537,1.50,1.50
2012.01.13 10:16:25.107,1.53525,1.53538,3.00,4.13
2012.01.13 10:16:29.885,1.53525,1.53537,2.25,1.88
2012.01.13 10:16:30.913,1.53525,1.53537,2.25,1.88
2012.01.13 10:16:31.579,1.53525,1.53537,3.00,1.88
2012.01.13 10:16:33.535,1.53525,1.53537,3.00,1.88
2012.01.13 10:16:34.164,1.53525,1.53537,3.00,1.88
2012.01.13 10:16:34.475,1.53525,1.53537,3.00,1.88
2012.01.13 10:16:35.022,1.53526,1.53537,1.50,1.88
2012.01.13 10:16:35.893,1.53525,1.53537,2.25,1.88
2012.01.13 10:16:36.414,1.53525,1.53537,2.25,1.88
2012.01.13 10:16:37.652,1.53526,1.53537,1.50,1.88
2012.01.13 10:16:38.164,1.53526,1.53537,1.50,1.88
2012.01.13 10:16:38.764,1.53526,1.53537,1.50,1.88
2012.01.13 10:16:39.473,1.53525,1.53537,2.25,1.88
2012.01.13 10:16:40.135,1.53527,1.53537,1.50,1.88
2012.01.13 10:16:41.079,1.53525,1.53537,2.25,1.88
2012.01.13 10:16:41.417,1.53527,1.53537,2.25,1.88
2012.01.13 10:16:41.968,1.53527,1.53537,2.25,1.88
2012.01.13 10:16:42.803,1.53527,1.53537,2.25,1.88
2012.01.13 10:16:43.568,1.53526,1.53537,1.50,1.88
2012.01.13 10:16:44.205,1.53527,1.53537,2.25,1.88
2012.01.13 10:16:44.736,1.53527,1.53538,2.25,2.25
2012.01.13 10:16:45.336,1.53526,1.53538,1.50,2.25
2012.01.13 10:16:45.864,1.53526,1.53538,1.50,2.25
2012.01.13 10:16:46.427,1.53525,1.53538,2.25,2.25
2012.01.13 10:16:46.978,1.53523,1.53537,2.25,1.50
2012.01.13 10:16:48.306,1.53523,1.53537,2.25,2.25
2012.01.13 10:16:48.516,1.53524,1.53537,2.25,2.25
2012.01.13 10:16:49.634,1.53525,1.53538,1.50,3.00
2012.01.13 10:16:49.706,1.53523,1.53537,2.25,2.25
2012.01.13 10:16:51.040,1.53523,1.53537,1.50,3.75
2012.01.13 10:16:51.399,1.53522,1.53535,2.25,2.25
2012.01.13 10:16:51.992,1.53522,1.53533,2.25,2.25
2012.01.13 10:16:52.286,1.53519,1.5353,2.25,2.63
2012.01.13 10:16:52.434,1.53517,1.5353,2.25,2.25
2012.01.13 10:16:52.995,1.53518,1.53532,1.50,2.25
2012.01.13 10:16:53.837,1.5352,1.53534,1.50,2.59
2012.01.13 10:16:54.247,1.5352,1.53534,1.50,4.09
2012.01.13 10:16:54.588,1.53518,1.53532,1.50,2.25
2012.01.13 10:16:55.165,1.5352,1.53534,1.50,2.59
2012.01.13 10:16:55.843,1.5352,1.53534,1.50,2.59
2012.01.13 10:16:55.913,1.53518,1.53532,3.00,2.25
2012.01.13 10:16:56.741,1.53517,1.53531,3.00,2.25
2012.01.13 10:16:56.955,1.53519,1.53533,1.50,3.75
2012.01.13 10:16:57.234,1.53517,1.53531,3.75,2.25
2012.01.13 10:16:57.704,1.53517,1.53531,3.00,2.25
2012.01.13 10:16:58.341,1.53528,1.53533,2.25,1.50
2012.01.13 10:16:58.702,1.53525,1.53537,4.13,1.50
2012.01.13 10:16:59.251,1.53526,1.5354,3.83,1.50
2012.01.13 10:16:59.326,1.53528,1.53542,1.50,3.75
2012.01.13 10:16:59.396,1.53526,1.53539,2.25,2.25
2012.01.13 10:16:59.940,1.53525,1.53539,4.88,2.25
2012.01.13 10:17:00.161,1.53528,1.53539,1.50,1.50
2012.01.13 10:17:00.525,1.53536,1.53548,2.25,3.75
2012.01.13 10:17:01.067,1.53538,1.53548,2.25,2.25
2012.01.13 10:17:01.894,1.53536,1.53548,3.00,2.25
2012.01.13 10:17:02.300,1.53535,1.53548,1.50,4.50
2012.01.13 10:17:02.834,1.53535,1.53546,1.50,1.50
2012.01.13 10:17:03.533,1.53536,1.53548,1.50,3.00
2012.01.13 10:17:03.604,1.53536,1.53548,1.50,2.25
2012.01.13 10:17:04.127,1.53542,1.53552,1.84,2.25
2012.01.13 10:17:04.415,1.53546,1.53558,2.25,4.13
2012.01.13 10:17:05.119,1.5355,1.53562,1.50,1.50
2012.01.13 10:17:06.895,1.5355,1.53562,1.50,1.50
2012.01.13 10:17:07.107,1.53552,1.53564,3.00,1.50
2012.01.13 10:17:07.456,1.53556,1.53567,2.63,1.50
2012.01.13 10:17:07.667,1.53557,1.53571,2.25,2.25
2012.01.13 10:17:07.740,1.53557,1.53571,1.50,2.25
2012.01.13 10:17:08.548,1.53557,1.53571,2.25,2.25
2012.01.13 10:17:09.318,1.53557,1.53571,2.25,2.25
2012.01.13 10:17:09.870,1.53557,1.53571,2.25,2.25
2012.01.13 10:17:10.437,1.53556,1.53569,2.63,1.50
2012.01.13 10:17:10.973,1.53559,1.53573,1.50,2.25
2012.01.13 10:17:11.294,1.53559,1.53573,2.25,2.25
2012.01.13 10:17:11.849,1.53561,1.53575,2.25,5.22
2012.01.13 10:17:12.400,1.53559,1.53573,2.25,2.25
2012.01.13 10:17:12.549,1.53561,1.53575,2.25,6.38
2012.01.13 10:17:13.160,1.53561,1.53575,1.50,4.88
2012.01.13 10:17:13.785,1.53561,1.53574,2.25,1.50
2012.01.13 10:17:14.710,1.53559,1.53573,2.25,2.25
2012.01.13 10:17:15.632,1.5356,1.53574,2.25,3.00
2012.01.13 10:17:15.940,1.53554,1.53566,3.00,1.50
2012.01.13 10:17:17.237,1.53554,1.53566,1.50,1.50
2012.01.13 10:17:17.505,1.53554,1.53568,3.00,3.75
2012.01.13 10:17:18.023,1.53554,1.53568,3.00,1.50
2012.01.13 10:17:18.522,1.53554,1.53567,3.00,2.63
2012.01.13 10:17:18.806,1.53556,1.53562,2.63,1.50
2012.01.13 10:17:18.880,1.53556,1.53567,2.63,1.50
2012.01.13 10:17:18.955,1.53555,1.53569,2.25,3.00
2012.01.13 10:17:19.297,1.53555,1.53569,2.25,1.50
2012.01.13 10:17:19.826,1.53554,1.53568,2.25,1.50
2012.01.13 10:17:20.974,1.53554,1.53568,2.25,1.50
2012.01.13 10:17:21.106,1.53556,1.5357,2.25,7.87
2012.01.13 10:17:21.830,1.53554,1.53568,2.25,1.50
2012.01.13 10:17:21.978,1.53556,1.5357,2.25,7.13
2012.01.13 10:17:22.525,1.53558,1.5357,2.25,4.13
2012.01.13 10:17:23.955,1.53558,1.5357,2.25,4.13
2012.01.13 10:17:24.792,1.53558,1.53572,2.25,2.25
2012.01.13 10:17:25.137,1.53556,1.53569,2.63,1.50
2012.01.13 10:17:25.208,1.53557,1.53571,2.25,1.50
2012.01.13 10:17:25.569,1.53562,1.53573,3.00,1.50
2012.01.13 10:17:25.642,1.53564,1.53578,3.00,3.00
2012.01.13 10:17:25.718,1.53568,1.5358,2.25,5.25
2012.01.13 10:17:25.788,1.53568,1.53582,2.25,3.00
2012.01.13 10:17:25.856,1.53568,1.53582,2.25,2.25
2012.01.13 10:17:26.257,1.53571,1.53584,2.63,1.50
2012.01.13 10:17:26.396,1.53572,1.53586,4.50,3.00
2012.01.13 10:17:26.467,1.53576,1.53586,1.88,2.25
2012.01.13 10:17:26.994,1.53576,1.53589,2.25,2.25
2012.01.13 10:17:27.148,1.53576,1.5359,2.25,6.37
2012.01.13 10:17:27.678,1.53576,1.53589,2.25,1.50
2012.01.13 10:17:28.007,1.53573,1.53587,3.75,1.50
2012.01.13 10:17:28.338,1.53577,1.5359,2.25,4.88
2012.01.13 10:17:29.287,1.53574,1.53588,2.25,3.00
2012.01.13 10:17:29.357,1.53572,1.53586,5.25,1.50
2012.01.13 10:17:29.853,1.53572,1.53584,3.00,1.50
2012.01.13 10:17:30.449,1.53574,1.53584,1.50,1.50
2012.01.13 10:17:30.527,1.53576,1.5359,1.50,6.37
2012.01.13 10:17:31.317,1.53578,1.5359,1.50,4.87
2012.01.13 10:17:31.656,1.53578,1.5359,2.25,4.13
2012.01.13 10:17:31.868,1.53578,1.53589,1.50,1.50
2012.01.13 10:17:32.275,1.53573,1.53587,2.25,1.50
2012.01.13 10:17:32.685,1.53575,1.53589,2.25,3.00
2012.01.13 10:17:33.304,1.53575,1.53589,2.25,2.25
2012.01.13 10:17:35.236,1.53575,1.53589,2.25,3.00
2012.01.13 10:17:35.783,1.53575,1.53589,2.25,2.25
2012.01.13 10:17:36.293,1.53577,1.5359,2.25,4.13
2012.01.13 10:17:36.566,1.5358,1.53594,2.25,4.13
2012.01.13 10:17:37.111,1.53582,1.53594,3.00,2.63
2012.01.13 10:17:37.195,1.53586,1.53596,2.63,1.50
2012.01.13 10:17:37.267,1.53586,1.536,2.25,7.13
2012.01.13 10:17:37.815,1.53586,1.536,2.25,5.63
2012.01.13 10:17:38.084,1.53585,1.53598,1.50,1.50
2012.01.13 10:17:38.618,1.53585,1.53598,1.50,1.50
2012.01.13 10:17:38.829,1.53586,1.536,2.25,5.63
2012.01.13 10:17:40.094,1.53586,1.536,2.25,5.63
2012.01.13 10:17:40.587,1.53586,1.53598,4.13,1.50
2012.01.13 10:17:40.800,1.53587,1.536,3.00,2.25
2012.01.13 10:17:40.877,1.53588,1.53602,2.25,3.07
2012.01.13 10:17:41.227,1.53586,1.536,2.25,3.38
2012.01.13 10:17:42.164,1.53586,1.536,4.13,1.50
2012.01.13 10:17:42.887,1.53586,1.536,4.88,3.00
2012.01.13 10:17:43.226,1.53586,1.53598,3.38,1.50
2012.01.13 10:17:43.734,1.53586,1.53598,3.38,1.50
2012.01.13 10:17:44.776,1.53586,1.53598,3.38,1.50
2012.01.13 10:17:45.202,1.53586,1.536,4.13,3.00
2012.01.13 10:17:45.840,1.53587,1.53598,1.50,1.50
2012.01.13 10:17:45.924,1.53587,1.536,3.00,1.50
2012.01.13 10:17:46.975,1.53587,1.536,2.25,4.87
2012.01.13 10:17:50.751,1.53586,1.536,2.25,5.63
2012.01.13 10:17:50.949,1.53586,1.53596,2.25,1.88
2012.01.13 10:17:51.100,1.53585,1.53597,1.50,1.50
2012.01.13 10:17:51.805,1.53585,1.53599,3.00,2.58
2012.01.13 10:17:51.893,1.53588,1.536,2.25,1.50
2012.01.13 10:17:51.967,1.53587,1.53598,3.00,1.50
2012.01.13 10:17:52.306,1.53591,1.536,2.63,3.09
2012.01.13 10:17:52.807,1.53587,1.53599,3.00,2.25
2012.01.13 10:17:52.949,1.53585,1.53599,2.25,3.00
2012.01.13 10:17:53.026,1.53585,1.53599,2.25,2.25
2012.01.13 10:17:53.376,1.53583,1.53595,2.25,4.13
2012.01.13 10:17:53.766,1.53588,1.53595,1.50,2.25
2012.01.13 10:17:53.834,1.53588,1.536,1.50,2.25
2012.01.13 10:17:54.413,1.5359,1.53602,2.25,1.50
2012.01.13 10:17:54.769,1.53595,1.53606,1.50,1.50
2012.01.13 10:17:55.116,1.53593,1.53607,2.25,1.50
2012.01.13 10:17:55.465,1.53595,1.53609,2.25,2.25
2012.01.13 10:17:55.675,1.53593,1.53607,2.25,1.50
2012.01.13 10:17:56.217,1.53593,1.53607,2.25,1.50
2012.01.13 10:17:56.811,1.53597,1.53609,2.25,1.50
2012.01.13 10:17:57.093,1.53597,1.5361,2.25,4.13
2012.01.13 10:17:57.887,1.53595,1.53609,2.25,1.50
2012.01.13 10:17:58.820,1.53595,1.53609,2.25,1.50
2012.01.13 10:17:59.448,1.53593,1.53605,3.00,1.50
2012.01.13 10:17:59.524,1.53593,1.53607,3.00,1.50
2012.01.13 10:17:59.716,1.53595,1.53609,2.25,1.50
2012.01.13 10:18:02.149,1.53593,1.53607,3.00,1.50
2012.01.13 10:18:03.023,1.53596,1.5361,2.25,5.63
2012.01.13 10:18:03.532,1.53596,1.5361,2.25,6.38
2012.01.13 10:18:04.497,1.53594,1.53608,2.25,1.50
2012.01.13 10:18:05.938,1.53596,1.5361,2.25,6.38
2012.01.13 10:18:06.726,1.53596,1.5361,2.25,6.38
2012.01.13 10:18:08.734,1.53596,1.53609,2.25,1.50
2012.01.13 10:18:09.824,1.53595,1.53609,2.25,2.25
2012.01.13 10:18:10.146,1.53594,1.53607,1.50,1.50
2012.01.13 10:18:10.985,1.53595,1.53609,2.25,2.25
2012.01.13 10:18:11.968,1.53597,1.53611,4.50,2.25
2012.01.13 10:18:12.440,1.53597,1.53611,4.50,1.50
2012.01.13 10:18:13.078,1.53599,1.53613,2.25,3.00
2012.01.13 10:18:15.082,1.53597,1.53611,5.25,1.50
2012.01.13 10:18:15.298,1.53599,1.53613,2.25,2.25
2012.01.13 10:18:15.844,1.53599,1.53613,2.25,3.00
2012.01.13 10:18:16.388,1.53599,1.53613,2.25,2.25
2012.01.13 10:18:25.377,1.53597,1.53611,4.50,1.50
2012.01.13 10:18:25.876,1.53597,1.53611,4.50,1.50
2012.01.13 10:18:26.444,1.53597,1.53611,4.50,1.50
2012.01.13 10:18:27.950,1.53597,1.53611,4.50,1.50
2012.01.13 10:18:28.474,1.53597,1.53611,4.50,1.50
2012.01.13 10:18:31.206,1.53601,1.53611,1.88,1.50
2012.01.13 10:18:31.349,1.53601,1.53613,2.63,2.25
2012.01.13 10:18:31.626,1.53602,1.53615,3.00,3.75
2012.01.13 10:18:31.980,1.53606,1.53619,1.88,2.25
2012.01.13 10:18:32.059,1.53607,1.5362,2.25,3.75
2012.01.13 10:18:32.207,1.53611,1.53621,4.84,2.25
2012.01.13 10:18:32.278,1.53614,1.53623,4.88,3.00
2012.01.13 10:18:32.415,1.53614,1.53618,4.13,2.25
2012.01.13 10:18:32.979,1.53612,1.5362,2.25,1.50
2012.01.13 10:18:33.059,1.53614,1.53626,1.50,2.59
2012.01.13 10:18:33.127,1.53614,1.53626,1.50,1.84
2012.01.13 10:18:33.654,1.53616,1.53626,2.63,3.00
2012.01.13 10:18:33.915,1.53616,1.53624,2.63,1.50
2012.01.13 10:18:34.117,1.53616,1.53626,2.63,1.50
2012.01.13 10:18:34.250,1.53617,1.53626,1.50,1.50
2012.01.13 10:18:34.399,1.53619,1.53633,3.75,3.00
2012.01.13 10:18:34.479,1.53624,1.53633,1.50,1.50
2012.01.13 10:18:34.619,1.53626,1.53636,2.63,2.25
2012.01.13 10:18:35.332,1.53625,1.53636,1.50,1.50
2012.01.13 10:18:35.420,1.53622,1.53636,4.50,3.75
2012.01.13 10:18:35.502,1.53622,1.53634,3.00,1.50
2012.01.13 10:18:36.005,1.53623,1.53635,2.25,1.88
2012.01.13 10:18:36.491,1.53625,1.53637,2.25,2.25
2012.01.13 10:18:36.574,1.53627,1.53638,2.25,3.38
2012.01.13 10:18:36.791,1.53627,1.53641,2.25,3.75
2012.01.13 10:18:37.786,1.53626,1.53637,2.63,1.50
2012.01.13 10:18:38.125,1.53626,1.53639,2.63,2.25
2012.01.13 10:18:38.775,1.53627,1.53641,1.50,2.25
2012.01.13 10:18:39.715,1.53626,1.53639,2.63,2.25
2012.01.13 10:18:40.924,1.53632,1.53639,2.25,1.50
2012.01.13 10:18:41.139,1.53627,1.53641,1.50,2.25
2012.01.13 10:18:41.815,1.53627,1.53641,1.50,2.25
2012.01.13 10:18:42.527,1.53627,1.53641,2.25,2.25
2012.01.13 10:18:43.033,1.53627,1.53641,2.25,2.25
2012.01.13 10:18:43.595,1.53629,1.53643,2.25,2.25
2012.01.13 10:18:45.785,1.5363,1.53643,2.25,2.25
2012.01.13 10:18:46.075,1.5363,1.53643,3.00,2.25
2012.01.13 10:18:46.155,1.53633,1.53645,1.50,3.38
2012.01.13 10:18:46.508,1.53631,1.53644,3.00,4.09
2012.01.13 10:18:47.425,1.53627,1.53641,2.25,3.75
2012.01.13 10:18:47.565,1.53626,1.53641,2.25,3.00
2012.01.13 10:18:48.075,1.53624,1.53638,2.25,1.50
2012.01.13 10:18:48.816,1.53623,1.53636,1.50,1.50
2012.01.13 10:18:49.376,1.53624,1.53638,2.25,1.50
2012.01.13 10:18:51.040,1.53624,1.53638,2.25,2.25
2012.01.13 10:18:53.285,1.53624,1.53638,2.25,2.25
2012.01.13 10:18:56.348,1.53626,1.5364,1.50,4.87
2012.01.13 10:18:56.906,1.53624,1.53638,2.25,2.25
2012.01.13 10:18:57.633,1.53624,1.53638,2.25,2.25
2012.01.13 10:18:58.379,1.53623,1.53636,1.50,2.25
2012.01.13 10:18:59.293,1.53622,1.53636,3.00,2.25
2012.01.13 10:18:59.814,1.53622,1.53636,3.00,2.25
2012.01.13 10:19:00.664,1.53622,1.53636,3.00,2.25
2012.01.13 10:19:01.997,1.53622,1.53636,3.00,2.25
2012.01.13 10:19:02.576,1.53622,1.53636,3.00,2.25
2012.01.13 10:19:03.078,1.53622,1.53634,2.25,1.18
2012.01.13 10:19:03.846,1.53613,1.53623,1.50,2.25
2012.01.13 10:19:03.930,1.53608,1.53621,2.25,2.25
2012.01.13 10:19:04.150,1.53607,1.53621,3.00,2.25
2012.01.13 10:19:04.718,1.53606,1.53617,1.88,2.63
2012.01.13 10:19:04.788,1.53604,1.53616,1.50,1.50
2012.01.13 10:19:05.209,1.53601,1.53615,3.38,2.25
2012.01.13 10:19:05.796,1.53601,1.53613,2.63,2.25
2012.01.13 10:19:06.013,1.53599,1.53609,1.50,1.50
2012.01.13 10:19:06.162,1.53592,1.53603,1.50,3.00
2012.01.13 10:19:06.246,1.53591,1.53603,1.88,3.00
2012.01.13 10:19:06.743,1.53594,1.53603,2.25,1.50
2012.01.13 10:19:07.238,1.53589,1.53593,2.25,1.50
2012.01.13 10:19:07.322,1.53581,1.53595,2.25,5.25
2012.01.13 10:19:07.528,1.53581,1.53593,2.25,1.50
2012.01.13 10:19:07.665,1.53581,1.53593,3.00,1.50
2012.01.13 10:19:07.736,1.53581,1.53593,2.25,1.50
2012.01.13 10:19:07.809,1.53581,1.53595,2.25,5.25
2012.01.13 10:19:08.309,1.53583,1.53595,2.25,3.00
2012.01.13 10:19:08.452,1.53582,1.53596,2.25,1.88
2012.01.13 10:19:08.868,1.53582,1.53596,2.25,2.25
2012.01.13 10:19:09.417,1.53583,1.53596,1.50,1.50
2012.01.13 10:19:09.957,1.53584,1.53598,2.25,2.25
2012.01.13 10:19:10.309,1.53584,1.53598,1.50,2.25
2012.01.13 10:19:10.822,1.53582,1.53596,2.25,2.25
2012.01.13 10:19:12.886,1.53582,1.53596,2.25,2.25
2012.01.13 10:19:13.443,1.53582,1.53596,2.25,2.25
2012.01.13 10:19:13.787,1.53586,1.536,2.25,6.00
2012.01.13 10:19:14.348,1.53585,1.53598,1.09,2.25
2012.01.13 10:19:15.634,1.53585,1.53598,2.97,1.50
2012.01.13 10:19:16.258,1.53585,1.53598,2.97,2.25
2012.01.13 10:19:16.785,1.53585,1.53598,2.97,1.50
2012.01.13 10:19:17.538,1.53586,1.536,2.25,3.75
2012.01.13 10:19:18.268,1.53588,1.53602,1.50,3.00
2012.01.13 10:19:18.604,1.53586,1.536,2.25,2.25
2012.01.13 10:19:19.114,1.53586,1.536,2.25,2.25
2012.01.13 10:19:23.665,1.53586,1.536,2.25,4.13
2012.01.13 10:19:23.796,1.53584,1.53598,5.25,2.25
2012.01.13 10:19:24.135,1.53586,1.53598,2.63,1.50
2012.01.13 10:19:24.346,1.53587,1.53601,2.25,2.25
2012.01.13 10:19:25.016,1.53587,1.53601,2.25,2.25
2012.01.13 10:19:26.165,1.53586,1.53599,3.38,1.50
2012.01.13 10:19:26.715,1.53586,1.53599,3.38,2.25
2012.01.13 10:19:27.285,1.53586,1.53599,3.38,1.50
2012.01.13 10:19:27.844,1.53586,1.53599,3.38,2.25
2012.01.13 10:19:28.911,1.53586,1.53599,3.38,1.50
2012.01.13 10:19:29.105,1.53586,1.53597,3.38,1.50
2012.01.13 10:19:29.175,1.53586,1.53599,3.38,3.00
2012.01.13 10:19:29.493,1.53586,1.53597,3.38,1.50
2012.01.13 10:19:29.743,1.53586,1.53599,2.63,2.25
2012.01.13 10:19:30.349,1.53586,1.53599,2.63,1.50
2012.01.13 10:19:30.917,1.53586,1.53599,2.63,2.25
2012.01.13 10:19:32.687,1.53586,1.53599,2.63,1.50
2012.01.13 10:19:33.254,1.53586,1.53599,2.63,2.25
2012.01.13 10:19:34.554,1.53586,1.53599,2.63,1.50
2012.01.13 10:19:35.108,1.53587,1.53601,2.25,2.25
2012.01.13 10:19:35.668,1.53589,1.53603,2.25,2.25
2012.01.13 10:19:36.245,1.53587,1.53601,2.25,2.25
2012.01.13 10:19:37.193,1.53587,1.53601,2.25,2.25
2012.01.13 10:19:38.175,1.53593,1.536,2.25,2.25
2012.01.13 10:19:38.528,1.53584,1.53594,2.25,1.50
2012.01.13 10:19:39.075,1.53581,1.53595,4.13,2.25
2012.01.13 10:19:39.559,1.53588,1.53598,1.50,1.13
2012.01.13 10:19:39.629,1.53588,1.536,1.50,4.88
2012.01.13 10:19:39.839,1.53588,1.53602,2.25,3.00
2012.01.13 10:19:40.663,1.53589,1.53603,1.50,2.25
2012.01.13 10:19:40.793,1.53587,1.536,2.25,2.25
2012.01.13 10:19:40.865,1.53588,1.53602,2.25,2.25
2012.01.13 10:19:41.625,1.53588,1.53602,2.25,2.25
2012.01.13 10:19:43.301,1.53587,1.536,1.50,1.50
2012.01.13 10:19:43.657,1.53587,1.536,1.50,2.25
2012.01.13 10:19:44.347,1.53586,1.536,4.88,1.50
2012.01.13 10:19:44.864,1.53586,1.536,4.88,2.25
2012.01.13 10:19:45.552,1.53586,1.536,4.88,1.50
2012.01.13 10:19:46.040,1.53587,1.536,1.50,1.50
2012.01.13 10:19:46.906,1.53588,1.53602,2.25,1.50
2012.01.13 10:19:47.526,1.53588,1.53602,2.25,2.25
2012.01.13 10:19:48.074,1.5359,1.53604,2.25,2.25
2012.01.13 10:19:50.006,1.53592,1.53605,1.50,3.38
2012.01.13 10:19:50.706,1.53588,1.53602,2.25,2.25
2012.01.13 10:19:52.154,1.5359,1.53604,2.25,2.25
2012.01.13 10:19:52.714,1.5359,1.53604,2.25,2.25
2012.01.13 10:19:55.342,1.5359,1.53604,2.25,2.25
2012.01.13 10:19:55.945,1.5359,1.53604,2.25,2.25
2012.01.13 10:19:56.724,1.5359,1.53604,2.25,2.25
2012.01.13 10:19:57.935,1.5359,1.53604,2.25,2.25
2012.01.13 10:20:00.884,1.5359,1.53604,2.25,2.25
2012.01.13 10:20:02.070,1.5359,1.53604,2.25,2.25
2012.01.13 10:20:02.591,1.5359,1.53604,2.25,2.25
2012.01.13 10:20:02.926,1.5359,1.53604,2.25,2.25
2012.01.13 10:20:06.941,1.5359,1.53604,2.25,2.25
2012.01.13 10:20:07.552,1.5359,1.53604,2.25,1.50
2012.01.13 10:20:09.077,1.53592,1.53605,2.25,3.38
2012.01.13 10:20:09.685,1.5359,1.53604,2.25,1.50
2012.01.13 10:20:10.604,1.5359,1.53604,2.25,2.25
2012.01.13 10:20:11.114,1.5359,1.53604,2.25,2.25
2012.01.13 10:20:11.677,1.53592,1.53605,2.25,3.38
2012.01.13 10:20:12.238,1.53588,1.53602,3.75,1.50
2012.01.13 10:20:13.047,1.53588,1.53602,2.25,1.50
2012.01.13 10:20:13.319,1.5359,1.53604,2.25,3.00
2012.01.13 10:20:13.887,1.5359,1.53604,2.25,2.25
