2017.11.14 19:00:00.772,1.31728,1.31736,1.12,1.50
2017.11.14 19:00:01.283,1.31727,1.31734,1.00,1.25
2017.11.14 19:00:01.800,1.31726,1.31733,1.69,1.12
2017.11.14 19:00:02.313,1.31726,1.31733,1.31,1.00
2017.11.14 19:00:02.818,1.31726,1.31733,1.25,2.06
2017.11.14 19:00:03.438,1.31726,1.31733,1.25,1.87
2017.11.14 19:00:04.204,1.31726,1.31733,1.25,1.87
2017.11.14 19:00:04.749,1.31726,1.31733,1.25,1.50
2017.11.14 19:00:19.188,1.31726,1.31733,1.00,1.69
2017.11.14 19:00:19.826,1.31726,1.31733,1.00,1.87
2017.11.14 19:00:20.471,1.31726,1.31733,1.00,1.69
2017.11.14 19:00:25.072,1.31728,1.31734,1.25,1.31
2017.11.14 19:00:25.431,1.31729,1.31736,1.00,3.19
2017.11.14 19:00:25.963,1.31728,1.31736,2.25,2.62
2017.11.14 19:00:26.854,1.31728,1.31736,1.50,1.50
2017.11.14 19:00:27.355,1.31728,1.31736,1.50,1.50
2017.11.14 19:00:28.083,1.3173,1.31736,1.00,1.31
2017.11.14 19:00:28.265,1.31728,1.31736,1.87,1.12
2017.11.14 19:00:29.297,1.31728,1.31736,1.87,3.00
2017.11.14 19:00:29.877,1.31728,1.31736,1.50,1.87
2017.11.14 19:00:30.133,1.31727,1.31735,1.88,2.06
2017.11.14 19:00:30.471,1.31725,1.31733,1.20,2.62
2017.11.14 19:00:30.777,1.31724,1.31731,1.50,1.88
2017.11.14 19:00:33.577,1.31722,1.31729,2.44,1.50
2017.11.14 19:00:33.731,1.31723,1.31731,6.94,1.69
2017.11.14 19:00:34.323,1.31723,1.31731,5.62,1.31
2017.11.14 19:00:35.167,1.31725,1.31732,1.00,1.25
2017.11.14 19:00:35.702,1.31726,1.31733,1.00,1.19
2017.11.14 19:00:37.135,1.31725,1.31731,1.00,3.00
2017.11.14 19:00:37.662,1.31724,1.31731,1.25,1.50
2017.11.14 19:00:41.892,1.31725,1.31731,1.00,2.44
2017.11.14 19:00:49.260,1.31723,1.3173,2.44,1.12
2017.11.14 19:00:53.273,1.31723,1.31731,2.44,2.62
2017.11.14 19:00:54.842,1.31723,1.31731,3.00,4.87
2017.11.14 19:00:55.542,1.31723,1.31731,2.25,2.62
2017.11.14 19:00:56.674,1.31723,1.31731,2.44,5.25
2017.11.14 19:00:57.339,1.31723,1.31731,2.25,2.81
2017.11.14 19:00:59.445,1.31723,1.31731,2.44,5.25
2017.11.14 19:01:03.216,1.31723,1.3173,3.56,1.00
2017.11.14 19:01:03.762,1.31723,1.31731,2.25,2.44
2017.11.14 19:01:04.340,1.31723,1.31731,3.94,3.75
2017.11.14 19:01:05.290,1.31723,1.31731,3.00,2.25
2017.11.14 19:01:05.810,1.31723,1.31731,3.00,2.62
2017.11.14 19:01:11.263,1.31723,1.31731,3.00,2.81
2017.11.14 19:01:13.000,1.31723,1.31731,3.00,4.50
2017.11.14 19:01:13.102,1.31723,1.31731,3.37,2.44
2017.11.14 19:01:13.205,1.31722,1.31729,2.81,1.00
2017.11.14 19:01:13.748,1.31724,1.3173,3.00,1.25
2017.11.14 19:01:23.258,1.31724,1.3173,3.19,1.00
2017.11.14 19:01:23.999,1.31724,1.3173,3.19,1.00
2017.11.14 19:01:28.052,1.31725,1.31731,1.50,2.25
2017.11.14 19:01:30.274,1.31726,1.31731,1.50,1.00
2017.11.14 19:01:30.912,1.31724,1.31731,6.38,1.12
2017.11.14 19:01:31.728,1.31724,1.31731,6.00,1.12
2017.11.14 19:01:32.273,1.31724,1.31731,4.12,1.50
2017.11.14 19:01:32.974,1.31725,1.31731,2.62,1.50
2017.11.14 19:01:41.233,1.31726,1.3173,1.50,1.00
2017.11.14 19:01:42.167,1.31725,1.3173,1.50,1.00
2017.11.14 19:01:44.513,1.31725,1.31731,3.00,2.06
2017.11.14 19:01:46.224,1.31727,1.31731,1.00,1.12
2017.11.14 19:01:54.383,1.31726,1.31732,1.37,1.00
2017.11.14 19:01:54.794,1.31726,1.3173,1.37,1.00
2017.11.14 19:01:56.681,1.31726,1.31731,1.12,1.00
2017.11.14 19:01:57.691,1.31727,1.31731,1.00,1.00
2017.11.14 19:01:58.493,1.31726,1.31731,1.12,1.00
2017.11.14 19:02:09.573,1.31726,1.31733,1.50,2.25
2017.11.14 19:02:09.996,1.31729,1.31732,1.00,1.12
2017.11.14 19:02:11.020,1.31726,1.31732,1.50,1.12
2017.11.14 19:02:11.174,1.31734,1.31735,1.31,1.00
2017.11.14 19:02:11.225,1.31736,1.31742,1.31,1.95
2017.11.14 19:02:11.277,1.31737,1.31744,1.37,2.06
2017.11.14 19:02:11.379,1.31739,1.31745,1.12,1.37
2017.11.14 19:02:11.482,1.31743,1.31748,3.37,1.31
2017.11.14 19:02:11.533,1.31743,1.3175,4.87,1.39
2017.11.14 19:02:11.585,1.31745,1.31752,1.12,1.29
2017.11.14 19:02:11.892,1.31745,1.31752,3.37,1.50
2017.11.14 19:02:12.462,1.31745,1.31754,3.37,3.83
2017.11.14 19:02:13.472,1.31746,1.31753,2.62,1.69
2017.11.14 19:02:14.113,1.31746,1.31754,3.37,1.88
2017.11.14 19:02:14.316,1.31746,1.31754,3.37,3.56
2017.11.14 19:02:16.021,1.31746,1.31754,1.50,2.81
2017.11.14 19:02:17.056,1.31746,1.31754,2.25,3.94
2017.11.14 19:02:17.585,1.31746,1.31754,1.50,1.50
2017.11.14 19:02:20.985,1.31746,1.31754,5.25,2.06
2017.11.14 19:02:21.687,1.31746,1.31754,3.37,2.06
2017.11.14 19:02:23.648,1.31745,1.31752,1.87,1.50
2017.11.14 19:02:23.700,1.31744,1.31748,3.64,1.87
2017.11.14 19:02:23.751,1.31741,1.31747,1.95,1.00
2017.11.14 19:02:24.007,1.3174,1.31747,1.87,2.44
2017.11.14 19:02:24.058,1.3174,1.31747,3.75,2.44
2017.11.14 19:02:24.581,1.31741,1.31747,1.00,1.00
2017.11.14 19:02:25.314,1.31741,1.31748,1.00,1.50
2017.11.14 19:02:25.692,1.31741,1.31747,1.00,2.81
2017.11.14 19:02:27.452,1.3174,1.31746,1.12,1.25
2017.11.14 19:02:32.261,1.31739,1.31746,1.12,1.00
2017.11.14 19:02:41.219,1.31739,1.31746,1.87,1.00
2017.11.14 19:02:42.907,1.31739,1.31746,1.57,1.00
2017.11.14 19:02:45.152,1.31739,1.31746,1.69,1.44
2017.11.14 19:02:45.665,1.31739,1.31746,1.50,1.00
2017.11.14 19:03:00.792,1.31739,1.31746,2.25,1.69
2017.11.14 19:03:01.301,1.31739,1.31746,1.87,1.00
2017.11.14 19:03:02.863,1.31741,1.31746,1.00,1.00
2017.11.14 19:03:08.335,1.31739,1.31746,1.50,1.12
2017.11.14 19:03:16.386,1.31739,1.31746,1.37,1.31
2017.11.14 19:03:17.391,1.31739,1.31746,1.12,1.31
2017.11.14 19:03:30.696,1.31739,1.31745,1.87,1.00
2017.11.14 19:03:33.851,1.31739,1.31746,1.87,2.25
2017.11.14 19:03:34.581,1.31739,1.31745,1.12,1.25
2017.11.14 19:03:35.350,1.31739,1.31746,1.37,2.62
2017.11.14 19:03:36.000,1.31739,1.31745,1.00,1.12
2017.11.14 19:03:36.540,1.31739,1.31744,1.00,1.00
2017.11.14 19:03:37.062,1.31739,1.31745,1.00,1.12
2017.11.14 19:03:38.500,1.3174,1.31746,1.00,1.69
2017.11.14 19:03:41.716,1.31739,1.31746,1.00,1.69
2017.11.14 19:03:46.920,1.31741,1.31745,1.00,1.31
2017.11.14 19:03:53.432,1.31739,1.31745,1.37,1.12
2017.11.14 19:03:54.036,1.31738,1.31745,5.44,1.12
2017.11.14 19:04:00.211,1.3174,1.31745,1.00,1.12
2017.11.14 19:04:01.184,1.3174,1.31744,1.00,1.00
2017.11.14 19:04:01.701,1.3174,1.31745,1.00,1.12
2017.11.14 19:04:02.362,1.31739,1.31745,1.12,1.12
2017.11.14 19:04:02.910,1.3174,1.31745,1.00,1.00
2017.11.14 19:04:06.994,1.3174,1.31744,1.00,1.00
2017.11.14 19:04:07.537,1.3174,1.31745,1.00,1.00
2017.11.14 19:04:10.441,1.3174,1.31744,1.00,1.00
2017.11.14 19:04:11.024,1.3174,1.31745,1.00,1.00
2017.11.14 19:04:13.809,1.3174,1.31744,1.00,1.00
2017.11.14 19:04:15.832,1.3174,1.31746,1.00,1.50
2017.11.14 19:04:15.883,1.3174,1.31744,1.00,1.00
2017.11.14 19:04:16.422,1.3174,1.31745,1.00,1.00
2017.11.14 19:04:18.498,1.3174,1.31746,1.00,1.50
2017.11.14 19:04:19.935,1.3174,1.31745,1.00,1.00
2017.11.14 19:04:21.041,1.3174,1.31746,1.00,1.50
2017.11.14 19:04:21.754,1.3174,1.31745,1.00,1.00
2017.11.14 19:04:22.311,1.3174,1.31744,1.00,1.00
2017.11.14 19:04:22.851,1.31739,1.31744,1.95,1.00
2017.11.14 19:04:23.942,1.31739,1.31745,1.95,1.00
2017.11.14 19:04:25.169,1.31739,1.31744,1.95,1.00
2017.11.14 19:04:25.714,1.31738,1.31745,4.31,1.00
2017.11.14 19:04:26.274,1.31739,1.31744,1.75,1.00
2017.11.14 19:04:29.636,1.3174,1.31746,1.50,1.50
2017.11.14 19:04:30.179,1.31739,1.31745,1.75,1.00
2017.11.14 19:04:31.187,1.31739,1.31744,1.75,1.00
2017.11.14 19:04:31.744,1.31738,1.31745,4.31,1.00
2017.11.14 19:04:32.936,1.31739,1.31746,1.75,1.50
2017.11.14 19:04:33.547,1.31739,1.31745,2.25,1.00
2017.11.14 19:04:34.107,1.31739,1.31746,1.75,1.50
2017.11.14 19:04:36.538,1.31739,1.31745,1.75,1.00
2017.11.14 19:04:37.537,1.3174,1.31744,1.37,1.00
2017.11.14 19:04:38.501,1.3174,1.31745,1.37,1.00
2017.11.14 19:04:41.145,1.3174,1.31744,1.37,1.00
2017.11.14 19:04:42.850,1.3174,1.31744,1.00,1.00
2017.11.14 19:04:45.755,1.3174,1.31746,1.00,2.44
2017.11.14 19:04:50.832,1.3174,1.31745,1.00,1.50
2017.11.14 19:04:51.339,1.3174,1.31744,1.00,1.00
2017.11.14 19:05:00.545,1.3174,1.31745,1.00,1.00
2017.11.14 19:05:05.254,1.31739,1.31744,2.25,1.00
2017.11.14 19:05:05.780,1.31739,1.31745,1.50,1.00
2017.11.14 19:05:06.348,1.3174,1.31744,1.00,1.25
2017.11.14 19:05:08.430,1.31739,1.31742,1.00,2.81
2017.11.14 19:05:08.481,1.31735,1.31741,1.37,4.31
2017.11.14 19:05:08.533,1.31732,1.31736,1.50,1.00
2017.11.14 19:05:08.585,1.31729,1.31736,1.50,3.00
2017.11.14 19:05:09.097,1.31728,1.31733,1.12,1.31
2017.11.14 19:05:09.624,1.31728,1.31732,1.00,1.00
2017.11.14 19:05:10.135,1.31728,1.31734,1.00,1.31
2017.11.14 19:05:12.121,1.31726,1.31733,1.69,1.50
2017.11.14 19:05:14.609,1.31726,1.31731,1.25,1.00
2017.11.14 19:05:14.968,1.31726,1.31733,1.00,1.20
2017.11.14 19:05:15.274,1.31727,1.31735,1.50,6.45
2017.11.14 19:05:15.809,1.31727,1.31735,1.69,5.81
2017.11.14 19:05:16.945,1.31727,1.31733,1.69,1.00
2017.11.14 19:05:17.458,1.31727,1.31733,1.69,1.00
2017.11.14 19:05:17.864,1.31727,1.31734,1.31,1.12
2017.11.14 19:05:18.397,1.31727,1.31734,1.31,1.12
2017.11.14 19:05:18.975,1.31727,1.31734,1.31,1.50
2017.11.14 19:05:19.278,1.31726,1.31732,1.19,1.12
2017.11.14 19:05:19.797,1.31727,1.31733,1.25,1.25
2017.11.14 19:05:20.358,1.31727,1.31734,1.25,3.19
2017.11.14 19:05:20.876,1.31727,1.31733,1.25,1.25
2017.11.14 19:05:23.485,1.31727,1.31734,1.25,2.81
2017.11.14 19:05:28.178,1.31743,1.31745,1.00,1.00
2017.11.14 19:05:28.230,1.31744,1.31751,1.00,1.12
2017.11.14 19:05:28.362,1.31747,1.31752,1.37,2.06
2017.11.14 19:05:28.468,1.31759,1.31765,1.50,1.69
2017.11.14 19:05:28.572,1.31763,1.31765,1.00,1.00
2017.11.14 19:05:28.726,1.31759,1.31764,1.12,2.06
2017.11.14 19:05:28.779,1.31755,1.31758,2.25,1.25
2017.11.14 19:05:28.933,1.31747,1.31752,1.01,1.00
2017.11.14 19:05:28.984,1.31746,1.3175,1.31,1.00
2017.11.14 19:05:29.087,1.31746,1.31753,1.31,2.06
2017.11.14 19:05:29.635,1.31746,1.31753,1.94,1.50
2017.11.14 19:05:30.165,1.31745,1.31753,2.44,1.00
2017.11.14 19:05:31.099,1.31745,1.31754,3.37,1.25
2017.11.14 19:05:35.121,1.31746,1.31754,1.25,1.00
2017.11.14 19:05:35.267,1.31746,1.31748,1.25,1.12
2017.11.14 19:05:35.458,1.31735,1.3174,1.50,1.12
2017.11.14 19:05:35.510,1.31725,1.31731,1.94,1.50
2017.11.14 19:05:35.563,1.31723,1.31727,1.50,1.12
2017.11.14 19:05:35.666,1.31716,1.31724,2.14,1.50
2017.11.14 19:05:35.769,1.31715,1.31724,1.81,2.70
2017.11.14 19:05:35.872,1.31713,1.31721,4.12,1.00
2017.11.14 19:05:36.178,1.31716,1.31724,1.00,2.06
2017.11.14 19:05:36.867,1.31715,1.31724,2.70,1.87
2017.11.14 19:05:37.569,1.31717,1.31724,1.19,1.50
2017.11.14 19:05:38.091,1.31717,1.31724,1.25,1.00
2017.11.14 19:05:38.839,1.31721,1.31727,1.00,1.87
2017.11.14 19:05:38.943,1.31716,1.31722,1.66,1.00
2017.11.14 19:05:38.995,1.31715,1.3172,1.70,1.00
2017.11.14 19:05:39.097,1.31707,1.31714,2.14,1.87
2017.11.14 19:05:39.149,1.31707,1.31712,1.19,1.00
2017.11.14 19:05:39.200,1.31707,1.31712,1.00,1.00
2017.11.14 19:05:40.034,1.31709,1.31715,2.25,1.50
2017.11.14 19:05:40.086,1.31713,1.31718,1.00,1.95
2017.11.14 19:05:40.662,1.31712,1.31717,1.69,1.00
2017.11.14 19:05:40.992,1.31709,1.31714,1.76,1.12
2017.11.14 19:05:41.108,1.31709,1.31714,1.57,1.12
2017.11.14 19:05:41.160,1.31704,1.31713,3.45,1.50
2017.11.14 19:05:41.364,1.31704,1.31713,5.33,1.75
2017.11.14 19:05:41.917,1.31704,1.31713,2.44,1.57
2017.11.14 19:05:42.504,1.31704,1.31713,2.62,2.25
2017.11.14 19:05:43.772,1.31704,1.31712,2.81,1.00
2017.11.14 19:05:44.409,1.31705,1.31713,2.06,2.25
2017.11.14 19:05:48.146,1.31707,1.31714,1.12,1.12
2017.11.14 19:05:53.677,1.31707,1.31714,1.12,1.37
2017.11.14 19:05:53.983,1.31711,1.31717,1.00,1.69
2017.11.14 19:05:54.035,1.31711,1.31718,1.00,1.00
2017.11.14 19:05:54.190,1.31713,1.31719,1.00,2.44
2017.11.14 19:05:54.345,1.31713,1.31722,1.00,3.26
2017.11.14 19:05:54.609,1.31713,1.31722,1.50,2.14
2017.11.14 19:05:55.118,1.31715,1.31723,1.87,2.44
2017.11.14 19:06:04.857,1.31715,1.31723,1.87,1.19
2017.11.14 19:06:14.220,1.31715,1.31722,1.50,1.25
2017.11.14 19:06:17.392,1.31715,1.31723,1.87,1.69
2017.11.14 19:06:23.553,1.31715,1.31723,2.44,1.69
2017.11.14 19:06:24.397,1.31715,1.31724,1.95,1.69
2017.11.14 19:06:26.705,1.31715,1.31723,2.44,1.12
2017.11.14 19:06:27.513,1.31715,1.31723,4.69,1.12
2017.11.14 19:06:28.492,1.31715,1.31723,2.44,1.12
2017.11.14 19:06:29.395,1.31716,1.31723,1.00,1.50
2017.11.14 19:06:32.515,1.31717,1.31723,1.00,1.12
2017.11.14 19:06:41.732,1.31717,1.31725,1.00,2.33
2017.11.14 19:06:51.729,1.31717,1.31723,1.00,1.00
2017.11.14 19:06:53.903,1.31717,1.31725,1.31,2.25
2017.11.14 19:07:04.407,1.31716,1.31724,1.50,1.62
2017.11.14 19:07:05.078,1.31715,1.31724,2.70,2.44
2017.11.14 19:07:05.461,1.31715,1.31721,2.06,1.00
2017.11.14 19:07:11.201,1.31714,1.31719,1.56,1.00
2017.11.14 19:07:11.253,1.31712,1.31719,3.19,1.00
2017.11.14 19:07:11.458,1.31708,1.31715,3.64,1.12
2017.11.14 19:07:11.775,1.31707,1.31714,1.00,4.31
2017.11.14 19:07:12.309,1.31707,1.31714,1.00,2.44
2017.11.14 19:07:21.453,1.31704,1.31713,3.45,1.87
2017.11.14 19:07:25.781,1.31706,1.31713,1.25,1.87
2017.11.14 19:07:34.464,1.31706,1.31713,1.13,4.12
2017.11.14 19:07:45.503,1.31705,1.31713,1.69,3.75
2017.11.14 19:07:45.818,1.31702,1.31709,1.37,6.00
2017.11.14 19:07:45.870,1.317,1.31708,1.76,1.50
2017.11.14 19:07:45.973,1.31699,1.31706,1.25,2.62
2017.11.14 19:07:46.128,1.31697,1.31704,1.31,1.00
2017.11.14 19:07:47.178,1.31697,1.31704,1.37,1.12
2017.11.14 19:07:48.734,1.31699,1.31706,1.69,2.81
2017.11.14 19:07:48.785,1.317,1.31708,1.00,2.51
2017.11.14 19:07:48.888,1.31702,1.3171,1.69,1.01
2017.11.14 19:07:49.408,1.31703,1.31711,1.50,2.62
2017.11.14 19:07:52.688,1.31705,1.31711,1.00,2.25
2017.11.14 19:07:52.996,1.31697,1.31704,3.19,1.50
2017.11.14 19:07:53.560,1.31697,1.31704,1.00,1.50
2017.11.14 19:07:55.431,1.31697,1.31705,1.01,2.06
2017.11.14 19:07:55.940,1.31699,1.31706,1.25,2.06
2017.11.14 19:07:56.704,1.31699,1.31706,1.00,1.12
2017.11.14 19:07:56.860,1.31697,1.31705,1.87,1.69
2017.11.14 19:07:57.470,1.31697,1.31704,1.25,1.13
2017.11.14 19:08:02.506,1.31696,1.31703,1.76,1.00
2017.11.14 19:08:05.907,1.31696,1.31703,1.25,1.50
2017.11.14 19:08:06.165,1.31694,1.31702,1.69,2.06
2017.11.14 19:08:12.543,1.31694,1.31703,1.69,3.94
2017.11.14 19:08:14.958,1.31694,1.31702,1.69,2.00
2017.11.14 19:08:16.651,1.31694,1.31702,3.19,2.44
2017.11.14 19:08:20.412,1.31694,1.31702,4.13,1.69
2017.11.14 19:08:26.220,1.31694,1.31702,3.37,2.06
2017.11.14 19:08:28.168,1.31694,1.31702,3.00,2.25
2017.11.14 19:08:29.833,1.31694,1.31702,1.37,1.62
2017.11.14 19:08:30.910,1.31694,1.31702,1.12,2.25
2017.11.14 19:08:33.026,1.31694,1.31702,1.12,3.00
2017.11.14 19:08:33.887,1.31694,1.31702,1.12,2.25
2017.11.14 19:08:35.573,1.31694,1.31702,1.50,1.50
2017.11.14 19:08:43.315,1.31696,1.31701,2.44,1.12
2017.11.14 19:08:43.418,1.317,1.31706,2.62,2.06
2017.11.14 19:08:43.470,1.31702,1.31708,1.88,1.00
2017.11.14 19:08:43.674,1.31702,1.3171,2.06,1.87
2017.11.14 19:08:44.184,1.31702,1.31709,2.44,1.00
2017.11.14 19:08:44.799,1.31702,1.31705,2.06,1.00
2017.11.14 19:08:44.850,1.31699,1.31706,1.95,4.50
2017.11.14 19:08:44.902,1.31698,1.31706,3.94,1.87
2017.11.14 19:08:45.158,1.317,1.31707,2.81,2.62
2017.11.14 19:08:45.464,1.31701,1.31709,2.81,3.94
2017.11.14 19:08:46.168,1.31702,1.31709,1.00,1.69
2017.11.14 19:08:47.076,1.31701,1.31709,1.25,4.87
2017.11.14 19:08:47.383,1.31698,1.31705,2.25,1.00
2017.11.14 19:08:53.558,1.31698,1.31705,1.31,2.25
2017.11.14 19:08:57.308,1.31698,1.31704,1.19,1.00
2017.11.14 19:09:03.222,1.31698,1.31705,1.19,2.25
2017.11.14 19:09:05.375,1.31698,1.31705,1.31,2.62
2017.11.14 19:09:05.898,1.31698,1.31705,1.25,2.62
2017.11.14 19:09:18.357,1.31697,1.31705,1.19,4.12
2017.11.14 19:09:18.721,1.31695,1.31701,1.62,1.87
2017.11.14 19:09:18.889,1.31692,1.31699,2.89,1.00
2017.11.14 19:09:19.095,1.31689,1.31694,2.44,1.12
2017.11.14 19:09:19.146,1.31689,1.31695,1.50,1.37
2017.11.14 19:09:19.351,1.31687,1.31693,1.12,1.50
2017.11.14 19:09:19.402,1.31685,1.31693,2.33,2.44
2017.11.14 19:09:19.659,1.31685,1.31691,1.13,2.25
2017.11.14 19:09:20.191,1.31684,1.31691,2.63,3.00
2017.11.14 19:09:20.806,1.31684,1.31692,3.00,2.06
2017.11.14 19:09:23.161,1.31684,1.31693,2.06,3.37
2017.11.14 19:09:23.468,1.31687,1.31691,1.00,1.00
2017.11.14 19:09:25.677,1.31684,1.31693,3.00,1.87
2017.11.14 19:09:26.838,1.31686,1.31693,1.00,2.25
2017.11.14 19:09:30.389,1.31686,1.31693,1.00,1.69
2017.11.14 19:09:31.211,1.31684,1.31693,4.50,1.50
2017.11.14 19:09:31.916,1.31684,1.31691,4.12,1.00
2017.11.14 19:09:38.657,1.31686,1.31692,1.00,2.25
2017.11.14 19:09:38.709,1.31686,1.31694,1.00,3.56
2017.11.14 19:09:40.157,1.31686,1.31694,1.00,4.95
2017.11.14 19:09:40.208,1.31686,1.31694,1.00,5.32
2017.11.14 19:09:43.781,1.31686,1.31688,1.00,1.25
2017.11.14 19:09:43.936,1.31677,1.31683,1.00,3.37
2017.11.14 19:09:44.461,1.31675,1.31682,1.81,3.75
2017.11.14 19:09:46.277,1.31675,1.31682,1.12,3.37
2017.11.14 19:09:48.148,1.31675,1.31682,1.29,4.12
2017.11.14 19:09:48.679,1.31675,1.31682,1.29,4.12
2017.11.14 19:09:49.196,1.31675,1.31682,1.29,1.50
2017.11.14 19:09:49.836,1.31675,1.31683,1.48,5.13
2017.11.14 19:09:50.359,1.31675,1.31683,1.31,4.95
2017.11.14 19:09:50.684,1.31675,1.31682,1.31,2.62
2017.11.14 19:09:51.212,1.31675,1.31683,1.12,2.70
2017.11.14 19:09:57.366,1.31675,1.31682,1.50,1.12
2017.11.14 19:09:58.085,1.31675,1.31682,1.50,1.37
2017.11.14 19:09:58.767,1.31675,1.31683,1.50,2.62
2017.11.14 19:09:59.320,1.31675,1.31683,1.50,3.00
2017.11.14 19:10:00.970,1.31675,1.31684,1.31,4.01
2017.11.14 19:10:01.834,1.31676,1.31684,1.25,6.56
2017.11.14 19:10:02.723,1.31676,1.31684,1.44,1.57
2017.11.14 19:10:03.340,1.31676,1.31684,1.00,1.50
2017.11.14 19:10:03.975,1.31675,1.31683,2.44,1.00
2017.11.14 19:10:04.539,1.31676,1.31684,1.00,2.32
2017.11.14 19:10:05.187,1.31677,1.31684,1.00,4.50
2017.11.14 19:10:07.519,1.31677,1.31683,1.00,1.50
2017.11.14 19:10:08.127,1.31677,1.31683,1.00,1.12
2017.11.14 19:10:09.949,1.31675,1.31683,1.69,1.12
2017.11.14 19:10:10.509,1.31675,1.31682,1.69,1.00
2017.11.14 19:10:11.257,1.31675,1.31682,1.69,1.00
2017.11.14 19:10:11.930,1.31675,1.31683,1.31,1.87
2017.11.14 19:10:12.438,1.31675,1.31683,1.69,1.50
2017.11.14 19:10:13.989,1.31675,1.31683,2.44,2.62
2017.11.14 19:10:14.514,1.31675,1.31683,2.44,3.75
2017.11.14 19:10:15.040,1.31675,1.31683,1.69,2.62
2017.11.14 19:10:16.235,1.31675,1.31683,1.19,3.37
2017.11.14 19:10:16.780,1.31675,1.31683,1.25,2.62
2017.11.14 19:10:18.669,1.31675,1.31683,1.44,3.37
2017.11.14 19:10:19.188,1.31675,1.31683,1.00,2.62
2017.11.14 19:10:19.938,1.31675,1.31682,1.00,1.00
2017.11.14 19:10:20.973,1.31675,1.31682,1.88,1.00
2017.11.14 19:10:25.418,1.31675,1.31683,2.44,1.12
2017.11.14 19:10:29.692,1.31676,1.31684,1.25,4.76
2017.11.14 19:10:31.128,1.31676,1.31684,1.69,3.94
2017.11.14 19:10:31.652,1.31676,1.31683,1.31,1.50
2017.11.14 19:10:32.640,1.31676,1.31683,1.25,2.62
2017.11.14 19:10:34.291,1.31676,1.31683,1.25,2.25
2017.11.14 19:10:34.960,1.31676,1.31684,1.25,5.06
2017.11.14 19:10:35.937,1.31676,1.31683,1.12,1.37
2017.11.14 19:10:36.938,1.31676,1.31683,1.25,2.62
2017.11.14 19:10:39.962,1.31676,1.31684,1.00,4.31
2017.11.14 19:10:48.628,1.31674,1.31683,2.44,1.50
2017.11.14 19:10:54.617,1.31675,1.31684,1.19,7.88
2017.11.14 19:10:55.280,1.31675,1.31684,1.25,6.19
2017.11.14 19:10:55.782,1.31674,1.31684,2.06,8.06
2017.11.14 19:10:56.070,1.31674,1.31684,1.12,6.56
2017.11.14 19:10:58.329,1.31674,1.31684,2.25,5.81
2017.11.14 19:10:58.870,1.31674,1.31684,3.19,5.06
2017.11.14 19:11:04.533,1.31675,1.31683,1.19,1.12
2017.11.14 19:11:05.046,1.31675,1.31683,1.81,1.12
2017.11.14 19:11:05.580,1.31675,1.31683,1.31,1.00
2017.11.14 19:11:08.222,1.31674,1.31683,4.01,3.00
2017.11.14 19:11:09.935,1.31671,1.31677,3.19,1.25
2017.11.14 19:11:10.042,1.31668,1.31675,1.00,1.87
2017.11.14 19:11:10.570,1.31668,1.31674,1.00,2.62
2017.11.14 19:11:15.754,1.31668,1.31673,1.50,1.00
2017.11.14 19:11:16.283,1.31668,1.31674,1.12,1.12
2017.11.14 19:11:16.335,1.31673,1.31675,1.50,1.31
2017.11.14 19:11:16.386,1.31673,1.3168,1.87,4.20
2017.11.14 19:11:16.439,1.31674,1.3168,1.12,1.12
2017.11.14 19:11:21.438,1.31674,1.31681,1.00,1.31
2017.11.14 19:11:25.708,1.31674,1.3168,1.00,1.00
2017.11.14 19:11:26.363,1.31674,1.31681,1.25,1.31
2017.11.14 19:11:29.332,1.31674,1.31681,1.37,1.31
2017.11.14 19:11:29.847,1.31675,1.31684,1.31,2.81
2017.11.14 19:11:30.432,1.31675,1.31684,4.01,3.19
2017.11.14 19:11:31.041,1.31675,1.31684,2.63,3.94
2017.11.14 19:11:31.821,1.31675,1.31684,3.19,3.19
2017.11.14 19:11:37.081,1.31675,1.31684,2.25,3.94
2017.11.14 19:11:37.585,1.31675,1.31684,2.25,1.62
2017.11.14 19:11:41.061,1.31675,1.31684,1.87,1.38
2017.11.14 19:11:52.668,1.31676,1.31682,1.00,1.00
2017.11.14 19:12:00.846,1.31677,1.31683,1.00,1.37
2017.11.14 19:12:02.960,1.31677,1.31684,1.31,2.25
2017.11.14 19:12:07.352,1.31677,1.31684,1.00,1.87
2017.11.14 19:12:08.588,1.31677,1.31684,1.00,3.37
2017.11.14 19:12:10.365,1.31676,1.31684,1.25,1.69
2017.11.14 19:12:10.903,1.31676,1.31684,1.57,1.31
2017.11.14 19:12:11.439,1.31676,1.31684,1.76,1.69
2017.11.14 19:12:11.948,1.31676,1.31684,1.57,1.25
2017.11.14 19:12:12.450,1.31676,1.31684,2.51,1.25
2017.11.14 19:12:12.978,1.31676,1.31684,2.51,1.12
2017.11.14 19:12:20.463,1.31677,1.31685,1.00,1.12
2017.11.14 19:12:21.024,1.31676,1.31685,3.07,3.00
2017.11.14 19:12:21.932,1.31676,1.31685,2.89,1.31
2017.11.14 19:12:22.500,1.31676,1.31685,3.07,3.00
2017.11.14 19:12:23.998,1.31676,1.31685,3.07,3.38
2017.11.14 19:12:24.556,1.31676,1.31684,2.62,1.31
2017.11.14 19:12:25.183,1.31676,1.31684,2.62,1.69
2017.11.14 19:12:25.686,1.31676,1.31684,2.62,1.00
2017.11.14 19:12:26.213,1.31676,1.31684,3.56,1.69
2017.11.14 19:12:26.857,1.31676,1.31684,2.62,1.13
2017.11.14 19:12:27.188,1.31679,1.31684,1.00,1.25
2017.11.14 19:12:27.698,1.31679,1.31684,1.00,1.37
2017.11.14 19:12:29.784,1.31679,1.31685,1.00,3.19
2017.11.14 19:12:32.744,1.31677,1.31685,1.50,3.56
2017.11.14 19:12:33.311,1.31678,1.31685,1.00,3.75
2017.11.14 19:12:34.703,1.31678,1.31684,1.00,1.25
2017.11.14 19:12:35.231,1.31678,1.31684,1.00,1.62
2017.11.14 19:12:36.765,1.31678,1.31684,1.00,1.12
2017.11.14 19:12:55.259,1.31677,1.31685,1.00,1.31
2017.11.14 19:12:56.805,1.31677,1.31685,1.69,3.56
2017.11.14 19:12:57.345,1.31677,1.31685,1.69,2.06
2017.11.14 19:12:57.967,1.31677,1.31685,1.50,3.56
2017.11.14 19:12:58.603,1.31677,1.31684,1.50,1.38
2017.11.14 19:12:59.149,1.31677,1.31685,1.50,3.64
2017.11.14 19:12:59.688,1.31677,1.31684,1.69,1.38
2017.11.14 19:13:00.383,1.31677,1.31684,1.50,1.00
2017.11.14 19:13:02.872,1.31677,1.31685,1.50,3.26
2017.11.14 19:13:03.556,1.31677,1.31684,1.88,1.13
2017.11.14 19:13:04.058,1.31677,1.31685,1.50,3.19
2017.11.14 19:13:04.461,1.31677,1.31684,1.69,1.44
2017.11.14 19:13:05.094,1.31677,1.31685,1.50,3.19
2017.11.14 19:13:05.664,1.31677,1.31685,1.50,3.37
2017.11.14 19:13:06.081,1.31677,1.31684,1.50,1.44
2017.11.14 19:13:06.133,1.31677,1.31685,1.69,3.38
2017.11.14 19:13:06.684,1.31677,1.31685,1.50,3.64
2017.11.14 19:13:07.203,1.31677,1.31685,1.69,3.56
2017.11.14 19:13:07.957,1.31677,1.31684,1.38,1.13
2017.11.14 19:13:08.583,1.31677,1.31685,1.00,3.64
2017.11.14 19:13:08.982,1.31677,1.31684,1.00,1.44
2017.11.14 19:13:09.513,1.31677,1.31684,1.00,1.13
2017.11.14 19:13:10.348,1.31677,1.31683,1.25,1.25
2017.11.14 19:13:10.886,1.31677,1.31683,1.25,1.50
2017.11.14 19:13:27.758,1.31677,1.31683,1.25,1.13
2017.11.14 19:13:28.283,1.31677,1.31683,1.00,3.00
2017.11.14 19:13:28.385,1.31674,1.3168,1.00,1.69
2017.11.14 19:13:28.922,1.31674,1.31682,1.50,3.56
2017.11.14 19:13:29.416,1.3167,1.31676,2.25,2.81
2017.11.14 19:13:29.468,1.31668,1.31676,1.69,3.19
2017.11.14 19:13:29.980,1.31667,1.31674,1.44,1.00
2017.11.14 19:13:36.235,1.31667,1.31671,1.69,1.00
2017.11.14 19:13:36.792,1.31667,1.31672,1.50,1.00
2017.11.14 19:13:38.801,1.31667,1.31671,1.50,1.00
2017.11.14 19:13:39.310,1.31667,1.31672,1.00,1.12
2017.11.14 19:13:40.322,1.31667,1.31674,1.25,3.00
2017.11.14 19:13:44.690,1.31667,1.31674,1.00,1.12
2017.11.14 19:13:46.242,1.31666,1.31674,1.69,1.25
2017.11.14 19:13:46.886,1.31666,1.31673,1.25,1.00
2017.11.14 19:13:59.005,1.31665,1.31673,2.06,1.87
2017.11.14 19:13:59.108,1.31663,1.3167,2.25,1.31
2017.11.14 19:13:59.622,1.31665,1.31672,1.00,1.62
2017.11.14 19:14:02.936,1.31665,1.31673,1.12,1.87
2017.11.14 19:14:05.707,1.31664,1.31673,2.44,2.25
2017.11.14 19:14:06.233,1.31665,1.31674,1.69,3.75
2017.11.14 19:14:06.893,1.31665,1.31674,2.25,5.81
2017.11.14 19:14:07.517,1.31665,1.31674,2.44,3.75
2017.11.14 19:14:08.397,1.31665,1.31674,2.63,5.81
2017.11.14 19:14:08.449,1.31665,1.31674,2.25,3.75
2017.11.14 19:14:08.501,1.31665,1.31674,2.25,5.81
2017.11.14 19:14:09.010,1.31665,1.31674,1.69,5.81
2017.11.14 19:14:16.135,1.31665,1.31674,2.25,5.70
2017.11.14 19:14:16.661,1.31665,1.31674,1.87,3.82
2017.11.14 19:14:17.333,1.31666,1.31674,1.00,3.82
2017.11.14 19:14:24.057,1.31666,1.31674,1.00,2.32
2017.11.14 19:14:25.591,1.31664,1.31668,3.00,1.12
2017.11.14 19:14:25.644,1.31658,1.31664,1.45,1.12
2017.11.14 19:14:25.697,1.31653,1.3166,1.47,1.62
2017.11.14 19:14:25.853,1.3165,1.31657,1.88,1.00
2017.11.14 19:14:25.904,1.3165,1.31658,2.06,4.12
2017.11.14 19:14:25.956,1.31649,1.31656,1.00,1.12
2017.11.14 19:14:26.008,1.31648,1.31656,2.06,3.00
2017.11.14 19:14:26.212,1.31649,1.31656,1.31,1.69
2017.11.14 19:14:26.730,1.31649,1.31655,3.19,1.00
2017.11.14 19:14:26.935,1.31649,1.31653,1.69,1.00
2017.11.14 19:14:27.192,1.31649,1.31656,3.00,1.12
2017.11.14 19:14:27.345,1.31654,1.31661,1.12,3.71
2017.11.14 19:14:27.398,1.31655,1.31664,2.06,2.89
2017.11.14 19:14:27.501,1.31657,1.31665,1.50,1.47
2017.11.14 19:14:28.004,1.31657,1.31666,1.31,4.13
2017.11.14 19:14:28.565,1.31657,1.31666,1.50,3.75
2017.11.14 19:14:29.076,1.31657,1.31666,1.87,1.62
2017.11.14 19:14:30.642,1.31657,1.31665,1.87,1.44
2017.11.14 19:14:31.194,1.31657,1.31665,1.87,1.00
2017.11.14 19:14:31.717,1.31657,1.31665,1.12,1.00
2017.11.14 19:14:35.146,1.31657,1.31665,1.50,1.50
2017.11.14 19:14:35.653,1.31657,1.31665,1.12,1.00
2017.11.14 19:14:39.458,1.31657,1.31666,1.12,3.00
2017.11.14 19:14:40.808,1.31656,1.31666,3.37,3.83
2017.11.14 19:14:42.946,1.31656,1.31665,3.75,4.31
2017.11.14 19:14:48.668,1.31656,1.31664,1.50,2.00
2017.11.14 19:14:49.192,1.31655,1.31663,4.50,1.00
2017.11.14 19:14:55.990,1.31653,1.31658,3.82,1.44
2017.11.14 19:14:56.093,1.31648,1.31655,2.89,1.00
2017.11.14 19:14:56.401,1.31652,1.31658,1.25,4.01
2017.11.14 19:14:56.455,1.31653,1.3166,2.62,1.62
2017.11.14 19:14:56.968,1.31654,1.3166,1.50,1.69
2017.11.14 19:14:57.818,1.31654,1.3166,1.50,1.25
2017.11.14 19:14:58.345,1.31653,1.3166,1.50,1.25
2017.11.14 19:14:58.448,1.31652,1.31654,1.00,1.00
2017.11.14 19:14:58.500,1.31649,1.31655,1.00,1.00
2017.11.14 19:14:59.046,1.31649,1.31656,1.00,1.69
2017.11.14 19:14:59.202,1.3165,1.31657,3.00,2.25
2017.11.14 19:14:59.946,1.31649,1.31656,2.25,2.44
2017.11.14 19:15:00.099,1.31651,1.31658,2.25,1.39
2017.11.14 19:15:00.202,1.31653,1.31661,2.25,2.89
2017.11.14 19:15:00.254,1.31653,1.31661,1.50,2.51
2017.11.14 19:15:00.560,1.3165,1.31658,2.89,2.25
2017.11.14 19:15:00.923,1.31653,1.31661,2.25,2.06
2017.11.14 19:15:01.079,1.31651,1.31659,2.25,1.31
2017.11.14 19:15:01.137,1.3165,1.31656,2.70,1.00
2017.11.14 19:15:01.665,1.31649,1.31657,1.25,3.08
2017.11.14 19:15:02.194,1.3165,1.31656,1.00,1.37
2017.11.14 19:15:02.504,1.31654,1.31661,1.86,1.50
2017.11.14 19:15:03.086,1.31654,1.31662,2.25,1.75
2017.11.14 19:15:04.410,1.31654,1.31662,3.00,1.50
2017.11.14 19:15:07.394,1.31654,1.31662,1.87,1.37
2017.11.14 19:15:08.443,1.31654,1.31661,1.50,1.00
2017.11.14 19:15:09.435,1.31654,1.31662,1.50,1.12
2017.11.14 19:15:10.400,1.31654,1.31662,1.50,1.50
2017.11.14 19:15:12.440,1.31654,1.31662,1.50,1.31
2017.11.14 19:15:12.747,1.31654,1.31662,1.12,2.25
2017.11.14 19:15:13.115,1.31654,1.31662,1.12,1.12
2017.11.14 19:15:13.621,1.31654,1.31662,1.12,1.50
2017.11.14 19:15:15.054,1.31654,1.31662,1.50,1.31
2017.11.14 19:15:15.686,1.31655,1.31662,1.00,1.12
2017.11.14 19:15:18.846,1.31655,1.31662,1.37,1.12
2017.11.14 19:15:19.403,1.31655,1.31662,1.87,1.12
2017.11.14 19:15:20.730,1.31663,1.31664,1.00,1.00
2017.11.14 19:15:20.781,1.31663,1.3167,4.31,1.01
2017.11.14 19:15:20.833,1.31664,1.31673,4.69,2.51
2017.11.14 19:15:20.884,1.31666,1.31673,4.31,1.32
2017.11.14 19:15:21.210,1.31668,1.31676,3.56,1.75
2017.11.14 19:15:22.543,1.31669,1.31676,2.06,1.56
2017.11.14 19:15:22.849,1.3167,1.31678,4.12,1.94
2017.11.14 19:15:22.900,1.31671,1.31678,2.25,1.00
2017.11.14 19:15:23.716,1.31672,1.31678,2.06,1.00
2017.11.14 19:15:23.870,1.31676,1.31684,1.50,1.66
2017.11.14 19:15:24.072,1.31677,1.31685,1.12,1.76
2017.11.14 19:15:24.583,1.31677,1.31685,2.62,2.25
2017.11.14 19:15:29.277,1.31677,1.31684,1.12,1.00
2017.11.14 19:15:29.813,1.31677,1.31684,1.50,1.88
2017.11.14 19:15:30.511,1.31677,1.31684,1.87,1.00
2017.11.14 19:15:30.563,1.31671,1.31676,2.70,1.00
2017.11.14 19:15:31.023,1.31668,1.31675,1.12,2.06
2017.11.14 19:15:31.075,1.31673,1.31676,1.50,1.12
2017.11.14 19:15:31.126,1.31673,1.3168,2.44,1.45
2017.11.14 19:15:31.178,1.31675,1.31682,1.37,1.66
2017.11.14 19:15:31.637,1.31674,1.31681,1.50,1.12
2017.11.14 19:15:32.167,1.31674,1.31682,1.12,1.29
2017.11.14 19:15:32.547,1.31673,1.31679,1.31,2.81
2017.11.14 19:15:32.651,1.3167,1.31676,1.00,2.25
2017.11.14 19:15:33.009,1.31667,1.31674,4.78,1.00
2017.11.14 19:15:33.582,1.31667,1.31675,4.50,1.00
2017.11.14 19:15:34.087,1.31668,1.31674,1.00,1.00
2017.11.14 19:15:34.626,1.31667,1.31674,1.00,1.50
2017.11.14 19:15:40.303,1.31666,1.31673,3.19,1.25
2017.11.14 19:15:40.923,1.31666,1.31674,3.19,3.37
2017.11.14 19:15:41.463,1.31666,1.31673,4.87,1.00
2017.11.14 19:15:41.983,1.31666,1.31674,3.19,1.87
2017.11.14 19:15:43.871,1.31666,1.31674,2.44,1.12
2017.11.14 19:15:50.652,1.31667,1.31675,1.87,5.44
2017.11.14 19:15:55.307,1.31669,1.31676,1.25,1.87
2017.11.14 19:15:55.759,1.31669,1.31676,1.00,2.25
2017.11.14 19:15:56.297,1.3167,1.31676,1.00,1.50
2017.11.14 19:15:56.971,1.31671,1.31676,1.00,1.25
2017.11.14 19:16:02.074,1.3167,1.31677,1.50,1.56
2017.11.14 19:16:03.126,1.31669,1.31676,1.12,2.63
2017.11.14 19:16:03.660,1.31669,1.31675,1.12,1.50
2017.11.14 19:16:06.518,1.31669,1.31676,1.12,3.94
2017.11.14 19:16:08.987,1.31668,1.31675,1.62,1.00
2017.11.14 19:16:09.501,1.31668,1.31675,1.25,1.12
2017.11.14 19:16:10.354,1.31668,1.31675,1.00,1.31
2017.11.14 19:16:14.474,1.31668,1.31675,1.69,1.31
2017.11.14 19:16:18.406,1.31669,1.31677,2.06,2.00
2017.11.14 19:16:18.509,1.3167,1.31677,2.44,1.31
2017.11.14 19:16:19.122,1.31676,1.3168,1.00,1.39
2017.11.14 19:16:19.174,1.31676,1.31683,2.25,1.00
2017.11.14 19:16:19.686,1.31677,1.31683,1.00,1.00
2017.11.14 19:16:20.981,1.31685,1.31689,1.50,1.12
2017.11.14 19:16:21.034,1.31687,1.3169,1.12,1.50
2017.11.14 19:16:21.086,1.31687,1.31695,2.62,1.29
2017.11.14 19:16:21.138,1.31689,1.31696,1.12,2.06
2017.11.14 19:16:24.050,1.31688,1.31696,1.50,2.63
2017.11.14 19:16:25.052,1.31688,1.31696,1.50,1.19
2017.11.14 19:16:39.422,1.31689,1.31696,1.12,2.06
2017.11.14 19:16:41.460,1.3169,1.31696,1.00,1.19
2017.11.14 19:16:50.512,1.31692,1.31698,1.00,1.66
2017.11.14 19:16:50.563,1.31694,1.317,1.00,2.06
2017.11.14 19:16:50.615,1.31696,1.317,1.12,1.00
2017.11.14 19:16:50.666,1.31696,1.31704,1.37,2.06
2017.11.14 19:16:50.992,1.31697,1.31705,2.62,1.69
2017.11.14 19:16:53.540,1.31697,1.31705,3.37,1.00
2017.11.14 19:16:55.105,1.31697,1.31705,2.62,1.88
2017.11.14 19:16:55.701,1.31697,1.31705,4.50,1.31
2017.11.14 19:16:56.730,1.31698,1.31705,2.62,1.25
2017.11.14 19:17:00.372,1.31697,1.31705,4.50,1.25
2017.11.14 19:17:03.455,1.31698,1.31706,1.00,2.25
2017.11.14 19:17:03.980,1.31698,1.31704,1.00,1.31
2017.11.14 19:17:06.545,1.31698,1.31704,1.00,1.63
2017.11.14 19:17:06.886,1.31698,1.31705,1.00,2.44
2017.11.14 19:17:07.389,1.31697,1.31705,3.37,2.06
2017.11.14 19:17:07.918,1.31698,1.31704,1.00,1.44
2017.11.14 19:17:07.970,1.31698,1.31705,1.00,2.06
2017.11.14 19:17:08.022,1.31696,1.317,1.00,2.25
2017.11.14 19:17:08.396,1.3169,1.31696,1.37,1.31
2017.11.14 19:17:09.009,1.31689,1.31695,1.87,1.69
2017.11.14 19:17:10.177,1.31689,1.31696,1.37,1.31
2017.11.14 19:17:10.711,1.31688,1.31696,1.50,1.63
2017.11.14 19:17:11.629,1.31688,1.31695,3.37,1.00
2017.11.14 19:17:12.673,1.31688,1.31695,1.50,1.00
2017.11.14 19:17:13.894,1.31688,1.31695,1.50,1.00
2017.11.14 19:17:14.457,1.31689,1.31697,1.00,3.37
2017.11.14 19:17:18.799,1.31688,1.31696,1.12,1.47
2017.11.14 19:17:23.024,1.31688,1.31696,1.37,1.57
2017.11.14 19:17:31.766,1.31692,1.31699,1.12,2.04
2017.11.14 19:17:31.819,1.31694,1.31701,1.25,1.69
2017.11.14 19:17:31.871,1.31696,1.31702,1.12,1.50
2017.11.14 19:17:32.484,1.31697,1.31702,1.12,1.00
2017.11.14 19:17:32.995,1.31695,1.31702,2.62,1.13
2017.11.14 19:17:42.145,1.31695,1.31702,1.50,1.00
2017.11.14 19:17:42.996,1.31696,1.31704,2.25,1.50
2017.11.14 19:17:43.304,1.31698,1.31705,1.12,1.29
2017.11.14 19:17:43.492,1.31698,1.31705,1.12,1.20
2017.11.14 19:17:44.025,1.31698,1.31705,1.12,2.33
2017.11.14 19:17:44.563,1.31697,1.31705,1.50,1.76
2017.11.14 19:17:44.778,1.31697,1.31705,1.50,4.31
2017.11.14 19:17:45.154,1.31696,1.31703,1.00,1.88
2017.11.14 19:17:45.683,1.31696,1.31704,2.25,1.01
2017.11.14 19:17:46.234,1.31696,1.31704,2.25,4.01
2017.11.14 19:17:46.678,1.31696,1.31704,2.25,1.87
2017.11.14 19:17:47.177,1.31696,1.31704,2.25,1.44
2017.11.14 19:17:48.918,1.31695,1.31702,2.06,1.25
2017.11.14 19:17:49.421,1.31695,1.31702,1.31,3.00
2017.11.14 19:17:49.933,1.31694,1.31702,2.06,1.31
2017.11.14 19:17:51.955,1.31694,1.31702,2.06,1.69
2017.11.14 19:17:53.136,1.31694,1.31701,1.69,1.31
2017.11.14 19:17:53.643,1.31694,1.31701,1.69,1.12
2017.11.14 19:17:54.170,1.31694,1.31701,1.69,1.19
2017.11.14 19:17:54.832,1.31694,1.31701,1.50,3.11
2017.11.14 19:17:57.552,1.31692,1.31702,4.57,2.06
2017.11.14 19:17:58.143,1.31695,1.31703,1.25,1.69
2017.11.14 19:17:58.657,1.31696,1.31703,1.50,1.25
2017.11.14 19:18:02.907,1.31696,1.31705,1.87,2.63
2017.11.14 19:18:03.501,1.31697,1.31705,1.00,3.19
2017.11.14 19:18:05.488,1.31696,1.31705,1.87,2.63
2017.11.14 19:18:06.524,1.31697,1.31705,3.75,1.69
2017.11.14 19:18:07.053,1.31697,1.31705,5.63,1.12
2017.11.14 19:18:07.206,1.31697,1.31705,1.37,1.12
2017.11.14 19:18:09.168,1.31697,1.31705,1.50,1.50
2017.11.14 19:18:09.772,1.31698,1.31706,2.62,3.19
2017.11.14 19:18:11.364,1.31698,1.31704,1.37,1.50
2017.11.14 19:18:11.568,1.31696,1.31704,1.87,2.06
2017.11.14 19:18:12.436,1.31696,1.31704,1.87,1.31
2017.11.14 19:18:13.215,1.31696,1.31704,1.87,1.31
2017.11.14 19:18:14.397,1.31694,1.31699,1.20,1.00
2017.11.14 19:18:14.602,1.31694,1.31701,1.31,1.00
2017.11.14 19:18:14.808,1.31694,1.31704,4.69,2.81
2017.11.14 19:18:16.269,1.31696,1.31705,1.31,3.38
2017.11.14 19:18:16.942,1.31696,1.31705,1.31,4.31
2017.11.14 19:18:18.309,1.31696,1.31705,1.50,4.13
2017.11.14 19:18:18.818,1.31696,1.31705,1.31,4.31
2017.11.14 19:18:20.888,1.31697,1.31704,1.00,1.31
2017.11.14 19:18:27.595,1.31697,1.31705,1.50,2.06
2017.11.14 19:18:32.402,1.31697,1.31704,1.50,1.19
2017.11.14 19:18:32.943,1.31697,1.31703,1.00,1.31
2017.11.14 19:18:34.408,1.31697,1.31703,1.00,1.69
2017.11.14 19:18:34.927,1.31697,1.31703,1.00,1.50
2017.11.14 19:18:36.229,1.31697,1.31703,1.37,1.25
2017.11.14 19:18:39.402,1.31697,1.31705,1.37,2.06
2017.11.14 19:18:46.155,1.31696,1.31705,2.14,1.69
2017.11.14 19:18:49.753,1.31697,1.31705,1.00,1.69
2017.11.14 19:18:53.775,1.31697,1.31705,1.45,1.69
2017.11.14 19:18:54.400,1.31697,1.31705,2.70,1.69
2017.11.14 19:18:55.094,1.31698,1.31705,1.10,1.88
2017.11.14 19:18:56.098,1.31698,1.31706,2.70,2.25
2017.11.14 19:18:59.801,1.31697,1.31705,1.70,1.31
2017.11.14 19:19:01.049,1.31697,1.31705,2.51,1.31
2017.11.14 19:19:03.738,1.31697,1.31706,3.07,2.06
2017.11.14 19:19:04.211,1.31704,1.31709,1.00,1.75
2017.11.14 19:19:04.263,1.31705,1.31712,1.00,1.69
2017.11.14 19:19:04.315,1.31705,1.31714,2.44,1.87
2017.11.14 19:19:04.366,1.31706,1.31714,2.62,1.31
2017.11.14 19:19:04.902,1.31706,1.31715,2.32,2.81
2017.11.14 19:19:05.688,1.31706,1.31715,2.32,5.44
2017.11.14 19:19:10.749,1.31704,1.3171,1.57,5.25
2017.11.14 19:19:10.801,1.31701,1.31708,1.75,1.81
2017.11.14 19:19:11.159,1.31698,1.31707,1.31,3.56
2017.11.14 19:19:11.684,1.31699,1.31707,1.00,2.06
2017.11.14 19:19:12.041,1.31699,1.31706,2.62,1.31
2017.11.14 19:19:16.822,1.31698,1.31706,1.62,2.06
2017.11.14 19:19:17.078,1.31698,1.31706,1.31,1.31
2017.11.14 19:19:17.181,1.31698,1.31706,1.50,1.31
2017.11.14 19:19:17.334,1.31699,1.31706,1.50,1.31
2017.11.14 19:19:17.539,1.31699,1.31706,1.00,1.31
2017.11.14 19:19:17.692,1.31699,1.31706,3.37,1.31
2017.11.14 19:19:18.314,1.31697,1.31706,6.56,2.06
2017.11.14 19:19:18.621,1.31699,1.31706,5.44,1.25
2017.11.14 19:19:18.957,1.31707,1.3171,1.87,1.00
2017.11.14 19:19:19.111,1.31707,1.31715,1.50,1.31
2017.11.14 19:19:19.214,1.31707,1.31715,5.25,1.50
2017.11.14 19:19:24.179,1.31707,1.31715,3.45,1.19
2017.11.14 19:19:25.948,1.31707,1.31715,1.12,2.06
2017.11.14 19:19:29.458,1.31707,1.31714,1.50,1.19
2017.11.14 19:19:30.010,1.31707,1.31715,1.50,2.44
2017.11.14 19:19:31.295,1.31707,1.31715,3.00,1.69
2017.11.14 19:19:31.884,1.31707,1.31715,1.87,1.88
2017.11.14 19:19:31.935,1.31707,1.31715,2.25,2.25
2017.11.14 19:19:39.672,1.31708,1.31715,1.00,2.06
2017.11.14 19:19:47.740,1.31707,1.31715,1.69,2.06
2017.11.14 19:19:48.283,1.31707,1.31715,1.69,1.69
2017.11.14 19:19:48.940,1.31708,1.31715,1.00,1.50
2017.11.14 19:19:54.135,1.31707,1.31715,2.06,2.06
2017.11.14 19:20:01.753,1.31707,1.31715,2.44,2.44
2017.11.14 19:20:02.362,1.31707,1.31715,2.44,2.44
2017.11.14 19:20:10.230,1.31707,1.31715,3.00,2.25
2017.11.14 19:20:10.639,1.31707,1.31715,2.06,2.06
2017.11.14 19:20:10.741,1.31707,1.31715,1.69,1.69
2017.11.14 19:20:11.385,1.31707,1.31716,2.62,2.25
2017.11.14 19:20:12.352,1.31707,1.31715,2.44,1.25
2017.11.14 19:20:12.989,1.31707,1.31716,3.19,1.69
2017.11.14 19:20:13.756,1.31707,1.31715,2.06,1.62
2017.11.14 19:20:14.264,1.31708,1.31715,1.00,1.88
2017.11.14 19:20:14.600,1.31707,1.31715,1.31,7.13
2017.11.14 19:20:15.111,1.31706,1.31714,1.56,1.69
2017.11.14 19:20:15.577,1.31705,1.31715,2.25,2.00
2017.11.14 19:20:15.730,1.31706,1.31714,1.69,1.12
2017.11.14 19:20:20.044,1.31705,1.31715,3.19,2.00
2017.11.14 19:20:20.198,1.31706,1.31716,3.00,4.69
2017.11.14 19:20:27.759,1.31706,1.31715,1.31,4.50
2017.11.14 19:20:30.110,1.31706,1.31709,1.50,2.62
2017.11.14 19:20:30.161,1.31702,1.31707,3.75,1.87
2017.11.14 19:20:30.213,1.31702,1.31706,2.25,4.12
2017.11.14 19:20:30.315,1.31698,1.31706,1.19,4.12
2017.11.14 19:20:30.774,1.31698,1.31706,1.56,1.25
2017.11.14 19:20:30.827,1.31698,1.31706,1.19,1.75
2017.11.14 19:20:31.230,1.31697,1.31706,1.12,3.19
2017.11.14 19:20:32.176,1.31697,1.31706,1.12,1.69
2017.11.14 19:20:32.713,1.31697,1.31706,2.63,1.56
2017.11.14 19:20:33.275,1.31697,1.31705,1.87,1.25
2017.11.14 19:20:33.851,1.31698,1.31705,1.00,1.25
2017.11.14 19:20:34.139,1.31697,1.31705,1.12,3.37
2017.11.14 19:20:34.956,1.31695,1.31704,2.25,1.20
2017.11.14 19:20:35.529,1.31696,1.31705,4.12,1.58
2017.11.14 19:20:36.084,1.31696,1.31705,1.25,2.70
2017.11.14 19:20:36.240,1.31697,1.31706,2.44,1.31
2017.11.14 19:20:36.808,1.31698,1.31706,1.00,1.94
2017.11.14 19:20:38.141,1.31696,1.31703,1.87,1.00
2017.11.14 19:20:39.523,1.31697,1.31705,1.00,2.06
2017.11.14 19:20:39.625,1.31697,1.31705,1.00,2.25
2017.11.14 19:20:39.727,1.31697,1.31705,1.00,2.06
2017.11.14 19:20:40.279,1.31696,1.31705,1.95,1.31
2017.11.14 19:20:41.058,1.31696,1.31705,3.08,1.63
2017.11.14 19:20:41.560,1.31696,1.31705,3.56,1.25
2017.11.14 19:20:41.967,1.31696,1.31705,3.00,1.69
2017.11.14 19:20:42.679,1.31696,1.31705,1.87,1.76
2017.11.14 19:20:43.328,1.31696,1.31705,2.25,1.76
2017.11.14 19:20:44.722,1.31696,1.31704,2.25,1.00
2017.11.14 19:20:46.756,1.31696,1.31705,2.25,1.75
2017.11.14 19:20:46.960,1.31696,1.31705,2.25,1.12
2017.11.14 19:20:47.474,1.31696,1.31705,2.25,1.44
2017.11.14 19:20:48.353,1.31696,1.31705,3.00,1.31
2017.11.14 19:20:48.862,1.31697,1.31705,1.12,1.12
2017.11.14 19:20:49.463,1.31697,1.31705,1.30,1.31
2017.11.14 19:20:50.012,1.31697,1.31705,1.12,1.31
2017.11.14 19:20:51.375,1.31697,1.31704,1.12,1.00
2017.11.14 19:20:55.190,1.31697,1.31705,1.12,3.19
2017.11.14 19:20:55.966,1.31697,1.31705,1.12,1.31
2017.11.14 19:20:57.109,1.31696,1.31705,2.44,1.88
2017.11.14 19:20:57.615,1.31696,1.31704,2.44,1.00
2017.11.14 19:20:58.879,1.31696,1.31704,2.44,1.25
2017.11.14 19:20:59.395,1.31696,1.31704,2.81,1.19
2017.11.14 19:20:59.906,1.31696,1.31705,1.31,4.12
2017.11.14 19:21:04.837,1.31696,1.31704,2.44,1.25
2017.11.14 19:21:05.368,1.31696,1.31705,2.44,3.08
2017.11.14 19:21:05.944,1.31696,1.31704,2.44,1.00
2017.11.14 19:21:07.834,1.31697,1.31704,1.00,1.31
2017.11.14 19:21:08.384,1.31696,1.31706,1.39,2.70
2017.11.14 19:21:08.909,1.31696,1.31704,1.62,1.25
2017.11.14 19:21:18.626,1.31697,1.31706,1.12,3.19
2017.11.14 19:21:18.951,1.31697,1.31706,1.12,3.19
2017.11.14 19:21:19.564,1.31697,1.31705,2.62,2.44
2017.11.14 19:21:22.192,1.31698,1.31706,1.00,1.69
2017.11.14 19:21:22.805,1.31698,1.31706,1.00,4.88
2017.11.14 19:21:28.694,1.31697,1.31705,4.01,1.25
2017.11.14 19:21:31.351,1.31697,1.31705,1.00,1.38
2017.11.14 19:21:31.888,1.31696,1.31706,3.45,2.89
2017.11.14 19:21:35.101,1.31696,1.31706,1.87,4.69
2017.11.14 19:21:35.402,1.31697,1.31705,1.37,1.25
2017.11.14 19:21:39.398,1.31698,1.31705,1.57,1.31
2017.11.14 19:21:43.204,1.31698,1.31707,2.14,1.56
2017.11.14 19:21:47.530,1.31698,1.31706,1.57,1.56
2017.11.14 19:21:48.001,1.31699,1.31707,1.95,1.69
2017.11.14 19:21:50.369,1.31699,1.31707,1.95,1.69
2017.11.14 19:21:52.521,1.31699,1.31707,1.20,1.69
2017.11.14 19:21:54.374,1.31699,1.31707,1.20,2.06
2017.11.14 19:21:55.472,1.31698,1.31706,1.10,4.69
2017.11.14 19:21:55.981,1.31698,1.31706,1.20,2.06
2017.11.14 19:22:04.540,1.31697,1.31706,4.39,3.56
2017.11.14 19:22:10.131,1.31697,1.31705,1.95,1.12
2017.11.14 19:22:13.808,1.31698,1.31706,1.01,3.00
2017.11.14 19:22:14.562,1.31698,1.31706,2.51,2.25
2017.11.14 19:22:17.810,1.31698,1.31706,3.07,1.69
2017.11.14 19:22:18.797,1.31698,1.31706,1.57,1.69
2017.11.14 19:22:26.375,1.31698,1.31706,2.70,2.06
2017.11.14 19:22:26.878,1.31698,1.31706,2.70,2.06
2017.11.14 19:22:27.886,1.31698,1.31707,1.10,5.81
2017.11.14 19:22:28.420,1.31698,1.31706,2.70,1.25
2017.11.14 19:22:29.609,1.31698,1.31707,1.50,3.64
2017.11.14 19:22:39.172,1.31698,1.31706,2.06,2.81
2017.11.14 19:22:44.031,1.31697,1.31704,1.69,1.00
2017.11.14 19:22:44.337,1.31698,1.31706,1.50,1.31
2017.11.14 19:22:48.080,1.31699,1.31704,1.00,1.00
2017.11.14 19:22:50.031,1.31698,1.31704,2.06,1.00
2017.11.14 19:22:50.336,1.31698,1.31704,2.62,1.00
2017.11.14 19:22:50.997,1.31696,1.31699,1.31,1.00
2017.11.14 19:22:51.049,1.31693,1.31699,2.25,2.62
2017.11.14 19:22:51.102,1.31692,1.31698,1.50,1.12
2017.11.14 19:22:51.204,1.31691,1.31697,4.87,2.62
2017.11.14 19:22:51.725,1.31691,1.31697,2.25,3.37
2017.11.14 19:22:52.837,1.3169,1.31697,1.00,4.87
2017.11.14 19:22:52.889,1.31687,1.31694,3.56,1.00
2017.11.14 19:22:53.418,1.31687,1.31693,3.00,1.50
2017.11.14 19:22:55.125,1.31687,1.31693,1.50,1.87
2017.11.14 19:22:55.581,1.31686,1.31691,1.50,1.00
2017.11.14 19:22:56.091,1.31685,1.31692,2.44,1.12
2017.11.14 19:22:56.697,1.31685,1.31692,2.06,1.12
2017.11.14 19:22:57.299,1.31685,1.31693,2.06,3.00
2017.11.14 19:22:57.659,1.31688,1.31695,1.38,1.62
2017.11.14 19:23:00.082,1.31688,1.31696,1.25,6.56
2017.11.14 19:23:00.134,1.31686,1.31694,3.56,1.75
2017.11.14 19:23:00.543,1.31684,1.31691,2.00,1.87
2017.11.14 19:23:00.594,1.31684,1.31691,1.25,1.87
2017.11.14 19:23:01.279,1.31681,1.31686,1.20,1.00
2017.11.14 19:23:01.331,1.3168,1.31686,1.12,1.37
2017.11.14 19:23:01.843,1.3168,1.31684,1.00,1.00
2017.11.14 19:23:02.417,1.3168,1.31686,1.00,1.87
2017.11.14 19:23:03.217,1.31678,1.31686,1.56,2.62
2017.11.14 19:23:03.652,1.31678,1.31686,1.31,5.25
2017.11.14 19:23:03.754,1.31678,1.31686,1.56,2.62
2017.11.14 19:23:04.223,1.31678,1.31686,2.06,3.75
2017.11.14 19:23:04.376,1.31678,1.31686,1.56,1.87
2017.11.14 19:23:05.231,1.31678,1.31686,1.31,3.75
2017.11.14 19:23:05.767,1.31678,1.31686,1.56,3.75
2017.11.14 19:23:06.422,1.31678,1.31685,1.56,1.37
2017.11.14 19:23:06.952,1.31678,1.31686,1.56,4.50
2017.11.14 19:23:07.770,1.31678,1.31686,1.31,6.00
2017.11.14 19:23:08.285,1.31678,1.31685,1.56,1.00
2017.11.14 19:23:08.818,1.31678,1.31685,1.12,1.00
2017.11.14 19:23:09.346,1.31678,1.31685,1.37,1.37
2017.11.14 19:23:09.865,1.31678,1.31686,2.62,1.75
2017.11.14 19:23:12.258,1.31678,1.31684,3.94,1.00
2017.11.14 19:23:13.543,1.31684,1.31688,2.25,1.00
2017.11.14 19:23:13.595,1.31688,1.31692,1.00,1.50
2017.11.14 19:23:13.760,1.31688,1.31696,1.87,2.44
2017.11.14 19:23:14.613,1.31688,1.31696,1.50,3.56
2017.11.14 19:23:14.665,1.31694,1.31697,1.13,1.12
2017.11.14 19:23:14.768,1.31695,1.31703,2.62,1.39
2017.11.14 19:23:14.819,1.31696,1.31703,1.12,1.00
2017.11.14 19:23:15.328,1.31695,1.31703,4.50,1.00
2017.11.14 19:23:15.888,1.31695,1.31704,3.00,1.57
2017.11.14 19:23:16.569,1.31696,1.31704,1.50,1.95
2017.11.14 19:23:17.117,1.31697,1.31704,1.00,1.87
2017.11.14 19:23:26.980,1.31696,1.31704,1.87,1.87
2017.11.14 19:23:27.033,1.31696,1.31702,1.00,1.00
2017.11.14 19:23:28.023,1.31694,1.31702,3.37,1.25
2017.11.14 19:23:29.649,1.31694,1.31702,3.00,2.81
2017.11.14 19:23:30.250,1.31694,1.31702,3.00,2.06
2017.11.14 19:23:33.551,1.31694,1.31702,1.25,3.56
2017.11.14 19:23:33.859,1.3169,1.31698,1.25,3.75
2017.11.14 19:23:36.421,1.31689,1.31697,2.06,1.25
2017.11.14 19:23:37.774,1.31689,1.31697,2.44,3.56
2017.11.14 19:23:40.458,1.31689,1.31696,1.69,1.00
2017.11.14 19:23:40.764,1.31688,1.31696,1.19,3.19
2017.11.14 19:23:41.794,1.31688,1.31695,1.19,1.00
2017.11.14 19:23:48.524,1.31688,1.31696,2.25,1.12
2017.11.14 19:23:49.305,1.31688,1.31696,1.87,1.50
2017.11.14 19:23:52.867,1.31685,1.31689,4.20,1.25
2017.11.14 19:23:52.919,1.31683,1.31689,2.06,1.88
2017.11.14 19:23:52.971,1.3168,1.31686,1.07,1.00
2017.11.14 19:23:53.023,1.31679,1.31685,1.87,1.50
2017.11.14 19:23:53.075,1.31679,1.31684,1.00,1.88
2017.11.14 19:23:53.331,1.31673,1.31681,2.14,3.75
2017.11.14 19:23:53.678,1.3167,1.31676,3.26,4.13
2017.11.14 19:23:53.731,1.31669,1.31676,1.87,1.37
2017.11.14 19:23:54.141,1.31671,1.31678,1.00,1.37
2017.11.14 19:23:55.400,1.31671,1.31678,1.31,1.00
2017.11.14 19:23:56.285,1.31671,1.31677,1.00,1.87
2017.11.14 19:23:56.601,1.31667,1.31671,2.25,1.12
2017.11.14 19:23:57.009,1.31663,1.31671,1.50,1.87
2017.11.14 19:23:57.601,1.31663,1.3167,1.87,1.50
2017.11.14 19:23:57.653,1.31663,1.31671,4.50,1.00
2017.11.14 19:23:58.673,1.31666,1.31672,1.00,1.12
2017.11.14 19:23:59.435,1.31665,1.31674,1.69,1.87
2017.11.14 19:24:00.567,1.31665,1.31673,3.64,1.00
2017.11.14 19:24:01.178,1.31665,1.31673,2.14,1.00
2017.11.14 19:24:04.215,1.31665,1.31673,3.64,1.00
2017.11.14 19:24:05.137,1.31666,1.31675,1.10,2.00
2017.11.14 19:24:05.444,1.31666,1.31675,1.45,2.06
2017.11.14 19:24:08.938,1.31666,1.31675,1.58,3.94
2017.11.14 19:24:09.489,1.31668,1.31675,2.08,1.87
2017.11.14 19:24:10.012,1.31668,1.31675,1.57,1.37
2017.11.14 19:24:10.217,1.31669,1.31675,1.70,1.37
2017.11.14 19:24:10.423,1.31669,1.31676,1.25,1.12
2017.11.14 19:24:11.671,1.31669,1.31676,1.44,1.50
2017.11.14 19:24:12.446,1.31669,1.31676,1.38,1.00
2017.11.14 19:24:13.170,1.31669,1.31676,1.44,1.00
2017.11.14 19:24:13.921,1.31669,1.31676,1.50,1.00
2017.11.14 19:24:14.459,1.31669,1.31676,1.88,1.12
2017.11.14 19:24:14.982,1.31669,1.31676,1.50,1.12
2017.11.14 19:24:15.238,1.31674,1.3168,1.31,1.01
2017.11.14 19:24:15.808,1.31675,1.31683,1.12,2.06
2017.11.14 19:24:18.496,1.31675,1.31684,1.50,3.64
2017.11.14 19:24:33.392,1.31676,1.31684,1.00,3.94
2017.11.14 19:24:37.597,1.31676,1.31684,1.00,2.25
2017.11.14 19:24:38.433,1.31676,1.31684,1.00,1.31
2017.11.14 19:24:40.439,1.31676,1.31684,1.13,2.25
2017.11.14 19:24:43.536,1.31677,1.31684,1.00,2.25
2017.11.14 19:24:45.203,1.31677,1.31684,1.12,2.25
2017.11.14 19:24:50.328,1.31676,1.31684,1.13,2.25
2017.11.14 19:24:51.255,1.31676,1.31684,1.88,3.00
2017.11.14 19:24:52.027,1.31676,1.31684,1.88,1.50
2017.11.14 19:24:53.966,1.31678,1.31684,1.50,1.37
2017.11.14 19:24:54.736,1.31678,1.31684,1.88,1.37
2017.11.14 19:24:55.358,1.31678,1.31684,1.88,1.37
2017.11.14 19:24:56.238,1.31678,1.31685,1.88,2.06
2017.11.14 19:24:56.644,1.3168,1.31685,1.12,1.00
2017.11.14 19:24:56.696,1.31681,1.31687,1.62,1.31
2017.11.14 19:24:56.861,1.31684,1.31689,1.44,1.00
2017.11.14 19:24:57.479,1.31684,1.3169,1.00,1.12
2017.11.14 19:25:00.244,1.31684,1.31691,1.00,1.87
2017.11.14 19:25:00.397,1.31686,1.31692,1.88,1.62
2017.11.14 19:25:00.448,1.31687,1.31694,1.25,1.57
2017.11.14 19:25:01.596,1.31687,1.31695,1.00,1.12
2017.11.14 19:25:05.269,1.31686,1.31693,1.00,1.50
2017.11.14 19:25:05.749,1.31686,1.31693,1.12,4.12
2017.11.14 19:25:06.273,1.31686,1.31694,1.31,2.06
2017.11.14 19:25:06.691,1.31688,1.31695,1.00,4.50
2017.11.14 19:25:08.314,1.31688,1.31695,1.00,3.00
2017.11.14 19:25:09.642,1.31688,1.31695,1.00,1.50
2017.11.14 19:25:17.478,1.31687,1.31695,1.00,3.00
2017.11.14 19:25:17.632,1.31686,1.31693,1.95,1.31
2017.11.14 19:25:18.142,1.31685,1.31693,1.00,6.19
2017.11.14 19:25:19.344,1.31684,1.31688,2.44,2.96
2017.11.14 19:25:19.601,1.31656,1.31663,3.82,1.50
2017.11.14 19:25:19.652,1.31654,1.31656,1.25,1.50
2017.11.14 19:25:19.756,1.31651,1.31655,1.19,1.12
2017.11.14 19:25:19.807,1.31649,1.31654,1.39,1.37
2017.11.14 19:25:20.350,1.31651,1.31657,1.50,4.69
2017.11.14 19:25:20.816,1.31649,1.31656,1.31,1.12
2017.11.14 19:25:21.229,1.31645,1.31654,2.32,2.62
2017.11.14 19:25:23.905,1.31645,1.31653,1.69,1.00
2017.11.14 19:25:26.313,1.31648,1.31655,1.25,3.56
2017.11.14 19:25:26.366,1.31653,1.31656,1.00,2.44
2017.11.14 19:25:26.420,1.31655,1.3166,1.00,2.04
2017.11.14 19:25:26.471,1.31656,1.3166,1.00,1.00
2017.11.14 19:25:26.523,1.31655,1.31664,1.50,2.81
2017.11.14 19:25:27.136,1.31655,1.31664,1.63,2.44
2017.11.14 19:25:28.495,1.31657,1.31664,1.00,1.50
2017.11.14 19:25:28.547,1.31657,1.31665,1.88,1.37
2017.11.14 19:25:28.700,1.31655,1.31665,1.69,4.31
2017.11.14 19:25:28.905,1.31655,1.31664,1.69,2.62
2017.11.14 19:25:29.059,1.31655,1.31664,2.25,1.25
2017.11.14 19:25:29.765,1.31655,1.31665,1.66,2.81
2017.11.14 19:25:30.276,1.31656,1.31665,1.62,3.56
2017.11.14 19:25:30.816,1.31655,1.31665,1.69,1.12
2017.11.14 19:25:31.359,1.31655,1.31665,1.95,1.37
2017.11.14 19:25:31.877,1.31656,1.31665,1.37,2.63
2017.11.14 19:25:33.750,1.31655,1.31665,3.45,2.25
2017.11.14 19:25:34.254,1.31657,1.31665,1.57,1.00
2017.11.14 19:25:35.016,1.31661,1.31667,1.00,1.50
2017.11.14 19:25:35.537,1.31661,1.31669,1.12,3.00
2017.11.14 19:25:36.050,1.31657,1.31666,2.89,2.81
2017.11.14 19:25:36.305,1.31657,1.31666,1.31,2.33
2017.11.14 19:25:36.357,1.31657,1.31666,1.25,2.14
2017.11.14 19:25:36.574,1.31657,1.31666,1.25,2.33
2017.11.14 19:25:36.626,1.31657,1.31667,3.19,4.76
2017.11.14 19:25:36.677,1.31659,1.31667,2.06,1.47
2017.11.14 19:25:36.728,1.3166,1.31668,1.94,1.00
2017.11.14 19:25:36.832,1.31659,1.31666,1.25,1.00
2017.11.14 19:25:38.537,1.31657,1.31666,1.56,1.38
2017.11.14 19:25:39.062,1.31657,1.31666,1.56,1.13
2017.11.14 19:25:39.596,1.31657,1.31666,1.66,1.38
2017.11.14 19:25:45.086,1.31657,1.31666,1.31,3.45
2017.11.14 19:25:46.614,1.31656,1.31666,1.47,3.82
2017.11.14 19:25:47.186,1.31656,1.31666,1.76,4.76
2017.11.14 19:25:52.246,1.31656,1.31666,2.06,4.88
2017.11.14 19:25:52.761,1.31656,1.31665,1.31,4.69
2017.11.14 19:25:53.415,1.31656,1.31664,1.69,1.69
2017.11.14 19:25:54.441,1.31656,1.31664,1.00,2.62
2017.11.14 19:25:55.113,1.31655,1.31663,4.12,1.69
2017.11.14 19:25:56.146,1.31653,1.3166,1.00,1.31
2017.11.14 19:25:56.453,1.31655,1.31661,1.00,1.00
2017.11.14 19:25:56.964,1.31656,1.31663,1.12,1.69
2017.11.14 19:25:57.735,1.31656,1.31663,1.88,1.00
2017.11.14 19:25:58.302,1.31656,1.31664,1.69,2.44
2017.11.14 19:25:58.823,1.31657,1.31664,1.12,1.25
2017.11.14 19:25:59.372,1.31657,1.31665,2.25,1.88
2017.11.14 19:26:00.015,1.31657,1.31665,2.25,1.81
2017.11.14 19:26:05.409,1.31657,1.31666,2.89,4.13
2017.11.14 19:26:06.813,1.31664,1.31669,1.00,2.14
2017.11.14 19:26:06.864,1.31663,1.31671,3.00,1.19
2017.11.14 19:26:06.916,1.31663,1.31672,3.37,1.25
2017.11.14 19:26:07.465,1.31665,1.31672,1.12,1.25
2017.11.14 19:26:08.379,1.31664,1.31672,1.50,1.31
2017.11.14 19:26:08.431,1.31664,1.31669,1.12,2.25
2017.11.14 19:26:08.535,1.31658,1.31666,1.57,1.50
2017.11.14 19:26:09.067,1.31657,1.31666,2.44,1.50
2017.11.14 19:26:09.975,1.31663,1.31669,1.25,1.95
2017.11.14 19:26:10.027,1.31662,1.3167,1.31,2.44
2017.11.14 19:26:10.079,1.31663,1.31671,1.87,1.76
2017.11.14 19:26:10.285,1.31665,1.31674,3.00,3.26
2017.11.14 19:26:10.795,1.31666,1.31674,1.69,1.12
2017.11.14 19:26:11.364,1.31667,1.31674,1.63,1.12
2017.11.14 19:26:14.894,1.31667,1.31676,1.50,2.62
2017.11.14 19:26:15.888,1.31667,1.31674,3.00,1.00
2017.11.14 19:26:16.533,1.31667,1.31674,3.37,1.00
2017.11.14 19:26:18.449,1.31673,1.31678,1.12,1.01
2017.11.14 19:26:18.552,1.31675,1.31681,1.50,1.01
2017.11.14 19:26:19.088,1.31674,1.31681,2.25,1.25
2017.11.14 19:26:19.737,1.31674,1.31681,1.87,1.25
2017.11.14 19:26:19.957,1.31672,1.31678,1.12,2.06
2017.11.14 19:26:20.060,1.3167,1.31676,1.00,1.50
2017.11.14 19:26:20.162,1.31671,1.31679,3.56,1.66
2017.11.14 19:26:20.470,1.31672,1.3168,2.81,1.00
2017.11.14 19:26:20.623,1.31668,1.31677,6.56,2.81
2017.11.14 19:26:21.157,1.31669,1.31676,1.00,1.31
2017.11.14 19:26:21.710,1.31668,1.31677,2.44,4.39
2017.11.14 19:26:22.017,1.31673,1.3168,2.81,1.00
2017.11.14 19:26:22.377,1.31672,1.31678,1.57,1.13
2017.11.14 19:26:22.788,1.31669,1.31676,1.31,1.12
2017.11.14 19:26:23.309,1.31668,1.31676,1.69,2.44
2017.11.14 19:26:25.217,1.31666,1.31674,1.31,1.31
2017.11.14 19:26:25.268,1.31665,1.31671,1.76,1.00
2017.11.14 19:26:25.320,1.31663,1.31668,1.87,2.44
2017.11.14 19:26:25.372,1.31661,1.31668,3.07,3.38
2017.11.14 19:26:25.880,1.31661,1.31666,2.25,1.00
2017.11.14 19:26:25.982,1.31659,1.31666,1.50,1.00
2017.11.14 19:26:26.614,1.31659,1.31666,1.50,1.00
2017.11.14 19:26:33.898,1.3166,1.31666,2.06,1.00
2017.11.14 19:26:33.949,1.31661,1.31668,2.25,1.50
2017.11.14 19:26:34.811,1.3166,1.31668,1.00,6.19
2017.11.14 19:26:36.796,1.3166,1.31668,1.00,2.81
2017.11.14 19:26:37.691,1.31661,1.31668,1.00,4.50
2017.11.14 19:26:38.590,1.3166,1.31668,1.69,3.00
2017.11.14 19:26:39.602,1.31661,1.31668,1.00,3.00
2017.11.14 19:26:41.981,1.3166,1.31668,1.69,3.00
2017.11.14 19:26:44.247,1.3166,1.31667,1.62,1.00
2017.11.14 19:26:45.709,1.3166,1.31668,1.69,3.00
2017.11.14 19:26:54.032,1.3166,1.31667,1.00,2.06
2017.11.14 19:26:56.315,1.31659,1.31667,3.19,1.87
2017.11.14 19:26:56.869,1.31659,1.31666,3.56,1.00
2017.11.14 19:26:57.517,1.31659,1.31667,3.56,1.69
2017.11.14 19:26:58.247,1.31659,1.31667,3.19,1.50
2017.11.14 19:27:02.700,1.31659,1.31667,4.31,3.19
2017.11.14 19:27:10.509,1.31665,1.31669,1.00,1.00
2017.11.14 19:27:10.614,1.31665,1.31671,1.12,1.25
2017.11.14 19:27:11.124,1.31665,1.31672,2.25,1.12
2017.11.14 19:27:14.466,1.31666,1.31673,1.00,1.12
2017.11.14 19:27:16.653,1.31666,1.31671,1.00,1.00
2017.11.14 19:27:17.163,1.31666,1.31672,1.00,1.00
2017.11.14 19:27:19.348,1.31666,1.31672,1.00,1.69
2017.11.14 19:27:20.057,1.31665,1.31667,1.87,1.00
2017.11.14 19:27:20.126,1.31661,1.31667,1.10,1.00
2017.11.14 19:27:22.228,1.31661,1.31666,1.00,1.00
2017.11.14 19:27:25.533,1.31661,1.31667,1.00,1.00
2017.11.14 19:27:25.635,1.31661,1.31667,1.00,3.37
2017.11.14 19:27:25.839,1.31661,1.31667,1.00,1.12
2017.11.14 19:27:36.350,1.31661,1.31666,1.12,1.00
2017.11.14 19:27:36.859,1.3166,1.31666,1.12,1.00
2017.11.14 19:27:40.183,1.3166,1.31666,1.12,1.88
2017.11.14 19:27:40.689,1.3166,1.31666,1.12,1.00
2017.11.14 19:27:42.900,1.3166,1.31667,1.12,2.62
2017.11.14 19:27:43.561,1.3166,1.31666,1.12,1.00
2017.11.14 19:27:45.757,1.3166,1.31667,1.12,2.25
2017.11.14 19:27:46.266,1.3166,1.31666,1.12,1.00
2017.11.14 19:27:46.772,1.3166,1.31667,1.12,2.44
2017.11.14 19:27:47.955,1.3166,1.31666,1.12,1.25
2017.11.14 19:27:48.479,1.3166,1.31667,1.12,2.44
2017.11.14 19:27:49.177,1.3166,1.31666,1.12,1.25
2017.11.14 19:27:51.316,1.31661,1.31668,1.25,3.00
2017.11.14 19:27:51.561,1.31661,1.31666,1.00,1.00
2017.11.14 19:27:52.123,1.31661,1.31667,1.00,1.25
2017.11.14 19:27:53.117,1.31661,1.31666,1.00,1.00
2017.11.14 19:28:00.075,1.31661,1.31667,1.12,1.12
2017.11.14 19:28:00.915,1.31661,1.31666,1.12,1.00
2017.11.14 19:28:06.172,1.31664,1.3167,1.50,1.39
2017.11.14 19:28:06.223,1.31666,1.31672,1.00,3.37
2017.11.14 19:28:06.734,1.31666,1.31672,1.50,1.00
2017.11.14 19:28:07.244,1.31666,1.31672,1.12,1.00
2017.11.14 19:28:07.729,1.31666,1.31675,2.06,5.50
2017.11.14 19:28:16.956,1.31667,1.31674,1.69,2.25
2017.11.14 19:28:18.386,1.31667,1.31674,2.06,1.50
2017.11.14 19:28:27.330,1.31667,1.31674,1.50,1.87
2017.11.14 19:28:28.346,1.31667,1.31674,1.50,1.50
2017.11.14 19:28:30.540,1.31663,1.31667,1.00,1.44
2017.11.14 19:28:30.900,1.31663,1.31669,1.00,1.87
2017.11.14 19:28:31.054,1.3166,1.31669,3.19,2.25
2017.11.14 19:28:31.105,1.3166,1.31667,2.06,1.37
2017.11.14 19:28:31.777,1.31665,1.31668,1.00,1.25
2017.11.14 19:28:31.828,1.31663,1.31669,1.25,1.25
2017.11.14 19:28:32.084,1.31665,1.31672,1.00,3.38
2017.11.14 19:28:32.390,1.31664,1.31671,1.00,1.69
2017.11.14 19:28:32.442,1.31663,1.31671,1.50,1.25
2017.11.14 19:28:32.982,1.31663,1.31671,1.50,2.44
2017.11.14 19:28:33.784,1.31663,1.31672,1.50,5.25
2017.11.14 19:28:34.848,1.31663,1.31671,1.50,1.50
2017.11.14 19:28:37.204,1.31665,1.31672,1.00,1.69
2017.11.14 19:28:37.723,1.31665,1.31672,1.00,1.50
2017.11.14 19:28:38.131,1.31665,1.31671,1.00,3.37
2017.11.14 19:28:38.235,1.3166,1.31668,2.62,2.25
2017.11.14 19:28:38.764,1.3166,1.31668,2.63,3.94
2017.11.14 19:28:39.341,1.3166,1.31668,2.25,2.62
2017.11.14 19:28:39.393,1.31663,1.31668,1.12,1.00
2017.11.14 19:28:39.496,1.31663,1.31672,2.89,3.37
2017.11.14 19:28:40.317,1.31664,1.31672,1.44,2.06
2017.11.14 19:28:40.851,1.31665,1.31673,1.12,2.25
2017.11.14 19:28:41.603,1.31666,1.31674,2.25,3.75
2017.11.14 19:28:42.436,1.31666,1.31674,1.87,1.00
2017.11.14 19:28:45.330,1.31666,1.31675,1.87,3.00
2017.11.14 19:28:45.943,1.31667,1.31675,1.00,2.62
2017.11.14 19:28:46.591,1.31667,1.31675,1.25,2.06
2017.11.14 19:28:47.123,1.31667,1.31675,1.00,1.87
2017.11.14 19:28:47.999,1.31667,1.31675,1.19,1.57
2017.11.14 19:28:49.627,1.31668,1.31675,1.31,1.69
2017.11.14 19:28:51.062,1.31668,1.31675,1.25,1.50
2017.11.14 19:28:53.209,1.31668,1.31674,1.25,1.00
2017.11.14 19:29:01.013,1.31668,1.31675,1.50,1.88
2017.11.14 19:29:09.684,1.31668,1.31674,1.12,1.25
2017.11.14 19:29:10.194,1.31667,1.31674,1.87,1.50
2017.11.14 19:29:10.852,1.31667,1.31674,1.00,1.31
2017.11.14 19:29:13.874,1.31664,1.3167,2.44,1.50
2017.11.14 19:29:14.388,1.31664,1.31669,2.25,1.50
2017.11.14 19:29:14.929,1.31663,1.31669,1.12,1.50
2017.11.14 19:29:16.768,1.31662,1.31668,1.50,1.00
2017.11.14 19:29:16.819,1.31661,1.31666,1.00,1.00
2017.11.14 19:29:17.329,1.31659,1.31665,1.57,1.00
2017.11.14 19:29:17.841,1.31659,1.31666,1.56,1.12
2017.11.14 19:29:18.149,1.31659,1.31664,1.81,1.00
2017.11.14 19:29:18.671,1.3166,1.31665,1.25,1.00
2017.11.14 19:29:19.206,1.3166,1.31666,1.25,2.62
2017.11.14 19:29:19.603,1.31658,1.31664,3.26,1.00
2017.11.14 19:29:22.986,1.31659,1.31665,1.19,2.25
2017.11.14 19:29:24.078,1.31659,1.31663,1.19,1.50
2017.11.14 19:29:24.579,1.31658,1.31664,1.37,1.00
2017.11.14 19:29:25.121,1.31658,1.31664,1.31,1.50
2017.11.14 19:29:25.739,1.31658,1.31665,1.12,1.50
2017.11.14 19:29:26.908,1.31658,1.31664,1.31,1.00
2017.11.14 19:29:27.426,1.31658,1.31664,3.37,1.87
2017.11.14 19:29:27.683,1.3165,1.31656,1.01,1.12
2017.11.14 19:29:27.735,1.31651,1.31659,2.62,3.37
2017.11.14 19:29:27.938,1.31653,1.31662,3.94,3.56
2017.11.14 19:29:27.992,1.31654,1.31662,2.62,1.25
2017.11.14 19:29:28.146,1.31654,1.31663,6.08,1.50
2017.11.14 19:29:29.064,1.31655,1.31662,1.31,1.37
2017.11.14 19:29:29.566,1.31652,1.31659,1.01,1.88
2017.11.14 19:29:29.618,1.3165,1.31655,1.69,1.00
2017.11.14 19:29:30.128,1.31647,1.31654,4.31,1.12
2017.11.14 19:29:30.889,1.31647,1.31655,1.57,1.87
2017.11.14 19:29:31.421,1.31647,1.31654,2.14,1.37
2017.11.14 19:29:31.935,1.31647,1.31655,1.95,3.75
2017.11.14 19:29:32.546,1.31647,1.31655,1.31,1.50
2017.11.14 19:29:33.108,1.31647,1.31655,1.69,6.38
2017.11.14 19:29:36.452,1.31647,1.31655,5.14,2.62
2017.11.14 19:29:37.186,1.31647,1.31655,4.95,1.50
2017.11.14 19:29:38.320,1.31648,1.31654,2.44,1.00
2017.11.14 19:29:38.677,1.31654,1.31661,2.44,2.14
2017.11.14 19:29:38.728,1.31655,1.31662,2.81,1.07
2017.11.14 19:29:39.063,1.31658,1.31665,3.00,1.00
2017.11.14 19:29:39.721,1.31658,1.31666,3.37,3.07
2017.11.14 19:29:40.259,1.31658,1.31666,3.75,1.87
2017.11.14 19:29:40.310,1.31663,1.31668,1.50,1.39
2017.11.14 19:29:40.362,1.31662,1.3167,3.00,2.44
2017.11.14 19:29:40.617,1.31663,1.31672,5.63,1.69
2017.11.14 19:29:41.147,1.31659,1.31667,3.94,1.87
2017.11.14 19:29:41.663,1.3166,1.31667,1.50,2.06
2017.11.14 19:29:45.171,1.31659,1.31667,1.87,3.19
2017.11.14 19:29:46.957,1.31659,1.31666,2.25,1.25
2017.11.14 19:29:50.197,1.3166,1.31668,1.50,1.75
2017.11.14 19:29:50.657,1.3166,1.31666,1.12,1.00
2017.11.14 19:29:51.983,1.3166,1.31666,1.12,1.88
2017.11.14 19:29:52.643,1.3166,1.31666,1.12,1.12
2017.11.14 19:30:00.353,1.31659,1.31666,2.81,1.12
2017.11.14 19:30:00.405,1.31663,1.3167,3.37,1.76
2017.11.14 19:30:00.456,1.31665,1.31673,1.50,1.69
2017.11.14 19:30:00.802,1.31667,1.31675,3.82,1.31
2017.11.14 19:30:02.639,1.31667,1.31675,4.01,1.25
2017.11.14 19:30:03.548,1.31669,1.31675,1.00,1.25
2017.11.14 19:30:14.152,1.31667,1.31675,3.00,1.25
2017.11.14 19:30:14.459,1.31667,1.31671,1.25,1.00
2017.11.14 19:30:15.330,1.31668,1.31671,1.00,1.00
2017.11.14 19:30:16.055,1.31667,1.31671,1.12,1.00
2017.11.14 19:30:17.659,1.31666,1.31671,6.19,1.00
2017.11.14 19:30:18.160,1.31666,1.31671,3.75,1.00
2017.11.14 19:30:19.077,1.31666,1.31671,1.50,1.00
2017.11.14 19:30:21.146,1.31667,1.31671,1.00,1.00
2017.11.14 19:30:25.629,1.31668,1.31671,1.00,1.00
2017.11.14 19:30:28.456,1.31667,1.31671,1.50,1.00
2017.11.14 19:30:36.926,1.31667,1.31673,1.00,1.00
2017.11.14 19:30:37.433,1.31667,1.31674,1.25,1.50
2017.11.14 19:30:42.436,1.31667,1.31674,1.37,1.12
2017.11.14 19:30:49.052,1.31667,1.31672,1.37,1.00
2017.11.14 19:30:49.575,1.31667,1.31672,3.38,1.00
2017.11.14 19:30:51.365,1.31668,1.31672,1.00,1.00
2017.11.14 19:30:52.485,1.31668,1.31674,1.00,1.00
2017.11.14 19:30:55.249,1.31667,1.31674,3.00,1.00
2017.11.14 19:30:55.300,1.31669,1.31674,1.00,1.00
2017.11.14 19:30:55.609,1.31675,1.31679,1.31,1.00
2017.11.14 19:30:56.154,1.31676,1.31679,1.00,1.00
2017.11.14 19:30:57.589,1.31675,1.31679,4.13,1.00
2017.11.14 19:31:01.625,1.31675,1.31682,4.13,1.00
2017.11.14 19:31:03.733,1.31675,1.31683,2.81,1.50
2017.11.14 19:31:06.107,1.31676,1.31684,1.50,1.50
2017.11.14 19:31:06.655,1.31676,1.31683,2.81,1.00
2017.11.14 19:31:07.165,1.31676,1.31683,2.06,1.00
2017.11.14 19:31:07.804,1.31676,1.31683,1.56,1.00
2017.11.14 19:31:19.520,1.31677,1.31684,1.69,1.00
2017.11.14 19:31:20.693,1.31677,1.31684,1.44,1.00
2017.11.14 19:31:22.061,1.31677,1.31684,1.25,1.00
2017.11.14 19:31:22.215,1.31677,1.31685,6.19,1.31
2017.11.14 19:31:22.744,1.31679,1.31684,1.81,1.00
2017.11.14 19:31:25.214,1.31681,1.31687,5.62,1.00
2017.11.14 19:31:25.317,1.31681,1.31689,4.50,1.01
2017.11.14 19:31:27.403,1.31681,1.31689,7.50,1.25
2017.11.14 19:31:30.147,1.31682,1.31689,1.00,1.31
2017.11.14 19:31:31.068,1.31681,1.31689,1.88,1.25
2017.11.14 19:31:33.242,1.31681,1.31686,1.31,1.12
2017.11.14 19:31:33.788,1.3168,1.31686,1.00,2.44
2017.11.14 19:31:38.234,1.31677,1.31686,4.69,1.87
2017.11.14 19:31:43.437,1.31677,1.31686,4.31,1.50
2017.11.14 19:31:45.079,1.31678,1.31686,3.00,1.00
2017.11.14 19:31:47.274,1.31677,1.31685,3.19,1.00
2017.11.14 19:31:47.802,1.31677,1.31685,3.56,1.00
2017.11.14 19:31:53.212,1.31677,1.31685,2.25,4.88
2017.11.14 19:31:57.471,1.31676,1.31684,1.69,4.87
2017.11.14 19:31:57.980,1.31675,1.31683,2.25,1.37
2017.11.14 19:32:08.085,1.31676,1.31684,2.81,1.69
2017.11.14 19:32:08.627,1.31677,1.31685,2.06,2.44
2017.11.14 19:32:09.168,1.31677,1.31685,2.06,2.44
2017.11.14 19:32:11.131,1.31677,1.31685,3.94,4.69
2017.11.14 19:32:11.841,1.31677,1.31685,2.25,4.69
2017.11.14 19:32:12.375,1.31677,1.31685,3.94,4.69
2017.11.14 19:32:15.225,1.31677,1.31685,2.25,4.69
2017.11.14 19:32:15.895,1.31677,1.31685,1.87,4.69
2017.11.14 19:32:21.038,1.31678,1.31685,1.00,4.69
2017.11.14 19:32:22.833,1.31678,1.31685,1.12,4.69
2017.11.14 19:32:23.371,1.31678,1.31685,1.37,4.31
2017.11.14 19:32:35.864,1.31681,1.31686,1.38,1.19
2017.11.14 19:32:35.967,1.31685,1.31692,1.62,1.25
2017.11.14 19:32:36.506,1.31685,1.31693,2.81,1.50
2017.11.14 19:32:54.185,1.31686,1.31695,2.25,6.56
2017.11.14 19:32:56.603,1.31686,1.31694,2.25,1.25
2017.11.14 19:32:58.599,1.31686,1.31693,1.57,1.00
2017.11.14 19:33:00.735,1.31686,1.31693,2.81,1.00
2017.11.14 19:33:01.245,1.31687,1.31694,1.69,2.62
2017.11.14 19:33:02.006,1.31687,1.31694,1.69,2.25
2017.11.14 19:33:02.736,1.31687,1.31695,2.70,2.25
2017.11.14 19:33:03.146,1.31691,1.31696,1.69,3.75
2017.11.14 19:33:04.151,1.31689,1.31696,1.66,5.25
2017.11.14 19:33:04.254,1.31688,1.31695,1.12,2.81
2017.11.14 19:33:04.358,1.31688,1.31692,1.12,2.25
2017.11.14 19:33:06.127,1.31687,1.31695,2.06,2.44
2017.11.14 19:33:08.442,1.31688,1.31693,1.25,3.75
2017.11.14 19:33:12.133,1.31686,1.31691,1.69,2.25
2017.11.14 19:33:12.661,1.31685,1.31691,1.56,2.62
2017.11.14 19:33:14.605,1.31683,1.31687,2.44,2.25
2017.11.14 19:33:14.657,1.31681,1.31687,1.07,1.12
2017.11.14 19:33:14.861,1.31679,1.31686,1.87,1.00
2017.11.14 19:33:15.383,1.31679,1.31686,1.87,1.00
2017.11.14 19:33:16.099,1.31679,1.31686,1.37,1.37
2017.11.14 19:33:17.636,1.31678,1.31686,2.95,4.69
2017.11.14 19:33:30.199,1.31678,1.31686,2.25,1.12
2017.11.14 19:33:40.204,1.31678,1.31686,2.44,3.75
2017.11.14 19:33:46.641,1.31679,1.31685,1.12,1.62
2017.11.14 19:33:48.399,1.31679,1.31687,1.62,3.94
2017.11.14 19:33:49.630,1.31679,1.31687,1.69,3.56
2017.11.14 19:33:51.919,1.31679,1.31687,3.00,1.25
2017.11.14 19:33:53.243,1.31679,1.31686,3.00,3.75
2017.11.14 19:33:57.113,1.3168,1.31686,1.56,3.75
2017.11.14 19:34:06.181,1.31677,1.31685,3.26,1.37
2017.11.14 19:34:06.502,1.31677,1.31684,1.12,1.69
2017.11.14 19:34:06.554,1.31673,1.31677,1.47,1.00
2017.11.14 19:34:06.606,1.31672,1.31677,2.25,1.00
2017.11.14 19:34:06.710,1.31674,1.31677,1.00,1.00
2017.11.14 19:34:06.866,1.31675,1.31683,1.50,2.06
2017.11.14 19:34:07.993,1.31675,1.31684,2.62,6.75
2017.11.14 19:34:09.320,1.31675,1.31684,1.69,6.45
2017.11.14 19:34:10.525,1.31675,1.31683,3.56,1.69
2017.11.14 19:34:13.163,1.31675,1.31683,1.69,2.44
2017.11.14 19:34:14.385,1.31675,1.31682,1.69,1.00
2017.11.14 19:34:15.512,1.31675,1.31682,1.69,1.00
2017.11.14 19:34:18.239,1.31675,1.31682,1.69,4.12
2017.11.14 19:34:19.621,1.31675,1.31682,2.06,4.12
2017.11.14 19:34:21.277,1.31675,1.31682,2.06,1.00
2017.11.14 19:34:27.525,1.31675,1.31678,1.00,1.12
2017.11.14 19:34:27.792,1.31674,1.3168,1.19,1.25
2017.11.14 19:34:28.383,1.31676,1.31681,1.00,4.12
2017.11.14 19:34:28.962,1.31675,1.31681,3.37,4.12
2017.11.14 19:34:29.478,1.31675,1.31683,3.37,2.06
2017.11.14 19:34:35.910,1.31675,1.31683,1.50,2.25
2017.11.14 19:34:39.384,1.31675,1.31681,1.37,3.00
2017.11.14 19:34:39.903,1.31675,1.31681,1.00,3.19
2017.11.14 19:34:41.035,1.31675,1.31679,1.00,1.12
2017.11.14 19:34:41.087,1.31669,1.31677,2.81,1.50
2017.11.14 19:34:41.240,1.31668,1.31676,1.87,1.50
2017.11.14 19:34:41.900,1.31669,1.31676,1.25,1.50
2017.11.14 19:34:41.951,1.31671,1.31676,1.25,1.00
2017.11.14 19:34:42.633,1.31671,1.31679,1.00,4.69
2017.11.14 19:34:43.201,1.31671,1.31676,1.00,3.75
2017.11.14 19:34:44.632,1.31671,1.31678,1.00,1.31
2017.11.14 19:34:48.084,1.3167,1.3168,2.70,6.45
2017.11.14 19:34:51.983,1.3167,1.3168,1.12,3.19
2017.11.14 19:34:52.194,1.3167,1.31677,1.00,1.00
2017.11.14 19:34:52.349,1.31668,1.31676,1.00,1.12
2017.11.14 19:34:53.572,1.31667,1.31675,2.44,1.00
2017.11.14 19:34:54.123,1.31667,1.31676,2.25,6.00
2017.11.14 19:34:55.017,1.31667,1.31675,1.87,1.00
2017.11.14 19:34:55.625,1.31667,1.31674,1.31,1.00
2017.11.14 19:35:01.511,1.31667,1.31675,2.25,1.00
2017.11.14 19:35:02.051,1.31672,1.31677,3.75,3.64
2017.11.14 19:35:02.359,1.31675,1.31679,2.06,3.75
2017.11.14 19:35:02.881,1.31677,1.31682,1.00,1.00
2017.11.14 19:35:03.148,1.31677,1.31684,1.00,1.12
2017.11.14 19:35:04.197,1.31677,1.31684,1.37,1.50
2017.11.14 19:35:04.824,1.31678,1.31685,2.81,1.37
2017.11.14 19:35:05.333,1.31678,1.31684,1.31,1.00
2017.11.14 19:35:21.135,1.31677,1.31685,2.62,1.87
2017.11.14 19:35:23.363,1.31677,1.31684,2.62,1.00
2017.11.14 19:35:26.279,1.31677,1.31685,1.25,3.00
2017.11.14 19:35:26.330,1.31677,1.31684,1.25,5.25
2017.11.14 19:35:35.989,1.31676,1.31684,2.44,5.25
2017.11.14 19:35:45.486,1.31676,1.31683,1.50,1.62
2017.11.14 19:35:55.453,1.31676,1.31683,2.06,1.37
2017.11.14 19:35:56.012,1.31676,1.31683,2.25,1.37
2017.11.14 19:35:56.659,1.31676,1.31683,2.25,1.37
2017.11.14 19:35:57.763,1.31676,1.31683,2.25,1.37
2017.11.14 19:35:58.520,1.31676,1.31683,2.25,1.37
2017.11.14 19:36:01.532,1.31676,1.31683,2.25,1.37
2017.11.14 19:36:01.930,1.31675,1.31679,1.37,1.13
2017.11.14 19:36:01.982,1.31671,1.31677,1.01,1.12
2017.11.14 19:36:02.034,1.31669,1.31675,1.20,1.38
2017.11.14 19:36:02.087,1.31668,1.31674,1.00,1.31
2017.11.14 19:36:02.139,1.31666,1.31672,1.00,2.44
2017.11.14 19:36:02.191,1.31664,1.31672,1.12,3.19
2017.11.14 19:36:02.720,1.31663,1.31672,2.81,2.89
2017.11.14 19:36:03.704,1.31664,1.31671,1.00,1.25
2017.11.14 19:36:04.111,1.31666,1.31671,1.00,1.00
2017.11.14 19:36:05.781,1.31665,1.31672,1.00,2.25
2017.11.14 19:36:06.341,1.31663,1.3167,2.14,1.50
2017.11.14 19:36:06.584,1.31658,1.31664,1.00,1.00
2017.11.14 19:36:07.098,1.3166,1.31665,4.69,1.00
2017.11.14 19:36:07.303,1.31661,1.3167,2.81,2.89
2017.11.14 19:36:07.891,1.31661,1.3167,4.69,3.94
2017.11.14 19:36:08.414,1.31661,1.3167,1.25,2.81
2017.11.14 19:36:09.654,1.3166,1.3167,1.13,5.44
2017.11.14 19:36:10.252,1.3166,1.3167,1.38,5.81
2017.11.14 19:36:11.231,1.31659,1.31666,1.01,2.62
2017.11.14 19:36:11.283,1.31658,1.31666,1.32,3.37
2017.11.14 19:36:11.436,1.31657,1.31663,1.31,1.00
2017.11.14 19:36:15.332,1.31657,1.31664,1.31,3.37
2017.11.14 19:36:17.781,1.31657,1.31664,1.69,1.50
2017.11.14 19:36:18.649,1.31656,1.31664,1.50,3.00
2017.11.14 19:36:21.231,1.31655,1.31664,2.81,2.62
2017.11.14 19:36:21.385,1.31656,1.31664,1.88,3.00
2017.11.14 19:36:21.437,1.31655,1.31664,1.50,2.44
2017.11.14 19:36:22.454,1.31656,1.31664,1.00,2.06
2017.11.14 19:36:23.875,1.31656,1.31664,1.25,5.25
2017.11.14 19:36:25.488,1.31657,1.31664,1.00,3.75
2017.11.14 19:36:26.826,1.31657,1.31663,1.00,1.00
2017.11.14 19:36:28.025,1.31656,1.31663,1.00,1.00
2017.11.14 19:36:28.128,1.31657,1.31664,1.44,1.37
2017.11.14 19:36:28.931,1.31658,1.31665,1.00,1.62
2017.11.14 19:36:29.187,1.31656,1.31664,2.06,1.00
2017.11.14 19:36:29.238,1.31658,1.31664,1.00,1.00
2017.11.14 19:36:29.515,1.31656,1.31664,2.06,1.00
2017.11.14 19:36:30.045,1.31656,1.31664,3.83,1.25
2017.11.14 19:36:30.564,1.31657,1.31665,1.00,1.69
2017.11.14 19:36:31.859,1.31655,1.31664,4.01,3.37
2017.11.14 19:36:32.372,1.31657,1.31664,1.00,3.00
2017.11.14 19:36:32.953,1.31656,1.31664,1.76,3.00
2017.11.14 19:36:34.163,1.31658,1.31665,1.25,2.44
2017.11.14 19:36:34.672,1.31659,1.31665,1.25,2.06
2017.11.14 19:36:35.176,1.31657,1.31665,2.89,2.06
2017.11.14 19:36:37.318,1.31657,1.31664,1.00,1.31
2017.11.14 19:36:41.885,1.31658,1.31665,3.56,1.00
2017.11.14 19:36:42.787,1.31658,1.31666,1.19,1.87
2017.11.14 19:36:43.933,1.31658,1.31665,1.19,1.00
2017.11.14 19:36:44.190,1.31665,1.31672,1.50,2.32
2017.11.14 19:36:44.241,1.31666,1.31673,3.00,1.69
2017.11.14 19:36:44.735,1.31666,1.31675,5.81,1.87
2017.11.14 19:36:45.273,1.31667,1.31675,2.44,2.25
2017.11.14 19:36:45.967,1.31672,1.31675,1.31,1.00
2017.11.14 19:36:46.020,1.31674,1.3168,1.44,2.25
2017.11.14 19:36:46.370,1.31676,1.31683,2.62,1.31
2017.11.14 19:36:46.473,1.31676,1.31683,2.81,1.12
2017.11.14 19:36:48.192,1.31676,1.31685,2.06,1.87
2017.11.14 19:36:48.733,1.31681,1.31687,1.50,1.69
2017.11.14 19:36:48.935,1.31684,1.31692,5.62,1.25
2017.11.14 19:36:48.987,1.31685,1.31692,3.00,1.00
2017.11.14 19:36:49.039,1.31687,1.31694,1.00,1.31
2017.11.14 19:36:49.092,1.31685,1.31695,6.94,2.06
2017.11.14 19:36:49.912,1.31685,1.31695,6.26,1.50
2017.11.14 19:36:50.872,1.31686,1.31694,2.44,3.00
2017.11.14 19:36:50.924,1.31686,1.31694,3.75,2.25
2017.11.14 19:36:51.333,1.31686,1.31692,2.62,1.00
2017.11.14 19:36:52.205,1.31686,1.31692,1.12,1.00
2017.11.14 19:36:52.308,1.31687,1.31694,1.75,1.50
2017.11.14 19:36:52.877,1.31687,1.31693,2.25,1.25
2017.11.14 19:36:53.797,1.31686,1.31695,5.51,3.00
2017.11.14 19:36:54.205,1.31686,1.31692,5.63,1.00
2017.11.14 19:36:54.256,1.31687,1.31695,2.25,2.62
2017.11.14 19:36:54.777,1.31689,1.31695,1.00,1.31
2017.11.14 19:36:55.291,1.31686,1.31694,4.39,1.00
2017.11.14 19:36:55.810,1.31687,1.31694,2.62,1.00
2017.11.14 19:36:56.451,1.31687,1.31693,1.00,1.50
2017.11.14 19:36:56.955,1.31686,1.31693,1.10,1.00
2017.11.14 19:36:58.178,1.31686,1.31693,1.29,1.00
2017.11.14 19:36:58.737,1.31686,1.31693,1.00,1.00
2017.11.14 19:37:02.511,1.31685,1.31692,2.14,1.00
2017.11.14 19:37:03.021,1.31685,1.31693,2.25,1.25
2017.11.14 19:37:03.574,1.31685,1.31692,2.25,1.00
2017.11.14 19:37:07.395,1.31685,1.31694,1.87,2.81
2017.11.14 19:37:07.803,1.31685,1.31694,1.95,3.75
2017.11.14 19:37:08.312,1.31686,1.31693,1.50,2.62
2017.11.14 19:37:08.851,1.31685,1.31693,1.57,1.50
2017.11.14 19:37:10.370,1.31685,1.31693,2.14,1.50
2017.11.14 19:37:10.920,1.31685,1.31693,2.51,1.50
2017.11.14 19:37:11.718,1.31685,1.31693,2.89,1.50
2017.11.14 19:37:12.351,1.31685,1.31693,2.51,1.50
2017.11.14 19:37:13.840,1.31687,1.31695,1.50,2.06
2017.11.14 19:37:16.781,1.31688,1.31694,1.50,1.31
2017.11.14 19:37:17.327,1.31687,1.31695,3.45,1.87
2017.11.14 19:37:18.648,1.31686,1.31695,3.83,2.06
2017.11.14 19:37:18.954,1.31688,1.31695,1.50,3.00
2017.11.14 19:37:19.820,1.31687,1.31695,1.50,2.06
2017.11.14 19:37:20.386,1.31687,1.31695,2.32,2.81
2017.11.14 19:37:20.437,1.31687,1.31695,2.51,2.62
2017.11.14 19:37:21.012,1.31687,1.31695,3.07,1.50
2017.11.14 19:37:30.489,1.31687,1.31695,3.19,2.21
2017.11.14 19:37:30.990,1.31687,1.31695,2.81,2.02
2017.11.14 19:37:32.679,1.31687,1.31695,3.56,1.50
2017.11.14 19:37:33.198,1.31687,1.31694,1.76,1.00
2017.11.14 19:37:33.766,1.31686,1.31693,3.08,1.50
2017.11.14 19:37:34.486,1.31687,1.31694,1.25,1.87
2017.11.14 19:37:35.051,1.31687,1.31694,1.00,2.44
2017.11.14 19:37:35.862,1.31687,1.31694,1.00,1.50
2017.11.14 19:37:37.236,1.31686,1.31694,1.87,1.12
2017.11.14 19:37:38.071,1.31686,1.31694,1.88,1.31
2017.11.14 19:37:38.615,1.31686,1.31694,1.50,1.12
2017.11.14 19:37:39.218,1.31687,1.31693,1.88,1.00
2017.11.14 19:37:39.727,1.31685,1.31693,3.45,1.00
2017.11.14 19:37:42.141,1.31686,1.31693,2.25,1.12
2017.11.14 19:37:42.781,1.31686,1.31693,4.69,1.12
2017.11.14 19:37:43.493,1.31688,1.31694,1.50,1.00
2017.11.14 19:37:44.056,1.31688,1.31696,1.50,4.13
2017.11.14 19:37:44.672,1.31687,1.31695,1.87,1.12
2017.11.14 19:37:45.209,1.31686,1.31695,6.94,1.13
2017.11.14 19:37:45.730,1.31687,1.31695,1.00,2.06
2017.11.14 19:37:46.259,1.31688,1.31695,2.06,1.25
2017.11.14 19:37:46.781,1.31687,1.31695,1.50,3.19
2017.11.14 19:37:47.331,1.31687,1.31695,1.50,3.38
2017.11.14 19:37:48.215,1.31687,1.31695,1.50,3.00
2017.11.14 19:37:50.273,1.31686,1.31695,4.95,2.25
2017.11.14 19:37:50.324,1.31687,1.31695,4.31,1.69
2017.11.14 19:37:53.482,1.31688,1.31695,3.00,1.50
2017.11.14 19:37:57.976,1.31688,1.31696,4.13,1.37
2017.11.14 19:37:58.484,1.31688,1.31696,3.00,1.25
2017.11.14 19:37:59.263,1.31689,1.31696,5.81,1.00
2017.11.14 19:37:59.570,1.31696,1.31705,6.56,2.06
2017.11.14 19:38:00.087,1.31697,1.31705,6.19,1.00
2017.11.14 19:38:00.598,1.31698,1.31707,1.50,1.57
2017.11.14 19:38:00.754,1.31698,1.31706,1.87,1.13
2017.11.14 19:38:04.201,1.31698,1.31707,1.50,1.29
2017.11.14 19:38:04.711,1.317,1.31707,1.00,1.01
2017.11.14 19:38:06.117,1.31703,1.3171,4.88,1.37
2017.11.14 19:38:06.220,1.31707,1.31714,1.87,2.89
2017.11.14 19:38:06.323,1.31705,1.31711,1.87,1.00
2017.11.14 19:38:06.477,1.31705,1.31713,1.87,2.14
2017.11.14 19:38:07.780,1.31705,1.31713,1.87,2.14
2017.11.14 19:38:10.286,1.31705,1.31711,2.25,1.00
2017.11.14 19:38:11.412,1.31704,1.31712,3.82,1.31
2017.11.14 19:38:13.182,1.31704,1.31712,4.20,1.50
2017.11.14 19:38:15.233,1.31704,1.3171,3.82,1.00
2017.11.14 19:38:15.386,1.31704,1.31712,3.82,1.87
2017.11.14 19:38:15.910,1.31704,1.31712,4.20,1.87
2017.11.14 19:38:19.228,1.31704,1.31712,3.82,1.87
2017.11.14 19:38:19.913,1.31704,1.31713,2.25,2.89
2017.11.14 19:38:20.015,1.31703,1.3171,4.39,1.00
2017.11.14 19:38:20.709,1.31704,1.31711,1.50,2.25
2017.11.14 19:38:21.755,1.31704,1.31711,1.50,2.24
2017.11.14 19:38:21.961,1.31697,1.31706,1.01,2.62
2017.11.14 19:38:22.504,1.31697,1.31706,1.69,3.56
2017.11.14 19:38:23.465,1.31697,1.31706,1.87,4.74
2017.11.14 19:38:24.219,1.31697,1.31706,2.06,3.06
2017.11.14 19:38:25.195,1.31697,1.31705,2.81,1.33
2017.11.14 19:38:25.248,1.31695,1.31703,1.26,2.25
2017.11.14 19:38:25.300,1.31694,1.31702,1.19,4.93
2017.11.14 19:38:25.352,1.31692,1.31699,4.20,1.00
2017.11.14 19:38:25.660,1.31689,1.31695,1.50,1.00
2017.11.14 19:38:26.105,1.31689,1.31695,1.12,1.12
2017.11.14 19:38:26.646,1.31689,1.31695,1.00,3.00
2017.11.14 19:38:36.016,1.31691,1.31696,1.44,3.37
2017.11.14 19:38:36.325,1.31694,1.317,1.12,1.37
2017.11.14 19:38:36.822,1.31693,1.31702,2.25,2.70
2017.11.14 19:38:45.614,1.31694,1.31701,1.00,1.00
2017.11.14 19:38:45.666,1.31695,1.31702,1.50,1.50
2017.11.14 19:38:46.543,1.31695,1.31702,1.25,1.50
2017.11.14 19:38:49.080,1.31695,1.31702,1.00,1.37
2017.11.14 19:38:50.143,1.31695,1.31702,1.12,1.12
2017.11.14 19:38:51.075,1.31695,1.31702,1.00,1.37
2017.11.14 19:38:51.660,1.31694,1.31701,1.12,1.00
2017.11.14 19:38:51.961,1.31694,1.31701,1.12,2.06
2017.11.14 19:38:52.467,1.31694,1.31702,1.12,2.62
2017.11.14 19:38:53.234,1.31695,1.31703,1.50,2.25
2017.11.14 19:38:57.367,1.31695,1.31703,1.25,3.56
2017.11.14 19:38:57.775,1.31694,1.31701,1.44,2.06
2017.11.14 19:39:01.998,1.31695,1.31702,1.25,1.00
2017.11.14 19:39:02.613,1.31694,1.31702,2.06,1.50
2017.11.14 19:39:03.178,1.31696,1.31704,1.00,3.94
2017.11.14 19:39:04.941,1.31696,1.31703,1.00,1.12
2017.11.14 19:39:07.717,1.31696,1.31703,1.00,1.62
2017.11.14 19:39:08.255,1.31696,1.31704,1.50,1.87
2017.11.14 19:39:08.797,1.31696,1.31703,1.00,1.12
2017.11.14 19:39:09.061,1.31696,1.31704,1.00,1.00
2017.11.14 19:39:09.215,1.31696,1.31703,1.00,3.37
2017.11.14 19:39:11.193,1.31696,1.31703,1.25,1.00
2017.11.14 19:39:11.727,1.31696,1.31702,1.25,1.00
2017.11.14 19:39:13.014,1.31696,1.31702,1.00,1.37
2017.11.14 19:39:13.484,1.31696,1.31703,1.00,1.39
2017.11.14 19:39:14.063,1.31697,1.31703,1.00,1.12
2017.11.14 19:39:17.577,1.31697,1.31704,1.00,1.50
2017.11.14 19:39:17.659,1.31697,1.31704,1.00,1.12
2017.11.14 19:39:18.750,1.31697,1.31705,1.00,5.81
2017.11.14 19:39:22.560,1.31697,1.31702,1.00,1.00
2017.11.14 19:39:23.423,1.31695,1.31702,2.81,1.00
2017.11.14 19:39:23.475,1.31697,1.31702,1.00,1.00
2017.11.14 19:39:28.531,1.31696,1.31702,1.25,1.00
2017.11.14 19:39:31.771,1.31695,1.31702,3.56,1.00
2017.11.14 19:39:32.312,1.31695,1.31703,4.39,1.00
2017.11.14 19:39:33.077,1.31695,1.31703,4.01,1.00
2017.11.14 19:39:33.786,1.31695,1.31704,3.83,1.37
2017.11.14 19:39:34.095,1.31705,1.31713,1.12,1.76
2017.11.14 19:39:34.197,1.317,1.31709,5.44,4.31
2017.11.14 19:39:34.352,1.31699,1.31707,1.95,2.62
2017.11.14 19:39:34.813,1.31699,1.31705,1.75,1.12
2017.11.14 19:39:35.121,1.31716,1.3172,1.00,1.56
2017.11.14 19:39:35.224,1.31718,1.31724,2.25,1.57
2017.11.14 19:39:35.276,1.31715,1.31719,1.37,2.81
2017.11.14 19:39:35.327,1.31713,1.3172,3.37,3.19
2017.11.14 19:39:35.532,1.31712,1.31719,2.62,2.44
2017.11.14 19:39:36.882,1.31713,1.31718,2.25,1.44
2017.11.14 19:39:37.574,1.31711,1.31719,3.00,1.69
2017.11.14 19:39:38.192,1.31712,1.31719,2.62,1.69
2017.11.14 19:39:39.210,1.31712,1.31719,2.25,2.06
2017.11.14 19:39:39.891,1.31711,1.31718,2.25,1.44
2017.11.14 19:39:40.675,1.31711,1.31718,4.12,1.69
2017.11.14 19:39:45.784,1.31711,1.31719,2.62,1.87
2017.11.14 19:39:46.438,1.31711,1.31719,2.62,2.25
2017.11.14 19:39:48.502,1.31711,1.31718,3.37,1.31
2017.11.14 19:39:49.045,1.31711,1.31718,2.62,1.25
2017.11.14 19:39:50.139,1.31714,1.3172,3.00,1.39
2017.11.14 19:39:50.345,1.31717,1.31724,2.62,1.69
2017.11.14 19:39:50.499,1.31716,1.31723,1.37,1.44
2017.11.14 19:39:51.001,1.31716,1.31723,1.37,1.12
2017.11.14 19:39:51.842,1.31715,1.31722,2.06,1.12
2017.11.14 19:39:51.946,1.31715,1.31723,2.81,1.69
2017.11.14 19:39:52.048,1.31715,1.3172,2.62,1.00
2017.11.14 19:39:52.812,1.31715,1.3172,3.37,1.00
2017.11.14 19:39:52.863,1.31715,1.31722,3.37,1.25
2017.11.14 19:39:53.384,1.31715,1.31721,4.12,1.00
2017.11.14 19:39:54.056,1.31715,1.31722,3.37,1.25
2017.11.14 19:39:54.221,1.31718,1.31724,2.25,1.76
2017.11.14 19:39:54.273,1.31718,1.31725,1.75,1.39
2017.11.14 19:39:54.784,1.31719,1.31725,1.75,1.69
2017.11.14 19:39:55.331,1.31719,1.31725,2.62,1.76
2017.11.14 19:39:55.864,1.31719,1.31725,2.62,1.25
2017.11.14 19:39:56.179,1.31719,1.31724,1.00,1.37
2017.11.14 19:39:56.335,1.31719,1.31725,1.00,1.88
2017.11.14 19:39:56.853,1.31719,1.31725,1.00,1.69
2017.11.14 19:39:57.894,1.31718,1.31725,1.00,1.69
2017.11.14 19:39:58.395,1.31718,1.31725,1.00,2.06
2017.11.14 19:40:00.064,1.31715,1.3172,1.31,1.88
2017.11.14 19:40:00.116,1.31714,1.3172,1.00,3.56
2017.11.14 19:40:00.167,1.31712,1.31719,1.50,1.25
2017.11.14 19:40:00.672,1.31711,1.31719,3.94,2.96
2017.11.14 19:40:01.195,1.31711,1.31719,2.62,2.02
2017.11.14 19:40:01.725,1.31712,1.31719,1.37,2.02
2017.11.14 19:40:03.859,1.31712,1.31719,1.57,1.65
2017.11.14 19:40:04.382,1.31712,1.31719,1.37,2.40
2017.11.14 19:40:05.329,1.31712,1.31719,1.37,1.31
2017.11.14 19:40:10.198,1.31712,1.31719,3.07,1.50
2017.11.14 19:40:12.490,1.31712,1.31719,3.26,3.15
2017.11.14 19:40:13.126,1.31712,1.31719,3.26,1.31
2017.11.14 19:40:16.946,1.31712,1.31719,3.64,1.12
2017.11.14 19:40:17.965,1.31712,1.31719,3.64,2.77
2017.11.14 19:40:18.482,1.31712,1.31719,3.64,1.25
2017.11.14 19:40:18.993,1.31712,1.31719,3.64,1.69
2017.11.14 19:40:19.770,1.31712,1.31716,2.70,2.25
2017.11.14 19:40:20.027,1.31702,1.31709,1.00,1.69
2017.11.14 19:40:20.482,1.31701,1.31709,1.87,3.71
2017.11.14 19:40:21.056,1.31701,1.31709,1.50,2.06
2017.11.14 19:40:21.763,1.31702,1.31709,1.00,1.87
2017.11.14 19:40:22.070,1.31709,1.31715,1.50,1.00
2017.11.14 19:40:24.974,1.31709,1.31716,1.50,2.06
2017.11.14 19:40:25.489,1.3171,1.31716,1.00,2.06
2017.11.14 19:40:26.121,1.31709,1.31716,5.62,1.87
2017.11.14 19:40:28.789,1.31709,1.31712,4.87,1.00
2017.11.14 19:40:29.396,1.3171,1.31712,1.00,1.50
2017.11.14 19:40:31.636,1.31709,1.31712,3.37,1.50
2017.11.14 19:40:33.583,1.31709,1.31711,4.12,1.00
2017.11.14 19:40:34.105,1.31709,1.31712,3.37,1.00
2017.11.14 19:40:34.630,1.31709,1.31711,1.12,1.00
2017.11.14 19:40:37.714,1.31709,1.31711,3.00,1.00
2017.11.14 19:40:37.817,1.31703,1.31707,2.06,1.88
2017.11.14 19:40:37.990,1.31701,1.31704,1.87,1.00
2017.11.14 19:40:38.553,1.31701,1.31704,3.00,1.00
2017.11.14 19:40:39.079,1.317,1.31706,3.56,1.00
2017.11.14 19:40:40.893,1.31701,1.31706,3.37,1.00
2017.11.14 19:40:42.440,1.31701,1.31707,3.37,1.00
2017.11.14 19:40:42.961,1.31702,1.31707,5.62,1.00
2017.11.14 19:40:44.884,1.31706,1.31713,3.37,1.00
2017.11.14 19:40:45.037,1.31708,1.31713,2.62,1.00
2017.11.14 19:40:48.165,1.3171,1.31714,1.00,1.69
2017.11.14 19:40:48.813,1.31709,1.31714,2.62,1.69
2017.11.14 19:40:49.913,1.31708,1.31714,3.37,1.25
2017.11.14 19:40:59.721,1.31708,1.31714,2.62,1.25
2017.11.14 19:41:02.504,1.3171,1.31715,1.00,2.44
2017.11.14 19:41:03.036,1.3171,1.31714,1.00,1.00
2017.11.14 19:41:06.093,1.3171,1.31715,1.00,2.44
2017.11.14 19:41:06.638,1.3171,1.31714,1.00,1.00
2017.11.14 19:41:09.636,1.31708,1.31714,1.50,1.00
2017.11.14 19:41:10.146,1.31708,1.31715,4.12,3.56
2017.11.14 19:41:11.055,1.31708,1.31713,2.62,1.00
2017.11.14 19:41:17.918,1.31708,1.31713,1.50,1.00
2017.11.14 19:41:20.692,1.31707,1.31713,3.00,1.00
2017.11.14 19:41:26.242,1.31707,1.31713,4.12,1.00
2017.11.14 19:41:39.985,1.31708,1.31713,1.00,1.00
2017.11.14 19:41:40.495,1.31709,1.31714,1.00,1.13
2017.11.14 19:41:51.767,1.31708,1.31714,4.50,1.00
2017.11.14 19:41:53.777,1.31708,1.31714,1.00,1.00
2017.11.14 19:41:54.935,1.31706,1.31713,1.12,1.00
2017.11.14 19:41:56.450,1.31706,1.31713,1.87,1.00
2017.11.14 19:41:56.741,1.31703,1.31707,1.31,1.50
2017.11.14 19:41:56.793,1.31701,1.31706,3.37,2.06
2017.11.14 19:41:56.845,1.31701,1.31704,2.25,1.00
2017.11.14 19:41:57.367,1.31697,1.31704,1.12,1.50
2017.11.14 19:41:58.010,1.31698,1.31704,1.00,1.50
2017.11.14 19:41:58.687,1.31699,1.31704,1.00,1.00
2017.11.14 19:42:01.263,1.31703,1.31708,1.69,1.69
2017.11.14 19:42:01.314,1.31701,1.31707,3.37,1.25
2017.11.14 19:42:01.417,1.31705,1.31707,1.00,1.00
2017.11.14 19:42:01.877,1.31703,1.3171,1.00,1.69
2017.11.14 19:42:02.084,1.31702,1.31706,1.00,1.00
2017.11.14 19:42:02.644,1.31702,1.31707,1.00,1.00
2017.11.14 19:42:04.611,1.317,1.31706,2.44,1.50
2017.11.14 19:42:06.991,1.31701,1.31706,1.31,1.00
2017.11.14 19:42:08.332,1.317,1.31706,2.81,1.00
2017.11.14 19:42:16.447,1.317,1.31707,1.81,1.00
2017.11.14 19:42:20.420,1.31701,1.31707,1.31,1.50
2017.11.14 19:42:20.471,1.31701,1.31707,1.25,1.50
2017.11.14 19:42:20.524,1.31704,1.31707,1.25,1.00
2017.11.14 19:42:20.626,1.31705,1.31712,2.06,1.50
2017.11.14 19:42:20.729,1.31706,1.31712,1.50,1.00
2017.11.14 19:42:21.241,1.31705,1.31712,1.37,3.19
2017.11.14 19:42:22.061,1.31705,1.31711,1.37,1.00
2017.11.14 19:42:22.599,1.31705,1.31712,1.37,2.25
2017.11.14 19:42:23.249,1.31705,1.31711,1.37,1.00
2017.11.14 19:42:23.803,1.31705,1.31712,1.37,2.25
2017.11.14 19:42:24.443,1.31705,1.31711,1.37,1.50
2017.11.14 19:42:24.968,1.31704,1.31711,1.88,1.50
2017.11.14 19:42:28.171,1.31705,1.31711,5.06,1.00
2017.11.14 19:42:28.681,1.31708,1.31712,1.00,1.00
2017.11.14 19:42:29.893,1.31708,1.31715,1.00,2.44
2017.11.14 19:42:30.517,1.31708,1.31713,1.00,1.00
2017.11.14 19:42:32.447,1.31707,1.31713,1.12,1.00
2017.11.14 19:42:34.101,1.31707,1.31713,1.37,1.00
2017.11.14 19:42:38.564,1.31705,1.31713,2.62,1.87
2017.11.14 19:42:38.616,1.31706,1.31711,1.00,1.00
2017.11.14 19:42:39.147,1.31705,1.31711,5.44,1.00
2017.11.14 19:42:40.072,1.31706,1.31711,1.00,1.00
2017.11.14 19:42:43.802,1.31706,1.31712,1.12,1.00
2017.11.14 19:42:44.108,1.31707,1.31712,1.37,1.00
2017.11.14 19:42:47.670,1.31707,1.31712,1.12,1.00
2017.11.14 19:42:53.502,1.31707,1.31712,1.50,1.00
2017.11.14 19:43:03.614,1.31707,1.31712,1.87,1.00
2017.11.14 19:43:13.193,1.31708,1.31713,1.87,1.00
2017.11.14 19:43:16.008,1.3171,1.31713,1.25,1.00
2017.11.14 19:43:16.215,1.31715,1.31721,1.37,1.12
2017.11.14 19:43:16.727,1.31716,1.31722,1.00,1.00
2017.11.14 19:43:17.359,1.31716,1.31723,1.12,1.25
2017.11.14 19:43:17.776,1.31716,1.31724,4.50,1.87
2017.11.14 19:43:19.163,1.31717,1.31724,2.05,1.69
2017.11.14 19:43:20.721,1.31718,1.31724,1.00,2.06
2017.11.14 19:43:22.047,1.31715,1.31722,2.25,1.50
2017.11.14 19:43:22.583,1.31715,1.31723,1.87,1.69
2017.11.14 19:43:23.168,1.31713,1.31718,1.57,3.00
2017.11.14 19:43:23.220,1.31708,1.31716,2.81,1.12
2017.11.14 19:43:23.272,1.31707,1.31714,5.51,1.00
2017.11.14 19:43:23.910,1.31707,1.31714,1.69,1.00
2017.11.14 19:43:24.983,1.31707,1.31712,1.00,1.00
2017.11.14 19:43:28.155,1.31706,1.31712,3.94,1.00
2017.11.14 19:43:28.683,1.31706,1.31712,1.69,1.00
2017.11.14 19:43:32.849,1.31705,1.31712,1.12,1.31
2017.11.14 19:43:33.566,1.31705,1.31712,1.50,1.12
2017.11.14 19:43:46.216,1.31705,1.31712,1.31,1.00
2017.11.14 19:43:50.950,1.31705,1.31712,1.69,1.00
2017.11.14 19:43:51.504,1.31705,1.31713,1.88,1.00
2017.11.14 19:43:57.052,1.31705,1.31712,2.25,1.00
2017.11.14 19:44:06.036,1.31705,1.31712,2.25,1.00
2017.11.14 19:44:06.636,1.31705,1.31714,2.25,1.57
2017.11.14 19:44:17.076,1.31706,1.31714,1.50,1.50
2017.11.14 19:44:18.698,1.31706,1.31714,1.13,1.50
2017.11.14 19:44:19.473,1.31706,1.31714,1.13,1.87
2017.11.14 19:44:20.308,1.31706,1.31714,1.13,1.87
2017.11.14 19:44:21.098,1.31706,1.31714,1.25,1.50
2017.11.14 19:44:28.643,1.31706,1.31712,1.13,1.00
2017.11.14 19:44:32.766,1.31705,1.31712,2.63,1.00
2017.11.14 19:44:41.544,1.31703,1.31711,1.39,1.12
2017.11.14 19:44:41.595,1.31702,1.31708,1.00,1.50
2017.11.14 19:44:41.749,1.31702,1.3171,1.00,1.62
2017.11.14 19:44:42.005,1.31703,1.31712,2.62,2.44
2017.11.14 19:44:42.378,1.31704,1.31712,1.19,1.25
2017.11.14 19:44:42.882,1.31704,1.31713,4.69,1.19
2017.11.14 19:44:43.461,1.31704,1.31713,3.94,1.19
2017.11.14 19:44:45.776,1.31704,1.31713,1.50,1.19
2017.11.14 19:44:46.048,1.31705,1.31714,1.00,2.62
2017.11.14 19:44:46.561,1.31705,1.31714,1.44,3.00
2017.11.14 19:44:47.077,1.31705,1.31714,1.00,3.19
2017.11.14 19:44:48.420,1.31705,1.31714,1.25,3.37
2017.11.14 19:44:48.952,1.31705,1.31714,1.00,3.19
2017.11.14 19:44:49.704,1.31705,1.31714,1.00,4.13
2017.11.14 19:44:50.218,1.31705,1.31714,1.00,2.63
2017.11.14 19:44:52.125,1.31705,1.31714,1.25,2.81
2017.11.14 19:44:53.232,1.31705,1.31714,1.00,2.25
2017.11.14 19:44:58.289,1.31704,1.31711,2.06,1.00
2017.11.14 19:44:58.924,1.31703,1.31709,1.19,1.00
2017.11.14 19:44:58.975,1.31701,1.31709,4.01,1.12
2017.11.14 19:44:59.130,1.31703,1.31712,5.06,3.19
2017.11.14 19:44:59.630,1.31704,1.31713,1.76,1.31
2017.11.14 19:45:00.649,1.31705,1.31713,1.00,1.63
2017.11.14 19:45:01.210,1.31705,1.31713,1.13,1.12
2017.11.14 19:45:01.993,1.31705,1.31713,1.63,1.25
2017.11.14 19:45:02.626,1.31703,1.31712,1.69,1.50
2017.11.14 19:45:02.991,1.31703,1.31709,1.00,1.00
2017.11.14 19:45:03.248,1.31696,1.31705,2.14,1.00
2017.11.14 19:45:03.709,1.31696,1.31702,1.00,1.00
2017.11.14 19:45:04.063,1.31696,1.31702,1.13,1.00
2017.11.14 19:45:04.268,1.31695,1.31702,4.39,1.00
2017.11.14 19:45:04.892,1.31695,1.31702,2.70,1.00
2017.11.14 19:45:05.130,1.31695,1.31702,3.45,1.00
2017.11.14 19:45:05.758,1.31695,1.31702,2.70,1.00
2017.11.14 19:45:06.460,1.31695,1.31702,2.70,1.00
2017.11.14 19:45:07.053,1.31695,1.31702,2.51,1.00
2017.11.14 19:45:08.998,1.31695,1.31702,3.83,1.00
2017.11.14 19:45:09.607,1.31695,1.31702,2.51,1.00
2017.11.14 19:45:10.182,1.31695,1.31702,4.95,1.00
2017.11.14 19:45:10.787,1.31695,1.31702,3.64,1.00
2017.11.14 19:45:11.312,1.31695,1.31702,1.31,1.00
2017.11.14 19:45:16.160,1.31695,1.31702,2.14,1.00
2017.11.14 19:45:17.399,1.31695,1.31702,2.14,1.00
2017.11.14 19:45:17.718,1.31696,1.31705,1.63,2.44
2017.11.14 19:45:18.595,1.31697,1.31705,2.44,1.69
2017.11.14 19:45:18.700,1.31704,1.31712,1.12,1.20
2017.11.14 19:45:19.061,1.31704,1.31712,1.94,1.00
2017.11.14 19:45:19.581,1.31705,1.31713,2.25,1.50
2017.11.14 19:45:34.083,1.31705,1.31714,1.94,1.69
2017.11.14 19:45:34.627,1.31705,1.31714,2.06,1.69
2017.11.14 19:45:36.057,1.31706,1.31714,1.13,1.69
2017.11.14 19:45:36.640,1.31706,1.31714,1.38,1.69
2017.11.14 19:45:37.173,1.31707,1.31715,1.00,1.31
2017.11.14 19:45:48.543,1.31706,1.31714,1.13,1.25
2017.11.14 19:45:49.166,1.31706,1.31714,1.38,1.25
2017.11.14 19:45:52.853,1.31707,1.31715,1.19,2.44
2017.11.14 19:45:53.379,1.31706,1.31715,1.56,2.44
2017.11.14 19:45:54.692,1.31706,1.31715,1.13,2.06
2017.11.14 19:45:55.640,1.31706,1.31715,1.12,2.06
2017.11.14 19:46:01.590,1.31705,1.31713,2.25,1.00
2017.11.14 19:46:05.097,1.31705,1.31713,3.19,1.12
2017.11.14 19:46:06.598,1.31706,1.31713,1.50,1.12
2017.11.14 19:46:10.494,1.3171,1.31714,1.88,1.31
2017.11.14 19:46:10.550,1.31711,1.31719,1.95,1.69
2017.11.14 19:46:10.603,1.31709,1.31717,2.14,1.50
2017.11.14 19:46:10.654,1.31709,1.31716,1.12,1.00
2017.11.14 19:46:11.941,1.31708,1.31714,1.00,1.00
2017.11.14 19:46:12.475,1.31707,1.31714,1.50,1.00
2017.11.14 19:46:14.871,1.31707,1.31714,3.75,1.00
2017.11.14 19:46:15.127,1.31707,1.31716,2.06,2.81
2017.11.14 19:46:15.434,1.31706,1.31715,4.31,1.69
2017.11.14 19:46:15.997,1.31706,1.31715,2.14,2.06
2017.11.14 19:46:16.682,1.31706,1.31715,2.06,2.06
2017.11.14 19:46:17.309,1.31706,1.31715,2.06,2.06
2017.11.14 19:46:17.921,1.31706,1.31715,2.06,2.06
2017.11.14 19:46:18.461,1.31706,1.31715,2.25,2.06
2017.11.14 19:46:19.369,1.31706,1.31715,2.44,2.06
2017.11.14 19:46:20.150,1.31706,1.31715,2.25,2.06
2017.11.14 19:46:22.504,1.31706,1.31715,2.81,1.69
2017.11.14 19:46:22.937,1.31708,1.31717,3.75,2.14
2017.11.14 19:46:22.988,1.31709,1.31717,2.06,2.06
2017.11.14 19:46:23.142,1.31708,1.31717,1.95,3.19
2017.11.14 19:46:23.346,1.31708,1.31716,1.12,1.37
2017.11.14 19:46:29.991,1.31707,1.31716,1.12,2.32
2017.11.14 19:46:32.384,1.31706,1.31714,1.76,1.00
2017.11.14 19:46:32.889,1.31706,1.31714,1.76,1.25
2017.11.14 19:46:33.605,1.31706,1.31714,1.95,1.25
2017.11.14 19:46:34.150,1.31706,1.31714,1.76,1.25
2017.11.14 19:46:35.196,1.31706,1.31714,1.95,1.25
2017.11.14 19:46:35.862,1.31706,1.31714,3.64,1.25
2017.11.14 19:46:36.366,1.31706,1.31713,1.88,1.00
2017.11.14 19:46:36.888,1.31706,1.31713,1.88,1.00
2017.11.14 19:46:37.731,1.31706,1.31713,2.06,1.00
2017.11.14 19:46:38.263,1.31706,1.31713,1.88,1.00
2017.11.14 19:46:39.798,1.31706,1.31713,2.06,1.00
2017.11.14 19:46:40.606,1.31706,1.31713,1.87,1.00
2017.11.14 19:46:41.115,1.31706,1.31713,2.06,1.00
2017.11.14 19:46:42.160,1.31706,1.31713,4.31,1.00
2017.11.14 19:46:42.801,1.31706,1.31713,3.75,1.00
2017.11.14 19:46:44.190,1.31706,1.31713,1.69,1.00
2017.11.14 19:46:45.070,1.31706,1.31713,1.69,1.00
2017.11.14 19:46:48.598,1.31706,1.31713,2.44,1.00
2017.11.14 19:46:49.727,1.31706,1.31713,2.44,1.00
2017.11.14 19:46:50.384,1.31706,1.31713,2.25,1.00
2017.11.14 19:46:51.155,1.31706,1.31713,2.44,1.00
2017.11.14 19:46:51.816,1.31706,1.31713,2.06,1.00
2017.11.14 19:46:52.764,1.31706,1.31713,2.44,1.00
2017.11.14 19:46:53.273,1.31706,1.31713,2.06,1.00
2017.11.14 19:46:53.789,1.31706,1.31713,2.44,1.00
2017.11.14 19:46:54.386,1.31706,1.31713,1.69,1.00
2017.11.14 19:46:55.414,1.31706,1.31713,1.87,1.00
2017.11.14 19:46:55.923,1.31706,1.31713,1.50,1.00
2017.11.14 19:46:56.669,1.31706,1.31713,2.06,1.00
2017.11.14 19:46:57.953,1.31706,1.31713,1.69,1.00
2017.11.14 19:47:00.277,1.31706,1.31713,1.50,1.00
2017.11.14 19:47:00.792,1.31706,1.31713,1.12,1.00
2017.11.14 19:47:03.792,1.31706,1.31713,2.44,1.00
2017.11.14 19:47:04.876,1.31707,1.31713,1.50,1.00
2017.11.14 19:47:06.032,1.31707,1.31713,1.13,1.00
2017.11.14 19:47:09.831,1.31707,1.31715,1.13,1.12
2017.11.14 19:47:10.368,1.31707,1.31714,1.69,1.00
2017.11.14 19:47:14.430,1.31707,1.31714,3.75,1.00
2017.11.14 19:47:14.986,1.31707,1.31714,1.50,1.00
2017.11.14 19:47:17.691,1.31707,1.31714,3.38,1.00
2017.11.14 19:47:18.589,1.31707,1.31714,3.00,1.00
2017.11.14 19:47:19.288,1.31707,1.31714,3.19,1.00
2017.11.14 19:47:19.944,1.31707,1.31714,3.00,1.00
2017.11.14 19:47:21.525,1.31707,1.31714,3.19,1.00
2017.11.14 19:47:22.089,1.31707,1.31714,3.38,1.00
2017.11.14 19:47:22.302,1.31707,1.31714,3.19,1.00
2017.11.14 19:47:41.323,1.31707,1.31714,1.00,2.06
2017.11.14 19:47:44.663,1.31707,1.31714,1.00,1.69
2017.11.14 19:47:52.646,1.31707,1.31714,1.31,2.44
2017.11.14 19:47:53.156,1.31707,1.31714,1.50,1.00
2017.11.14 19:47:54.491,1.31707,1.31714,1.37,1.00
2017.11.14 19:47:55.093,1.31707,1.31714,1.31,1.00
2017.11.14 19:47:56.863,1.31707,1.31714,1.31,1.00
2017.11.14 19:47:57.549,1.31707,1.31714,1.12,1.00
2017.11.14 19:47:58.065,1.31707,1.31714,1.63,1.00
2017.11.14 19:47:58.636,1.31707,1.31714,1.25,1.00
2017.11.14 19:48:00.732,1.31707,1.31714,1.44,1.00
2017.11.14 19:48:01.367,1.31707,1.31714,1.13,1.00
2017.11.14 19:48:09.829,1.31706,1.31713,1.12,1.00
2017.11.14 19:48:10.612,1.31706,1.31714,1.00,2.25
2017.11.14 19:48:11.194,1.31706,1.31714,1.00,2.62
2017.11.14 19:48:27.437,1.31706,1.31714,1.00,1.31
2017.11.14 19:48:27.955,1.31706,1.31714,1.00,2.06
2017.11.14 19:48:28.456,1.31706,1.31714,1.00,1.69
2017.11.14 19:48:29.085,1.31706,1.31714,1.44,1.69
2017.11.14 19:48:29.640,1.31706,1.31714,1.25,1.69
2017.11.14 19:48:30.149,1.31706,1.31714,1.00,2.06
2017.11.14 19:48:31.895,1.31706,1.31714,1.00,1.87
2017.11.14 19:48:38.685,1.31706,1.31714,1.25,1.57
2017.11.14 19:48:39.215,1.31706,1.31714,1.00,1.57
2017.11.14 19:48:39.724,1.31706,1.31714,1.00,1.57
2017.11.14 19:49:07.245,1.31706,1.31714,1.31,1.50
2017.11.14 19:49:12.202,1.31706,1.31714,1.50,1.69
2017.11.14 19:49:12.731,1.31706,1.31714,2.06,1.69
2017.11.14 19:49:13.249,1.31706,1.31714,3.19,1.69
2017.11.14 19:49:13.915,1.31705,1.31714,3.83,1.69
2017.11.14 19:49:23.149,1.31705,1.31714,1.69,2.06
2017.11.14 19:49:23.765,1.31705,1.31714,1.69,1.69
2017.11.14 19:49:24.334,1.31705,1.31714,1.62,1.44
2017.11.14 19:49:24.855,1.31706,1.31714,1.00,1.50
2017.11.14 19:49:25.682,1.31706,1.31713,1.25,1.00
2017.11.14 19:49:44.131,1.31703,1.31706,1.76,1.00
2017.11.14 19:49:44.182,1.31702,1.31705,1.00,1.50
2017.11.14 19:49:44.234,1.31697,1.31704,1.20,1.50
2017.11.14 19:49:44.285,1.31695,1.31702,1.57,1.00
2017.11.14 19:50:03.482,1.31698,1.31703,1.00,1.25
2017.11.14 19:50:04.096,1.31697,1.31704,1.12,1.19
2017.11.14 19:50:06.235,1.31694,1.31697,1.39,1.00
2017.11.14 19:50:06.288,1.31692,1.317,3.45,1.12
2017.11.14 19:50:06.554,1.31694,1.31702,3.00,1.25
2017.11.14 19:50:08.226,1.31692,1.317,3.45,1.00
2017.11.14 19:50:08.278,1.31692,1.317,5.06,1.00
2017.11.14 19:50:08.383,1.3169,1.31698,2.89,1.00
2017.11.14 19:50:08.436,1.31693,1.31699,1.00,1.87
2017.11.14 19:50:08.538,1.31695,1.31701,1.00,1.25
2017.11.14 19:50:08.947,1.31693,1.31701,1.20,1.69
2017.11.14 19:50:08.999,1.31694,1.31702,1.00,2.81
2017.11.14 19:50:09.537,1.31694,1.31702,1.25,1.12
2017.11.14 19:50:10.208,1.31694,1.31702,2.44,1.12
2017.11.14 19:50:10.724,1.31693,1.31702,5.06,2.81
2017.11.14 19:50:11.032,1.31692,1.31699,1.50,2.06
2017.11.14 19:50:11.136,1.31688,1.31696,2.06,1.50
2017.11.14 19:50:11.647,1.31687,1.31695,2.14,1.37
2017.11.14 19:50:12.278,1.31687,1.31695,1.25,1.50
2017.11.14 19:50:12.801,1.31687,1.31695,1.25,2.62
2017.11.14 19:50:13.526,1.31687,1.31693,1.25,1.00
2017.11.14 19:50:14.102,1.31686,1.31694,1.31,1.50
2017.11.14 19:50:14.734,1.31686,1.31693,1.69,1.00
2017.11.14 19:50:19.303,1.31686,1.31694,3.75,1.12
2017.11.14 19:50:19.858,1.31687,1.31695,1.50,1.87
2017.11.14 19:50:20.373,1.31687,1.31694,1.31,1.00
2017.11.14 19:50:20.475,1.31689,1.31694,1.00,1.00
2017.11.14 19:50:20.984,1.31689,1.31695,1.00,1.50
2017.11.14 19:50:21.491,1.31689,1.31694,1.00,1.00
2017.11.14 19:50:22.250,1.31689,1.31695,1.00,1.00
2017.11.14 19:50:22.352,1.31686,1.31695,3.26,1.00
2017.11.14 19:50:23.203,1.31687,1.31695,2.62,1.50
2017.11.14 19:50:23.586,1.31694,1.31697,1.38,1.50
2017.11.14 19:50:23.638,1.31694,1.31702,1.31,1.76
2017.11.14 19:50:23.690,1.31696,1.31702,1.00,1.07
2017.11.14 19:50:23.742,1.31696,1.31704,1.50,2.51
2017.11.14 19:50:24.253,1.31696,1.31704,1.00,2.06
2017.11.14 19:50:26.719,1.31697,1.31704,1.00,2.51
2017.11.14 19:50:27.229,1.31698,1.31705,1.00,2.44
2017.11.14 19:50:33.542,1.31696,1.317,1.00,1.00
2017.11.14 19:50:33.759,1.31687,1.31694,1.00,2.62
2017.11.14 19:50:34.271,1.31687,1.31693,1.00,1.00
2017.11.14 19:50:35.048,1.31687,1.31694,1.00,2.44
2017.11.14 19:50:37.508,1.31692,1.31698,1.12,2.14
2017.11.14 19:50:37.611,1.31694,1.31702,1.31,1.39
2017.11.14 19:50:38.121,1.31694,1.31702,1.76,1.25
2017.11.14 19:50:39.685,1.31694,1.31702,1.57,1.25
2017.11.14 19:50:49.034,1.31695,1.31703,1.75,1.29
2017.11.14 19:50:49.507,1.31694,1.31703,2.89,1.29
2017.11.14 19:50:50.733,1.31694,1.31699,2.25,1.25
2017.11.14 19:50:50.837,1.31688,1.31696,1.47,3.19
2017.11.14 19:50:50.940,1.31686,1.31693,2.14,1.00
2017.11.14 19:50:53.009,1.31688,1.31693,1.00,1.00
2017.11.14 19:50:53.559,1.31686,1.31693,3.94,1.00
2017.11.14 19:50:55.856,1.31688,1.31693,1.00,1.00
