2017.12.27 06:00:06.637,1.33776,1.33782,3.07,1.00
2017.12.27 06:00:09.155,1.33776,1.33782,3.45,1.00
2017.12.27 06:00:11.248,1.33776,1.33782,3.45,1.50
2017.12.27 06:00:12.231,1.33775,1.33782,3.45,1.00
2017.12.27 06:00:12.824,1.33775,1.33782,3.45,1.00
2017.12.27 06:00:13.726,1.33775,1.33782,3.45,1.00
2017.12.27 06:00:18.197,1.33775,1.33784,4.95,1.13
2017.12.27 06:00:18.727,1.33775,1.33784,5.51,1.25
2017.12.27 06:00:21.474,1.33776,1.33784,1.70,1.13
2017.12.27 06:00:25.331,1.33775,1.33785,6.64,1.69
2017.12.27 06:00:25.884,1.33776,1.33784,1.70,1.25
2017.12.27 06:00:26.433,1.33776,1.33785,1.01,1.88
2017.12.27 06:00:27.163,1.33776,1.33784,1.89,1.25
2017.12.27 06:00:27.737,1.33775,1.33785,7.58,1.88
2017.12.27 06:00:28.580,1.33776,1.33784,1.95,1.00
2017.12.27 06:00:29.428,1.33775,1.33785,7.20,1.69
2017.12.27 06:00:33.149,1.33776,1.33784,1.89,1.00
2017.12.27 06:00:33.665,1.33775,1.33785,7.58,1.25
2017.12.27 06:00:38.809,1.33777,1.33782,1.20,1.00
2017.12.27 06:00:39.357,1.33776,1.33783,1.45,1.00
2017.12.27 06:00:44.853,1.33777,1.33782,1.20,1.00
2017.12.27 06:00:48.887,1.33776,1.33783,1.45,1.00
2017.12.27 06:00:49.523,1.33777,1.33782,1.20,1.00
2017.12.27 06:00:50.039,1.33776,1.33783,1.45,1.00
2017.12.27 06:00:50.554,1.33777,1.33782,1.20,1.00
2017.12.27 06:00:52.474,1.33776,1.33783,1.45,1.00
2017.12.27 06:01:02.594,1.33776,1.33783,1.20,1.00
2017.12.27 06:01:03.128,1.33777,1.33782,1.00,1.25
2017.12.27 06:01:03.926,1.33776,1.33783,1.20,1.25
2017.12.27 06:01:04.552,1.33777,1.33782,1.00,1.25
2017.12.27 06:01:05.994,1.33776,1.33783,1.20,1.25
2017.12.27 06:01:08.518,1.33777,1.33782,1.00,1.25
2017.12.27 06:01:10.668,1.33776,1.33783,1.20,1.25
2017.12.27 06:01:11.078,1.33777,1.33782,1.20,1.25
2017.12.27 06:01:11.723,1.33776,1.33783,1.45,1.25
2017.12.27 06:01:12.694,1.33777,1.33782,1.20,1.00
2017.12.27 06:01:16.086,1.33776,1.33783,1.45,1.00
2017.12.27 06:01:18.610,1.33776,1.33783,1.70,1.00
2017.12.27 06:01:19.130,1.33777,1.33782,1.39,1.00
2017.12.27 06:01:19.740,1.33776,1.33783,1.58,1.00
2017.12.27 06:01:20.520,1.33777,1.33782,1.20,1.00
2017.12.27 06:01:21.129,1.33776,1.33783,1.57,1.00
2017.12.27 06:01:23.317,1.33777,1.33782,1.01,1.00
2017.12.27 06:01:24.103,1.33776,1.33783,1.57,1.00
2017.12.27 06:01:31.968,1.33776,1.33783,1.39,1.00
2017.12.27 06:01:32.284,1.33776,1.33783,1.45,1.00
2017.12.27 06:01:33.254,1.33777,1.33782,1.00,1.00
2017.12.27 06:01:33.842,1.33776,1.33783,1.20,1.00
2017.12.27 06:01:35.924,1.33776,1.33783,1.39,1.00
2017.12.27 06:01:37.734,1.33777,1.33782,1.01,1.00
2017.12.27 06:01:38.350,1.33776,1.33783,1.57,1.00
2017.12.27 06:01:38.954,1.33777,1.33782,1.10,1.00
2017.12.27 06:01:39.562,1.33776,1.33783,1.76,1.00
2017.12.27 06:01:40.685,1.33777,1.33782,1.01,1.00
2017.12.27 06:01:42.626,1.33776,1.33783,1.20,1.00
2017.12.27 06:01:43.544,1.33777,1.33782,1.10,1.00
2017.12.27 06:01:44.581,1.33776,1.33783,1.57,1.00
2017.12.27 06:01:45.284,1.33777,1.33782,1.10,1.00
2017.12.27 06:01:45.932,1.33776,1.33783,1.76,1.00
2017.12.27 06:01:48.585,1.33777,1.33782,1.20,1.00
2017.12.27 06:01:49.099,1.33776,1.33783,1.39,1.00
2017.12.27 06:01:49.617,1.33777,1.33783,1.70,1.00
2017.12.27 06:01:50.130,1.33777,1.33782,2.70,1.00
2017.12.27 06:01:50.677,1.33777,1.33783,1.20,1.00
2017.12.27 06:01:51.307,1.33777,1.33782,2.33,1.00
2017.12.27 06:01:51.862,1.33777,1.33783,1.58,1.00
2017.12.27 06:01:52.834,1.33777,1.33782,2.14,1.00
2017.12.27 06:01:53.416,1.33777,1.33783,1.20,1.00
2017.12.27 06:01:53.946,1.33777,1.33782,2.14,1.00
2017.12.27 06:01:54.469,1.33777,1.33783,1.39,1.00
2017.12.27 06:01:55.898,1.33777,1.33782,2.14,1.00
2017.12.27 06:01:56.460,1.33777,1.33783,1.20,1.00
2017.12.27 06:01:57.208,1.33777,1.33782,2.33,1.00
2017.12.27 06:02:00.456,1.33777,1.33783,1.57,1.00
2017.12.27 06:02:01.182,1.33777,1.33782,2.89,1.00
2017.12.27 06:02:01.702,1.33777,1.33783,1.95,1.00
2017.12.27 06:02:03.251,1.33777,1.33782,2.32,1.00
2017.12.27 06:02:03.811,1.33777,1.33783,1.39,1.00
2017.12.27 06:02:04.420,1.33778,1.33783,1.20,1.00
2017.12.27 06:02:04.993,1.33778,1.33782,1.39,1.00
2017.12.27 06:02:08.201,1.33778,1.33783,1.20,1.00
2017.12.27 06:02:08.864,1.33779,1.33782,1.10,1.00
2017.12.27 06:02:11.179,1.33778,1.33783,1.95,1.00
2017.12.27 06:02:13.555,1.33779,1.33782,1.10,1.00
2017.12.27 06:02:16.396,1.33778,1.33783,1.95,1.00
2017.12.27 06:02:17.133,1.33779,1.33783,1.00,1.00
2017.12.27 06:02:21.942,1.3378,1.33782,1.00,1.00
2017.12.27 06:02:22.564,1.33779,1.33783,1.00,1.00
2017.12.27 06:02:23.696,1.3378,1.33782,1.00,1.00
2017.12.27 06:02:24.217,1.33779,1.33783,1.00,1.00
2017.12.27 06:02:25.252,1.3378,1.33782,1.00,1.00
2017.12.27 06:02:25.815,1.33779,1.33783,1.00,1.00
2017.12.27 06:02:31.388,1.3378,1.33783,1.00,1.00
2017.12.27 06:02:36.062,1.33779,1.33783,1.00,1.00
2017.12.27 06:02:36.624,1.3378,1.33782,1.00,1.00
2017.12.27 06:02:37.178,1.33779,1.33783,1.00,1.00
2017.12.27 06:02:37.808,1.3378,1.33782,1.00,1.00
2017.12.27 06:02:38.340,1.33779,1.33783,1.00,1.00
2017.12.27 06:02:38.890,1.3378,1.33782,1.00,1.00
2017.12.27 06:02:39.435,1.33779,1.33783,1.00,1.00
2017.12.27 06:02:39.946,1.3378,1.33782,1.00,1.00
2017.12.27 06:02:40.471,1.33779,1.33783,1.00,1.00
2017.12.27 06:02:41.159,1.3378,1.33782,1.00,1.00
2017.12.27 06:02:41.683,1.33779,1.33783,1.00,1.00
2017.12.27 06:02:42.254,1.3378,1.33782,1.00,1.00
2017.12.27 06:02:42.779,1.33779,1.33783,1.00,1.00
2017.12.27 06:02:43.413,1.33779,1.33783,5.06,1.00
2017.12.27 06:02:43.468,1.33785,1.33792,1.44,1.00
2017.12.27 06:02:43.520,1.33788,1.33792,1.00,1.00
2017.12.27 06:02:44.083,1.33789,1.33793,1.00,1.00
2017.12.27 06:02:44.671,1.33789,1.33792,1.00,1.00
2017.12.27 06:02:45.192,1.33789,1.33793,1.00,1.00
2017.12.27 06:02:45.901,1.33789,1.33795,1.00,1.50
2017.12.27 06:02:46.005,1.33787,1.33795,1.10,1.50
2017.12.27 06:02:46.545,1.33788,1.33794,1.00,1.25
2017.12.27 06:02:48.071,1.33789,1.33793,1.00,1.25
2017.12.27 06:02:48.586,1.3379,1.33794,1.00,1.25
2017.12.27 06:02:50.922,1.3379,1.33793,1.00,1.25
2017.12.27 06:02:51.467,1.33791,1.33793,1.00,1.25
2017.12.27 06:02:52.010,1.3379,1.33794,1.00,1.00
2017.12.27 06:02:52.552,1.3379,1.33793,1.00,1.00
2017.12.27 06:02:53.074,1.3379,1.33792,1.00,1.00
2017.12.27 06:02:53.589,1.33789,1.33793,1.00,1.00
2017.12.27 06:03:02.121,1.3379,1.33792,1.00,1.00
2017.12.27 06:03:03.426,1.33789,1.33793,1.00,1.00
2017.12.27 06:03:03.975,1.3379,1.33792,1.00,1.00
2017.12.27 06:03:08.036,1.33789,1.33793,1.00,1.00
2017.12.27 06:03:12.608,1.33788,1.33793,1.00,1.00
2017.12.27 06:03:12.660,1.3379,1.33793,1.00,1.00
2017.12.27 06:03:15.394,1.33791,1.33792,1.00,1.00
2017.12.27 06:03:19.423,1.3379,1.33793,1.00,1.00
2017.12.27 06:03:19.527,1.3379,1.33795,1.00,1.50
2017.12.27 06:03:20.042,1.33791,1.33795,1.00,1.00
2017.12.27 06:03:20.548,1.3379,1.33795,1.00,1.00
2017.12.27 06:03:21.093,1.33791,1.33795,1.00,1.00
2017.12.27 06:03:22.303,1.3379,1.33795,1.00,1.00
2017.12.27 06:03:23.070,1.33791,1.33795,1.00,1.00
2017.12.27 06:03:23.587,1.3379,1.33795,1.00,1.00
2017.12.27 06:03:24.180,1.33791,1.33795,1.00,1.00
2017.12.27 06:03:29.034,1.3379,1.33795,1.00,1.00
2017.12.27 06:03:33.132,1.33791,1.33795,1.00,1.69
2017.12.27 06:03:35.965,1.3379,1.33795,1.00,1.00
2017.12.27 06:03:38.860,1.33791,1.33795,1.00,1.25
2017.12.27 06:03:39.596,1.3379,1.33795,1.00,1.25
2017.12.27 06:03:40.490,1.33789,1.33795,1.00,1.00
2017.12.27 06:03:43.555,1.33789,1.33797,1.00,1.29
2017.12.27 06:03:45.907,1.3379,1.33797,1.00,1.57
2017.12.27 06:03:48.896,1.33791,1.33797,1.00,1.07
2017.12.27 06:03:49.440,1.3379,1.33797,1.00,1.07
2017.12.27 06:03:51.076,1.33791,1.33797,1.00,1.57
2017.12.27 06:03:51.594,1.3379,1.33797,1.00,1.07
2017.12.27 06:03:53.739,1.33791,1.33797,1.00,1.20
2017.12.27 06:04:00.099,1.33792,1.33797,1.00,1.20
2017.12.27 06:04:00.784,1.33791,1.33798,1.00,2.32
2017.12.27 06:04:01.325,1.33791,1.33798,1.00,2.51
2017.12.27 06:04:03.755,1.3379,1.33798,1.00,1.45
2017.12.27 06:04:04.469,1.33791,1.33798,1.00,5.01
2017.12.27 06:04:04.988,1.3379,1.33798,1.00,1.95
2017.12.27 06:04:09.285,1.33789,1.33798,1.00,1.95
2017.12.27 06:04:09.543,1.33791,1.33798,1.00,5.14
2017.12.27 06:04:10.554,1.33792,1.33797,1.00,2.14
2017.12.27 06:04:11.303,1.33791,1.33797,1.00,1.20
2017.12.27 06:04:12.430,1.33791,1.33798,1.00,1.39
2017.12.27 06:04:14.756,1.33792,1.33799,1.00,3.26
2017.12.27 06:04:15.264,1.33793,1.33798,1.00,1.33
2017.12.27 06:04:15.941,1.33792,1.33799,1.00,3.64
2017.12.27 06:04:16.573,1.33793,1.33798,1.00,1.33
2017.12.27 06:04:17.316,1.33792,1.33798,1.00,1.20
2017.12.27 06:04:21.001,1.33793,1.33799,1.00,2.89
2017.12.27 06:04:21.465,1.33793,1.33799,1.00,1.00
2017.12.27 06:04:21.991,1.33794,1.33799,1.00,4.04
2017.12.27 06:04:22.501,1.33793,1.33799,1.00,1.00
2017.12.27 06:04:22.604,1.33792,1.33799,1.00,5.89
2017.12.27 06:04:22.708,1.3379,1.33799,1.00,6.64
2017.12.27 06:04:23.914,1.33791,1.33798,1.00,2.74
2017.12.27 06:04:24.137,1.33793,1.33798,1.00,2.74
2017.12.27 06:04:24.965,1.33792,1.33798,1.00,1.95
2017.12.27 06:04:25.121,1.3379,1.33799,1.00,3.11
2017.12.27 06:04:25.326,1.33792,1.33799,1.50,1.76
2017.12.27 06:04:25.825,1.3379,1.33798,1.00,1.20
2017.12.27 06:04:26.339,1.33791,1.33797,1.00,1.24
2017.12.27 06:04:27.011,1.3379,1.33798,1.00,1.61
2017.12.27 06:04:27.534,1.3379,1.33798,1.00,2.36
2017.12.27 06:04:28.039,1.3379,1.33798,1.00,1.61
2017.12.27 06:04:37.364,1.3379,1.33798,1.19,1.33
2017.12.27 06:04:37.899,1.3379,1.33798,1.00,1.39
2017.12.27 06:04:38.843,1.33791,1.33797,1.00,1.01
2017.12.27 06:04:39.364,1.3379,1.33798,1.00,1.33
2017.12.27 06:04:41.191,1.33791,1.33797,1.00,1.10
2017.12.27 06:04:41.779,1.3379,1.33798,1.00,1.39
2017.12.27 06:04:42.238,1.33792,1.33797,1.00,1.01
2017.12.27 06:04:42.770,1.33792,1.33797,1.00,1.33
2017.12.27 06:04:47.859,1.33791,1.33793,1.00,1.25
2017.12.27 06:04:47.912,1.33782,1.33789,1.50,1.00
2017.12.27 06:04:47.965,1.33781,1.33783,2.40,1.00
2017.12.27 06:04:48.121,1.3378,1.33787,1.69,1.20
2017.12.27 06:04:48.173,1.33786,1.33792,1.00,2.32
2017.12.27 06:04:48.531,1.3379,1.33792,1.00,1.00
2017.12.27 06:04:48.583,1.33788,1.33792,1.00,1.00
2017.12.27 06:04:49.097,1.33789,1.33792,1.00,1.00
2017.12.27 06:04:50.065,1.3379,1.33792,1.00,1.00
2017.12.27 06:04:50.591,1.33789,1.33792,1.00,1.00
2017.12.27 06:04:51.137,1.3379,1.33792,1.00,1.00
2017.12.27 06:04:52.003,1.33789,1.33792,1.00,1.00
2017.12.27 06:04:52.516,1.3379,1.33792,1.00,1.00
2017.12.27 06:04:53.024,1.33789,1.33792,1.00,1.00
2017.12.27 06:04:56.777,1.3379,1.33792,1.00,1.00
2017.12.27 06:04:57.385,1.33789,1.33792,1.00,1.00
2017.12.27 06:04:59.562,1.3379,1.33792,1.00,1.00
2017.12.27 06:05:00.098,1.33789,1.33792,1.00,1.00
2017.12.27 06:05:00.785,1.3379,1.33792,1.00,1.00
2017.12.27 06:05:01.326,1.33789,1.33792,1.00,1.00
2017.12.27 06:05:02.070,1.3379,1.33792,1.00,1.00
2017.12.27 06:05:02.961,1.33791,1.33793,1.00,1.00
2017.12.27 06:05:04.055,1.3379,1.33792,1.00,1.00
2017.12.27 06:05:04.265,1.33788,1.33792,1.31,1.00
2017.12.27 06:05:04.369,1.33788,1.33795,2.06,1.00
2017.12.27 06:05:04.473,1.33793,1.33795,1.00,1.00
2017.12.27 06:05:04.562,1.3379,1.33795,1.69,1.00
2017.12.27 06:05:04.730,1.33795,1.33799,1.00,1.00
2017.12.27 06:05:05.255,1.33795,1.33798,1.00,1.00
2017.12.27 06:05:05.618,1.33795,1.33797,1.00,1.00
2017.12.27 06:05:06.171,1.33794,1.33796,1.00,1.00
2017.12.27 06:05:06.719,1.33795,1.33797,1.00,1.00
2017.12.27 06:05:06.997,1.33793,1.33796,1.00,1.00
2017.12.27 06:05:07.530,1.33794,1.33796,1.50,1.00
2017.12.27 06:05:09.850,1.33793,1.33796,1.50,1.00
2017.12.27 06:05:18.385,1.33794,1.33796,1.00,1.00
2017.12.27 06:05:19.137,1.33795,1.33796,1.00,1.00
2017.12.27 06:05:20.672,1.33794,1.33796,1.00,1.00
2017.12.27 06:05:22.123,1.33794,1.33799,1.00,1.00
2017.12.27 06:05:22.278,1.33796,1.33799,1.00,1.38
2017.12.27 06:05:23.774,1.33795,1.338,1.00,1.88
2017.12.27 06:05:24.033,1.33793,1.338,1.00,1.88
2017.12.27 06:05:24.623,1.33793,1.338,1.00,1.50
2017.12.27 06:05:25.170,1.33794,1.33799,1.00,1.00
2017.12.27 06:05:25.888,1.33795,1.338,1.00,1.88
2017.12.27 06:05:28.429,1.33795,1.33796,1.00,1.00
2017.12.27 06:05:28.807,1.33792,1.33796,1.00,1.00
2017.12.27 06:05:29.827,1.33794,1.33796,1.00,1.00
2017.12.27 06:05:30.666,1.33793,1.33796,1.00,1.00
2017.12.27 06:05:31.172,1.33794,1.33796,1.50,1.00
2017.12.27 06:05:40.522,1.33794,1.33799,1.00,1.25
2017.12.27 06:05:40.574,1.33796,1.33798,1.00,1.25
2017.12.27 06:05:41.110,1.33795,1.33799,1.00,1.13
2017.12.27 06:05:41.744,1.33796,1.33798,1.00,1.00
2017.12.27 06:05:42.274,1.33795,1.33799,1.00,1.00
2017.12.27 06:05:42.685,1.33793,1.33799,1.00,1.25
2017.12.27 06:05:43.285,1.33793,1.338,1.00,2.10
2017.12.27 06:05:43.337,1.33795,1.338,1.00,1.88
2017.12.27 06:05:44.463,1.33796,1.33799,1.00,1.13
2017.12.27 06:05:45.023,1.33795,1.338,1.00,1.88
2017.12.27 06:05:48.427,1.33796,1.33799,1.00,1.25
2017.12.27 06:05:48.531,1.33793,1.33799,1.50,1.00
2017.12.27 06:05:48.853,1.33793,1.33795,1.00,1.00
2017.12.27 06:05:49.065,1.33789,1.33794,1.00,1.00
2017.12.27 06:05:49.685,1.3379,1.33794,1.00,1.00
2017.12.27 06:05:49.738,1.33792,1.33795,1.00,1.00
2017.12.27 06:05:49.946,1.33793,1.33797,1.00,1.00
2017.12.27 06:05:50.386,1.33794,1.33795,1.00,2.63
2017.12.27 06:05:50.545,1.33791,1.33794,1.00,1.00
2017.12.27 06:05:51.407,1.33789,1.33794,1.00,1.00
2017.12.27 06:05:51.921,1.3379,1.33794,1.00,1.69
2017.12.27 06:05:52.446,1.33789,1.33794,1.00,1.00
2017.12.27 06:05:53.234,1.3379,1.33794,1.00,1.88
2017.12.27 06:05:53.394,1.33789,1.33792,1.00,1.25
2017.12.27 06:05:53.905,1.33788,1.33793,1.00,1.00
2017.12.27 06:05:54.736,1.33789,1.33792,1.00,1.00
2017.12.27 06:05:55.312,1.33788,1.33793,1.00,1.00
2017.12.27 06:05:55.841,1.33789,1.33793,1.00,1.00
2017.12.27 06:06:00.776,1.3379,1.33792,1.00,1.00
2017.12.27 06:06:01.376,1.33789,1.33793,1.00,1.00
2017.12.27 06:06:02.006,1.3379,1.33792,1.00,1.00
2017.12.27 06:06:02.556,1.33789,1.33792,1.00,1.00
2017.12.27 06:06:03.394,1.33788,1.33793,1.00,1.00
2017.12.27 06:06:04.044,1.33789,1.33792,1.00,1.00
2017.12.27 06:06:04.614,1.33788,1.33793,1.00,1.00
2017.12.27 06:06:07.114,1.33789,1.33792,1.00,1.00
2017.12.27 06:06:07.988,1.33788,1.33793,1.00,1.00
2017.12.27 06:06:08.715,1.33789,1.33792,1.00,1.00
2017.12.27 06:06:09.222,1.33788,1.33793,1.00,1.00
2017.12.27 06:06:09.872,1.33789,1.33792,1.00,1.00
2017.12.27 06:06:11.178,1.33788,1.33793,1.00,1.00
2017.12.27 06:06:11.792,1.33789,1.33792,1.00,1.00
2017.12.27 06:06:14.666,1.33791,1.33792,1.00,1.00
2017.12.27 06:06:14.875,1.33789,1.33794,2.25,2.23
2017.12.27 06:06:15.463,1.3379,1.33793,1.00,2.23
2017.12.27 06:06:16.247,1.33789,1.33794,3.00,2.23
2017.12.27 06:06:16.923,1.3379,1.33793,1.00,2.23
2017.12.27 06:06:18.954,1.3379,1.33794,1.00,2.23
2017.12.27 06:06:19.513,1.33789,1.33794,2.25,2.42
2017.12.27 06:06:19.565,1.33791,1.33795,1.00,1.25
2017.12.27 06:06:19.823,1.33788,1.33795,1.00,1.88
2017.12.27 06:06:19.977,1.3379,1.33795,1.00,1.38
2017.12.27 06:06:20.501,1.33789,1.33793,1.00,1.25
2017.12.27 06:06:21.194,1.3379,1.33793,1.00,1.00
2017.12.27 06:06:21.757,1.33788,1.33795,1.00,1.50
2017.12.27 06:06:21.809,1.3379,1.33795,1.00,1.13
2017.12.27 06:06:22.332,1.33789,1.33795,1.00,2.25
2017.12.27 06:06:22.643,1.33791,1.33795,1.00,1.44
2017.12.27 06:06:23.004,1.33789,1.33794,1.00,1.13
2017.12.27 06:06:23.733,1.33789,1.33795,1.00,1.00
2017.12.27 06:06:24.278,1.33789,1.33794,1.00,1.13
2017.12.27 06:06:24.795,1.33789,1.33795,1.00,1.13
2017.12.27 06:06:25.510,1.3379,1.33795,1.00,1.88
2017.12.27 06:06:26.183,1.33789,1.33795,1.00,1.13
2017.12.27 06:06:26.871,1.3379,1.33795,1.00,1.88
2017.12.27 06:06:27.504,1.33789,1.33795,1.00,1.13
2017.12.27 06:06:28.166,1.3379,1.33795,1.00,1.88
2017.12.27 06:06:29.741,1.3379,1.33795,1.00,1.25
2017.12.27 06:06:31.966,1.3379,1.33793,1.00,1.25
2017.12.27 06:06:32.500,1.33789,1.33794,1.00,1.13
2017.12.27 06:06:33.722,1.3379,1.33793,1.00,1.25
2017.12.27 06:06:34.624,1.33789,1.33794,1.00,1.25
2017.12.27 06:06:35.243,1.3379,1.33793,1.00,1.25
2017.12.27 06:06:35.806,1.33789,1.33794,1.00,1.25
2017.12.27 06:06:36.342,1.3379,1.33793,1.00,1.25
2017.12.27 06:06:36.845,1.33789,1.33794,1.00,1.25
2017.12.27 06:06:38.234,1.3379,1.33793,1.00,1.25
2017.12.27 06:06:41.323,1.33789,1.33794,1.00,1.25
2017.12.27 06:06:41.877,1.3379,1.33793,1.00,1.13
2017.12.27 06:06:42.392,1.33789,1.33794,1.00,1.25
2017.12.27 06:06:43.193,1.3379,1.33793,1.00,1.25
2017.12.27 06:06:43.714,1.33789,1.33794,1.00,1.25
2017.12.27 06:06:44.254,1.3379,1.33793,1.00,1.25
2017.12.27 06:06:44.726,1.33789,1.33795,1.00,1.00
2017.12.27 06:06:44.879,1.3379,1.33793,1.00,1.25
2017.12.27 06:06:44.982,1.33788,1.33794,1.00,1.25
2017.12.27 06:06:45.587,1.33789,1.33793,1.00,1.00
2017.12.27 06:06:46.284,1.33788,1.33794,1.00,1.25
2017.12.27 06:06:48.214,1.3379,1.33793,1.00,1.00
2017.12.27 06:06:49.015,1.33791,1.33792,1.00,1.00
2017.12.27 06:06:49.118,1.33788,1.33793,1.00,1.00
2017.12.27 06:06:50.936,1.33789,1.33792,1.00,1.00
2017.12.27 06:06:51.055,1.33791,1.33794,1.00,3.17
2017.12.27 06:06:51.158,1.33788,1.33793,1.00,1.49
2017.12.27 06:06:52.058,1.33789,1.33793,1.00,3.17
2017.12.27 06:06:52.590,1.33788,1.33793,1.00,1.50
2017.12.27 06:06:53.890,1.33788,1.33792,1.00,1.00
2017.12.27 06:06:54.464,1.33787,1.33793,1.10,1.50
2017.12.27 06:06:55.780,1.33788,1.33793,1.00,1.50
2017.12.27 06:06:56.332,1.33787,1.33793,1.00,1.50
2017.12.27 06:06:56.833,1.33786,1.33793,1.00,1.50
2017.12.27 06:06:57.274,1.33788,1.33792,1.00,1.50
2017.12.27 06:06:57.849,1.33787,1.33792,1.00,1.00
2017.12.27 06:07:02.350,1.33788,1.33792,1.00,1.50
2017.12.27 06:07:03.188,1.33787,1.33792,1.00,1.00
2017.12.27 06:07:03.728,1.33788,1.33792,1.00,1.50
2017.12.27 06:07:04.280,1.33787,1.33792,1.00,1.00
2017.12.27 06:07:05.118,1.33788,1.33792,1.00,1.50
2017.12.27 06:07:05.703,1.33787,1.33792,1.00,1.00
2017.12.27 06:07:08.151,1.33788,1.33792,1.00,1.50
2017.12.27 06:07:08.688,1.33787,1.33792,1.00,1.00
2017.12.27 06:07:10.047,1.33788,1.33792,1.00,1.50
2017.12.27 06:07:11.027,1.33787,1.33792,1.00,1.00
2017.12.27 06:07:11.573,1.33788,1.33792,1.00,1.50
2017.12.27 06:07:11.959,1.3379,1.33792,1.00,1.50
2017.12.27 06:07:12.090,1.33788,1.33792,1.00,1.00
2017.12.27 06:07:15.838,1.33789,1.33792,1.00,1.50
2017.12.27 06:07:16.356,1.33788,1.33792,1.00,1.00
2017.12.27 06:07:17.443,1.33789,1.33792,1.00,1.50
2017.12.27 06:07:19.817,1.33788,1.33792,1.00,1.00
2017.12.27 06:07:20.544,1.33789,1.33792,1.00,1.50
2017.12.27 06:07:21.527,1.33787,1.33792,1.00,1.50
2017.12.27 06:07:22.065,1.33788,1.33792,1.00,1.00
2017.12.27 06:07:25.563,1.33789,1.33792,1.00,1.50
2017.12.27 06:07:34.920,1.33788,1.33792,1.00,1.00
2017.12.27 06:07:35.448,1.33789,1.33792,1.00,1.50
2017.12.27 06:07:35.973,1.33788,1.33792,1.00,1.00
2017.12.27 06:07:37.665,1.33789,1.33792,1.00,1.50
2017.12.27 06:07:38.181,1.33788,1.33792,1.00,1.00
2017.12.27 06:07:42.213,1.33789,1.33792,1.00,1.50
2017.12.27 06:07:42.786,1.33788,1.33792,1.00,1.00
2017.12.27 06:07:44.028,1.33789,1.33792,1.00,1.50
2017.12.27 06:07:48.189,1.33788,1.33792,1.00,1.00
2017.12.27 06:07:53.381,1.33789,1.33792,1.00,1.50
2017.12.27 06:07:53.931,1.33786,1.33792,1.10,1.00
2017.12.27 06:07:57.126,1.33786,1.33793,1.01,1.00
2017.12.27 06:07:59.646,1.33788,1.33793,1.00,1.00
2017.12.27 06:08:03.721,1.33788,1.33794,1.00,1.50
2017.12.27 06:08:03.773,1.33786,1.33794,1.57,1.50
2017.12.27 06:08:03.826,1.33789,1.33794,1.00,1.00
2017.12.27 06:08:05.756,1.3379,1.33794,1.00,1.00
2017.12.27 06:08:06.435,1.33789,1.33794,1.00,1.00
2017.12.27 06:08:07.864,1.33788,1.33794,1.00,1.00
2017.12.27 06:08:11.018,1.33789,1.33794,1.00,1.00
2017.12.27 06:08:11.718,1.33789,1.33795,1.00,1.69
2017.12.27 06:08:15.548,1.33788,1.33795,1.25,1.00
2017.12.27 06:08:16.583,1.33789,1.33795,1.00,1.69
2017.12.27 06:08:17.520,1.33788,1.33795,1.25,1.12
2017.12.27 06:08:18.569,1.33789,1.33795,1.25,2.06
2017.12.27 06:08:21.629,1.33788,1.33795,1.25,1.12
2017.12.27 06:08:25.722,1.3379,1.33795,1.00,1.00
2017.12.27 06:08:26.377,1.33789,1.33795,1.00,1.00
2017.12.27 06:08:27.234,1.3379,1.33795,1.00,1.69
2017.12.27 06:08:27.970,1.33789,1.33795,1.00,1.00
2017.12.27 06:08:28.843,1.3379,1.33795,1.00,1.69
2017.12.27 06:08:29.388,1.33791,1.33795,1.00,1.69
2017.12.27 06:08:29.440,1.33789,1.33795,1.58,1.00
2017.12.27 06:08:30.057,1.3379,1.33795,1.00,1.50
2017.12.27 06:08:30.643,1.33789,1.33795,1.20,1.00
2017.12.27 06:08:33.554,1.3379,1.33795,1.00,1.00
2017.12.27 06:08:35.204,1.33791,1.33795,1.00,1.00
2017.12.27 06:08:35.602,1.33789,1.33795,1.00,1.00
2017.12.27 06:08:36.228,1.3379,1.33795,1.00,1.00
2017.12.27 06:08:37.737,1.33789,1.33795,1.00,1.00
2017.12.27 06:08:38.336,1.3379,1.33795,1.00,1.00
2017.12.27 06:08:39.264,1.33789,1.33795,1.20,1.00
2017.12.27 06:08:49.262,1.3379,1.33795,1.00,1.00
2017.12.27 06:08:49.773,1.33789,1.33795,1.20,1.00
2017.12.27 06:08:54.175,1.33789,1.33796,1.20,1.00
2017.12.27 06:08:58.613,1.3379,1.33796,1.00,1.69
2017.12.27 06:08:59.595,1.33789,1.33796,1.20,1.00
2017.12.27 06:09:09.882,1.3379,1.33796,1.00,1.69
2017.12.27 06:09:10.767,1.33789,1.33796,1.10,1.00
2017.12.27 06:09:16.777,1.33791,1.33796,1.00,1.00
2017.12.27 06:09:17.598,1.3379,1.33796,1.00,1.00
2017.12.27 06:09:19.058,1.33792,1.33793,1.00,1.00
2017.12.27 06:09:19.111,1.33788,1.33794,2.14,1.00
2017.12.27 06:09:24.050,1.3379,1.33793,1.00,1.00
2017.12.27 06:09:24.566,1.3379,1.33794,1.00,1.00
2017.12.27 06:09:25.012,1.33789,1.33796,1.00,1.00
2017.12.27 06:09:26.175,1.33791,1.33796,1.00,1.31
2017.12.27 06:09:26.692,1.3379,1.33796,1.00,1.12
2017.12.27 06:09:29.023,1.33791,1.33796,1.00,1.00
2017.12.27 06:09:29.281,1.33789,1.33796,1.00,1.00
2017.12.27 06:09:31.738,1.3379,1.33796,1.00,1.00
2017.12.27 06:09:32.506,1.33789,1.33796,1.00,1.00
2017.12.27 06:09:33.212,1.3379,1.33796,1.00,1.00
2017.12.27 06:09:34.521,1.33789,1.33796,1.00,1.00
2017.12.27 06:09:35.189,1.3379,1.33796,1.00,1.00
2017.12.27 06:09:37.776,1.33789,1.33796,1.00,1.00
2017.12.27 06:09:38.781,1.3379,1.33796,1.00,1.00
2017.12.27 06:09:39.527,1.33789,1.33796,1.00,1.00
2017.12.27 06:09:42.253,1.33789,1.33795,1.00,1.00
2017.12.27 06:09:43.016,1.33789,1.33796,1.00,1.12
2017.12.27 06:09:43.724,1.3379,1.33796,1.00,1.69
2017.12.27 06:09:44.237,1.33789,1.33796,1.00,1.00
2017.12.27 06:09:44.882,1.3379,1.33796,1.00,1.12
2017.12.27 06:09:53.277,1.33789,1.33796,1.00,1.25
2017.12.27 06:10:03.536,1.33788,1.33796,1.20,1.00
2017.12.27 06:10:03.588,1.3379,1.33797,1.00,1.00
2017.12.27 06:10:04.167,1.33791,1.33797,1.00,1.25
2017.12.27 06:10:05.409,1.3379,1.33797,1.00,1.00
2017.12.27 06:10:05.934,1.33791,1.33799,1.00,1.13
2017.12.27 06:10:06.982,1.33792,1.33798,1.00,1.13
2017.12.27 06:10:08.595,1.33791,1.33799,1.00,2.25
2017.12.27 06:10:08.802,1.33791,1.33797,1.00,1.00
2017.12.27 06:10:09.265,1.33791,1.33799,1.10,1.13
2017.12.27 06:10:14.984,1.33792,1.33798,1.00,1.25
2017.12.27 06:10:15.509,1.33791,1.33799,1.10,1.25
2017.12.27 06:10:16.052,1.33792,1.33799,1.00,1.31
2017.12.27 06:10:21.074,1.33792,1.33798,1.00,1.25
2017.12.27 06:10:21.634,1.33791,1.33799,1.50,1.13
2017.12.27 06:10:21.788,1.33792,1.33798,1.00,1.38
2017.12.27 06:10:21.840,1.33791,1.33799,1.57,1.44
2017.12.27 06:10:22.525,1.33792,1.33798,1.00,1.44
2017.12.27 06:10:22.577,1.33791,1.33799,1.57,1.25
2017.12.27 06:10:23.106,1.33791,1.33799,1.57,1.88
2017.12.27 06:10:27.451,1.33792,1.33799,1.50,1.63
2017.12.27 06:10:28.141,1.33792,1.33798,1.50,1.44
2017.12.27 06:10:31.486,1.33792,1.33799,1.00,1.31
2017.12.27 06:10:32.526,1.33792,1.33799,1.00,1.12
2017.12.27 06:10:33.033,1.33793,1.33798,1.00,1.13
2017.12.27 06:10:33.556,1.33793,1.33798,1.00,1.44
2017.12.27 06:10:34.086,1.33792,1.33799,1.50,1.31
2017.12.27 06:10:38.031,1.33792,1.33798,1.50,1.38
2017.12.27 06:10:38.709,1.33791,1.33799,1.57,2.06
2017.12.27 06:10:41.898,1.33792,1.33798,1.00,1.00
2017.12.27 06:10:42.473,1.33793,1.33798,1.00,1.25
2017.12.27 06:10:43.017,1.33792,1.33799,1.00,1.88
2017.12.27 06:10:43.560,1.33793,1.33798,1.00,1.13
2017.12.27 06:10:43.612,1.33793,1.33798,1.00,1.38
2017.12.27 06:10:43.716,1.33791,1.33797,1.00,1.31
2017.12.27 06:10:44.230,1.3379,1.33797,1.00,3.00
2017.12.27 06:10:47.649,1.33789,1.33797,1.00,2.06
2017.12.27 06:10:48.104,1.33787,1.33797,1.10,2.06
2017.12.27 06:10:48.260,1.33791,1.33792,1.00,1.00
2017.12.27 06:10:48.433,1.33788,1.33794,1.00,1.00
2017.12.27 06:10:48.944,1.33787,1.33795,1.10,1.69
2017.12.27 06:10:49.563,1.33789,1.33795,1.00,1.69
2017.12.27 06:10:53.454,1.3379,1.33794,1.00,1.25
2017.12.27 06:10:54.020,1.33789,1.33795,1.00,1.69
2017.12.27 06:10:55.396,1.3379,1.33794,1.00,1.25
2017.12.27 06:10:58.200,1.33789,1.33795,1.00,1.50
2017.12.27 06:10:58.748,1.3379,1.33794,1.00,1.25
2017.12.27 06:10:59.309,1.33789,1.33795,1.00,1.69
2017.12.27 06:11:00.624,1.3379,1.33794,1.00,1.25
2017.12.27 06:11:01.289,1.33789,1.33795,1.00,1.69
2017.12.27 06:11:07.818,1.3379,1.33794,1.00,1.25
2017.12.27 06:11:11.614,1.33789,1.33795,1.00,1.50
2017.12.27 06:11:12.466,1.3379,1.33794,1.00,1.00
2017.12.27 06:11:13.061,1.33789,1.33795,1.00,2.25
2017.12.27 06:11:13.585,1.3379,1.33794,1.00,1.00
2017.12.27 06:11:13.898,1.33788,1.33795,1.00,1.50
2017.12.27 06:11:14.422,1.33789,1.33795,1.00,2.25
2017.12.27 06:11:15.212,1.33788,1.33795,1.00,1.72
2017.12.27 06:11:18.107,1.33788,1.33795,1.00,1.87
2017.12.27 06:11:18.839,1.33789,1.33795,1.00,2.62
2017.12.27 06:11:20.545,1.33788,1.33795,1.00,1.87
2017.12.27 06:11:22.780,1.33789,1.33795,1.00,2.62
2017.12.27 06:11:23.707,1.33788,1.33794,1.00,1.00
2017.12.27 06:11:24.275,1.33789,1.33794,1.00,1.00
2017.12.27 06:11:26.371,1.33788,1.33794,1.00,1.00
2017.12.27 06:11:26.882,1.33789,1.33794,1.00,1.00
2017.12.27 06:11:29.660,1.33788,1.33794,1.00,1.00
2017.12.27 06:11:30.698,1.33789,1.33794,1.00,1.00
2017.12.27 06:11:31.304,1.33788,1.33794,1.00,1.00
2017.12.27 06:11:33.984,1.33789,1.33794,1.00,1.12
2017.12.27 06:11:37.321,1.33788,1.33794,1.00,1.12
2017.12.27 06:11:42.369,1.33789,1.33794,1.00,1.12
2017.12.27 06:11:42.897,1.33788,1.33794,1.00,1.12
2017.12.27 06:11:43.400,1.33789,1.33794,1.00,1.12
2017.12.27 06:11:44.030,1.33788,1.33794,1.00,1.12
2017.12.27 06:11:47.087,1.33789,1.33794,1.00,1.25
2017.12.27 06:11:48.215,1.33788,1.33794,1.00,1.00
2017.12.27 06:11:52.618,1.33788,1.33795,1.00,1.87
2017.12.27 06:11:53.733,1.33788,1.33794,1.00,1.00
2017.12.27 06:11:54.249,1.33788,1.33793,1.00,2.25
2017.12.27 06:11:54.529,1.33786,1.33793,1.10,2.25
2017.12.27 06:11:58.140,1.33787,1.33792,1.00,1.25
2017.12.27 06:11:58.659,1.33788,1.33792,1.00,1.13
2017.12.27 06:11:59.169,1.33787,1.33793,1.00,2.63
2017.12.27 06:12:00.900,1.33786,1.33793,1.10,2.44
2017.12.27 06:12:01.208,1.33789,1.33792,1.00,1.25
2017.12.27 06:12:01.737,1.33788,1.33793,1.00,2.63
2017.12.27 06:12:01.895,1.33786,1.33793,1.10,2.63
2017.12.27 06:12:02.453,1.33786,1.33793,1.10,3.00
2017.12.27 06:12:13.025,1.33787,1.33792,1.00,1.88
2017.12.27 06:12:13.584,1.33786,1.33792,1.00,1.25
2017.12.27 06:12:26.902,1.33784,1.33792,1.39,1.69
2017.12.27 06:12:27.064,1.33786,1.33792,1.00,1.00
2017.12.27 06:12:27.629,1.33787,1.33792,1.00,1.69
2017.12.27 06:12:28.412,1.33786,1.33792,1.00,1.00
2017.12.27 06:12:31.363,1.33786,1.33792,1.00,1.44
2017.12.27 06:12:31.892,1.33785,1.33792,1.00,1.88
2017.12.27 06:12:32.445,1.33786,1.33792,1.00,2.63
2017.12.27 06:12:33.046,1.33786,1.33792,1.00,2.44
2017.12.27 06:12:33.100,1.33784,1.33792,1.00,1.50
2017.12.27 06:12:33.646,1.33784,1.33792,1.00,1.88
2017.12.27 06:12:34.306,1.33785,1.33792,1.00,2.63
2017.12.27 06:12:35.078,1.33784,1.33792,1.00,1.69
2017.12.27 06:12:37.572,1.33785,1.33792,1.00,2.63
2017.12.27 06:12:38.305,1.33785,1.33792,4.50,2.44
2017.12.27 06:12:38.409,1.33787,1.33792,1.00,1.25
2017.12.27 06:12:39.230,1.33788,1.33792,1.00,1.00
2017.12.27 06:12:42.060,1.33788,1.33794,1.00,1.50
2017.12.27 06:12:42.268,1.33791,1.33794,1.00,1.69
2017.12.27 06:12:43.090,1.3379,1.33794,1.00,1.87
2017.12.27 06:12:44.138,1.33789,1.33794,1.00,1.50
2017.12.27 06:12:44.651,1.33788,1.33794,1.00,1.12
2017.12.27 06:12:45.551,1.33789,1.33794,1.00,1.00
2017.12.27 06:12:45.863,1.33791,1.33794,1.00,1.00
2017.12.27 06:12:46.400,1.3379,1.33794,1.00,1.00
2017.12.27 06:12:51.520,1.33791,1.33794,1.00,1.00
2017.12.27 06:12:52.023,1.3379,1.33794,1.00,1.00
2017.12.27 06:12:52.383,1.33786,1.33794,5.70,1.00
2017.12.27 06:12:52.587,1.3379,1.33794,1.00,1.00
2017.12.27 06:12:54.547,1.33791,1.33794,1.00,1.00
2017.12.27 06:12:55.075,1.3379,1.33794,1.00,1.00
2017.12.27 06:12:55.585,1.33791,1.33794,1.00,1.00
2017.12.27 06:12:58.658,1.3379,1.33794,1.00,1.00
2017.12.27 06:13:01.903,1.33791,1.33794,1.00,1.00
2017.12.27 06:13:02.407,1.3379,1.33794,1.00,1.00
2017.12.27 06:13:07.068,1.33791,1.33794,1.00,1.00
2017.12.27 06:13:07.803,1.3379,1.33794,1.00,1.00
2017.12.27 06:13:08.661,1.33791,1.33794,1.00,1.00
2017.12.27 06:13:09.227,1.3379,1.33794,1.00,1.00
2017.12.27 06:13:09.278,1.33787,1.33794,2.14,1.00
2017.12.27 06:13:09.433,1.3379,1.33794,1.00,1.00
2017.12.27 06:13:10.495,1.33791,1.33794,1.00,1.00
2017.12.27 06:13:11.107,1.3379,1.33794,1.00,1.00
2017.12.27 06:13:11.868,1.33791,1.33794,1.00,1.00
2017.12.27 06:13:12.396,1.3379,1.33794,1.00,1.00
2017.12.27 06:13:15.309,1.33791,1.33794,1.00,1.00
2017.12.27 06:13:15.518,1.33789,1.33794,1.00,1.00
2017.12.27 06:13:16.347,1.3379,1.33794,1.00,1.00
2017.12.27 06:13:16.922,1.33791,1.33794,1.00,1.00
2017.12.27 06:13:22.915,1.3379,1.33794,1.00,1.00
2017.12.27 06:13:24.514,1.33791,1.33794,1.00,1.00
2017.12.27 06:13:25.052,1.3379,1.33794,1.00,1.00
2017.12.27 06:13:27.936,1.33791,1.33794,1.00,1.00
2017.12.27 06:13:28.458,1.3379,1.33794,1.00,1.00
2017.12.27 06:13:29.592,1.33787,1.33794,2.70,1.00
2017.12.27 06:13:29.950,1.33791,1.33794,1.00,1.00
2017.12.27 06:13:30.469,1.3379,1.33794,1.00,1.00
2017.12.27 06:13:34.719,1.33791,1.33794,1.00,1.00
2017.12.27 06:13:35.328,1.3379,1.33794,1.00,1.00
2017.12.27 06:13:36.808,1.33791,1.33794,1.00,1.00
2017.12.27 06:13:37.983,1.3379,1.33794,1.00,1.00
2017.12.27 06:13:38.603,1.33791,1.33794,1.00,1.00
2017.12.27 06:13:39.108,1.3379,1.33794,1.00,1.00
2017.12.27 06:13:39.975,1.33791,1.33794,1.00,1.00
2017.12.27 06:13:40.525,1.3379,1.33794,1.00,1.00
2017.12.27 06:13:41.800,1.33791,1.33794,1.00,1.00
2017.12.27 06:13:42.053,1.33791,1.33796,1.00,1.50
2017.12.27 06:13:43.061,1.3379,1.33796,1.00,1.00
2017.12.27 06:13:43.786,1.33791,1.33796,1.00,1.50
2017.12.27 06:13:44.318,1.3379,1.33796,1.00,1.00
2017.12.27 06:13:44.862,1.33791,1.33796,1.00,1.50
2017.12.27 06:13:45.483,1.3379,1.33796,1.00,1.00
2017.12.27 06:13:46.436,1.33791,1.33796,1.00,1.50
2017.12.27 06:13:46.947,1.3379,1.33796,1.00,1.00
2017.12.27 06:13:47.864,1.33791,1.33796,1.00,1.50
2017.12.27 06:13:48.411,1.3379,1.33796,1.00,1.00
2017.12.27 06:13:48.933,1.33791,1.33796,1.00,1.50
2017.12.27 06:13:49.443,1.3379,1.33796,1.00,1.00
2017.12.27 06:13:52.174,1.3379,1.33796,1.00,1.37
2017.12.27 06:13:53.110,1.3379,1.33796,1.00,1.12
2017.12.27 06:13:56.000,1.33791,1.33796,1.00,2.62
2017.12.27 06:13:56.558,1.3379,1.33796,1.00,1.12
2017.12.27 06:14:00.567,1.33791,1.33796,1.00,2.62
2017.12.27 06:14:01.176,1.3379,1.33796,1.00,1.12
2017.12.27 06:14:11.957,1.33791,1.33796,1.00,1.50
2017.12.27 06:14:12.470,1.3379,1.33796,1.00,1.00
2017.12.27 06:14:14.241,1.33791,1.33796,1.00,1.50
2017.12.27 06:14:14.775,1.3379,1.33796,1.00,1.00
2017.12.27 06:14:15.282,1.33791,1.33796,1.00,1.00
2017.12.27 06:14:15.827,1.3379,1.33796,1.00,1.00
2017.12.27 06:14:18.126,1.33791,1.33796,1.00,1.69
2017.12.27 06:14:24.135,1.33789,1.33796,1.00,1.00
2017.12.27 06:14:24.954,1.3379,1.33796,1.00,1.69
2017.12.27 06:14:26.133,1.33789,1.33796,1.00,1.00
2017.12.27 06:14:30.427,1.3379,1.33796,1.00,1.69
2017.12.27 06:14:33.378,1.33789,1.33796,1.00,1.00
2017.12.27 06:14:33.884,1.3379,1.33796,1.00,1.69
2017.12.27 06:14:36.330,1.33789,1.33796,1.00,1.00
2017.12.27 06:14:40.048,1.3379,1.33796,1.00,1.50
2017.12.27 06:14:40.605,1.33789,1.33796,1.25,1.00
2017.12.27 06:14:44.940,1.3379,1.33796,1.00,1.69
2017.12.27 06:14:45.529,1.33789,1.33796,1.25,1.00
2017.12.27 06:14:46.843,1.3379,1.33796,1.00,1.69
2017.12.27 06:14:51.151,1.33791,1.33796,1.00,1.69
2017.12.27 06:14:51.710,1.3379,1.33796,1.00,1.69
2017.12.27 06:14:56.383,1.33789,1.33796,1.00,1.00
2017.12.27 06:14:56.589,1.33791,1.33797,1.00,1.25
2017.12.27 06:14:57.329,1.33792,1.33796,1.00,1.00
2017.12.27 06:14:58.188,1.33791,1.33796,1.00,1.00
2017.12.27 06:14:58.584,1.33793,1.33796,1.00,1.00
2017.12.27 06:15:02.063,1.33794,1.33796,1.00,1.50
2017.12.27 06:15:02.575,1.33793,1.33796,1.00,1.00
2017.12.27 06:15:02.731,1.33791,1.33796,1.00,1.00
2017.12.27 06:15:03.234,1.33792,1.33796,1.00,1.69
2017.12.27 06:15:03.465,1.3379,1.33796,1.00,1.50
2017.12.27 06:15:04.013,1.33791,1.33796,1.00,2.25
2017.12.27 06:15:04.557,1.3379,1.33796,1.00,1.50
2017.12.27 06:15:07.813,1.33791,1.33796,1.00,2.44
2017.12.27 06:15:08.571,1.3379,1.33796,1.00,1.50
2017.12.27 06:15:14.525,1.3379,1.33795,1.00,1.31
2017.12.27 06:15:15.073,1.33791,1.33794,1.00,1.25
2017.12.27 06:15:27.432,1.3379,1.33795,1.00,1.69
2017.12.27 06:15:29.001,1.33791,1.33794,1.00,1.00
2017.12.27 06:15:30.444,1.3379,1.33795,1.00,1.00
2017.12.27 06:15:33.807,1.33791,1.33794,1.00,1.00
2017.12.27 06:15:34.367,1.3379,1.33795,1.00,1.00
2017.12.27 06:15:34.882,1.3379,1.33796,1.00,3.07
2017.12.27 06:15:35.244,1.33788,1.33796,1.00,3.07
2017.12.27 06:15:35.792,1.33789,1.33795,1.00,1.00
2017.12.27 06:15:36.473,1.33788,1.33796,1.00,3.07
2017.12.27 06:15:37.146,1.33789,1.33795,1.00,1.00
2017.12.27 06:15:39.818,1.33788,1.33796,1.00,3.07
2017.12.27 06:15:40.562,1.33789,1.33795,1.00,1.00
2017.12.27 06:15:41.083,1.33788,1.33796,1.00,3.07
2017.12.27 06:15:42.677,1.3379,1.33796,1.00,1.20
2017.12.27 06:15:43.191,1.33791,1.33796,1.00,1.50
2017.12.27 06:15:45.044,1.3379,1.33796,1.00,1.00
2017.12.27 06:15:45.606,1.33791,1.33796,1.00,1.50
2017.12.27 06:15:46.145,1.3379,1.33796,1.00,1.00
2017.12.27 06:15:48.301,1.33791,1.33796,1.00,1.50
2017.12.27 06:15:48.967,1.3379,1.33796,1.00,1.00
2017.12.27 06:15:50.063,1.33791,1.33796,1.00,1.57
2017.12.27 06:15:50.617,1.3379,1.33796,1.00,1.10
2017.12.27 06:15:52.851,1.33789,1.33795,1.00,1.00
2017.12.27 06:15:53.402,1.3379,1.33795,1.00,1.00
2017.12.27 06:15:55.040,1.33789,1.33795,1.00,1.20
2017.12.27 06:16:02.974,1.33789,1.33796,1.00,1.95
2017.12.27 06:16:04.015,1.3379,1.33796,1.00,3.56
2017.12.27 06:16:04.277,1.33787,1.33795,1.00,1.25
2017.12.27 06:16:04.381,1.33789,1.33794,1.00,1.25
2017.12.27 06:16:04.894,1.33788,1.33795,1.00,1.95
2017.12.27 06:16:05.439,1.33789,1.33794,1.00,1.25
2017.12.27 06:16:06.039,1.33788,1.33795,1.00,2.14
2017.12.27 06:16:07.738,1.33792,1.33795,1.00,1.12
2017.12.27 06:16:08.265,1.33792,1.33794,1.00,1.00
2017.12.27 06:16:08.809,1.33792,1.33795,1.00,1.00
2017.12.27 06:16:09.354,1.33792,1.33794,1.00,1.00
2017.12.27 06:16:09.571,1.3379,1.33795,1.00,1.00
2017.12.27 06:16:10.067,1.33793,1.33794,1.00,1.00
2017.12.27 06:16:10.604,1.33792,1.33795,1.00,1.00
2017.12.27 06:16:10.874,1.3379,1.33795,1.00,1.00
2017.12.27 06:16:13.502,1.33791,1.33795,1.00,1.00
2017.12.27 06:16:13.964,1.33794,1.33798,1.00,1.63
2017.12.27 06:16:14.016,1.33793,1.33799,1.00,1.25
2017.12.27 06:16:14.517,1.33794,1.33798,1.00,1.25
2017.12.27 06:16:14.994,1.33794,1.33796,1.00,1.00
2017.12.27 06:16:15.099,1.33791,1.33797,1.00,1.50
2017.12.27 06:16:15.719,1.33792,1.33796,1.00,1.00
2017.12.27 06:16:16.244,1.33791,1.33796,1.00,1.00
2017.12.27 06:16:23.091,1.33792,1.33796,1.00,1.00
2017.12.27 06:16:24.089,1.33791,1.33796,1.50,1.00
2017.12.27 06:16:24.685,1.33792,1.33796,1.00,1.69
2017.12.27 06:16:25.344,1.33791,1.33796,1.50,1.00
2017.12.27 06:16:26.852,1.33793,1.33796,1.00,1.50
2017.12.27 06:16:27.433,1.33792,1.33796,1.00,1.00
2017.12.27 06:16:28.177,1.33793,1.33796,1.00,1.50
2017.12.27 06:16:28.723,1.33792,1.33796,1.00,1.00
2017.12.27 06:16:32.274,1.33793,1.33796,1.00,1.50
2017.12.27 06:16:32.993,1.33792,1.33796,1.00,1.00
2017.12.27 06:16:34.051,1.33793,1.33796,1.00,1.50
2017.12.27 06:16:34.586,1.33792,1.33796,1.00,1.00
2017.12.27 06:16:37.428,1.33793,1.33796,1.00,1.50
2017.12.27 06:16:38.068,1.33792,1.33796,1.00,1.00
2017.12.27 06:16:38.611,1.33793,1.33796,1.00,1.50
2017.12.27 06:16:39.193,1.33792,1.33796,1.00,1.00
2017.12.27 06:16:39.729,1.33793,1.33796,1.00,1.50
2017.12.27 06:16:40.300,1.33792,1.33796,1.00,1.00
2017.12.27 06:16:46.902,1.33793,1.33796,1.00,1.50
2017.12.27 06:16:47.660,1.33792,1.33796,1.00,1.00
2017.12.27 06:16:48.339,1.33793,1.33796,1.00,1.50
2017.12.27 06:16:52.228,1.33792,1.33796,1.00,1.00
2017.12.27 06:16:52.331,1.3379,1.33796,1.50,1.00
2017.12.27 06:16:52.382,1.33792,1.33796,1.00,1.00
2017.12.27 06:16:53.033,1.33793,1.33796,1.00,1.50
2017.12.27 06:16:56.408,1.33792,1.33796,1.00,1.00
2017.12.27 06:16:56.745,1.33794,1.33796,1.00,1.00
2017.12.27 06:16:57.401,1.33793,1.33796,1.00,1.00
2017.12.27 06:16:57.950,1.33794,1.33796,1.00,1.50
2017.12.27 06:16:59.446,1.33793,1.33797,1.00,1.00
2017.12.27 06:16:59.964,1.33793,1.33796,1.00,1.00
2017.12.27 06:17:00.487,1.33792,1.33797,1.00,1.00
2017.12.27 06:17:02.390,1.33796,1.338,1.00,1.00
2017.12.27 06:17:02.933,1.33795,1.338,1.00,1.00
2017.12.27 06:17:03.507,1.33796,1.338,1.00,1.00
2017.12.27 06:17:04.465,1.33797,1.338,1.00,1.00
2017.12.27 06:17:05.047,1.33796,1.338,1.00,1.00
2017.12.27 06:17:05.562,1.33797,1.338,1.00,1.00
2017.12.27 06:17:06.096,1.33796,1.338,1.00,1.00
2017.12.27 06:17:07.579,1.33797,1.338,1.00,1.00
2017.12.27 06:17:08.758,1.33796,1.338,1.00,1.00
2017.12.27 06:17:09.494,1.33795,1.338,1.00,1.00
2017.12.27 06:17:10.067,1.33796,1.338,1.00,1.00
2017.12.27 06:17:10.655,1.33795,1.338,1.00,1.00
2017.12.27 06:17:11.209,1.33796,1.338,1.00,1.00
2017.12.27 06:17:12.370,1.33795,1.338,1.00,1.00
2017.12.27 06:17:13.721,1.33796,1.338,1.00,1.00
2017.12.27 06:17:14.251,1.33797,1.338,1.00,1.00
2017.12.27 06:17:14.829,1.33796,1.338,1.00,1.00
2017.12.27 06:17:21.629,1.33798,1.338,1.13,1.00
2017.12.27 06:17:21.939,1.33796,1.33801,2.25,1.00
2017.12.27 06:17:22.407,1.33796,1.33801,1.00,1.63
2017.12.27 06:17:22.720,1.33797,1.33801,1.00,1.13
2017.12.27 06:17:23.207,1.33795,1.33801,1.00,1.00
2017.12.27 06:17:23.259,1.33798,1.33801,1.00,1.00
2017.12.27 06:17:23.794,1.33797,1.33801,1.00,1.00
2017.12.27 06:17:24.798,1.33798,1.33801,1.00,1.13
2017.12.27 06:17:25.335,1.33797,1.33801,1.00,1.00
2017.12.27 06:17:25.880,1.33798,1.33801,1.00,1.13
2017.12.27 06:17:26.423,1.33797,1.33801,1.00,1.00
2017.12.27 06:17:27.696,1.33798,1.33801,1.00,1.38
2017.12.27 06:17:28.237,1.33797,1.33801,1.00,1.13
2017.12.27 06:17:29.371,1.33795,1.33801,1.50,1.00
2017.12.27 06:17:29.889,1.33795,1.33801,1.00,1.38
2017.12.27 06:17:30.399,1.33796,1.33801,1.00,1.38
2017.12.27 06:17:30.908,1.33795,1.33801,1.00,1.38
2017.12.27 06:17:31.436,1.33796,1.33801,1.00,1.38
2017.12.27 06:17:31.987,1.33796,1.33801,1.00,1.00
2017.12.27 06:17:35.355,1.33797,1.33801,1.00,1.44
2017.12.27 06:17:36.116,1.33796,1.33801,1.00,1.25
2017.12.27 06:17:36.620,1.33797,1.33801,1.00,1.44
2017.12.27 06:17:40.835,1.33796,1.33801,1.00,1.25
2017.12.27 06:17:41.662,1.33797,1.33801,1.00,1.44
2017.12.27 06:17:42.268,1.33796,1.33801,1.00,1.25
2017.12.27 06:17:43.965,1.33797,1.33801,1.00,1.13
2017.12.27 06:17:48.736,1.33796,1.33801,1.00,1.00
2017.12.27 06:17:50.084,1.33797,1.33801,1.00,1.13
2017.12.27 06:17:50.604,1.33796,1.33801,1.00,1.00
2017.12.27 06:17:51.172,1.33797,1.33801,1.00,1.13
2017.12.27 06:17:51.883,1.33796,1.33801,1.00,1.00
2017.12.27 06:17:52.948,1.33797,1.33801,1.00,1.13
2017.12.27 06:17:54.093,1.33796,1.33801,1.00,1.00
2017.12.27 06:17:59.955,1.33796,1.33801,1.00,1.44
2017.12.27 06:18:00.471,1.33796,1.33801,1.00,1.81
2017.12.27 06:18:02.015,1.33795,1.33801,1.00,1.31
2017.12.27 06:18:03.232,1.33796,1.33801,1.00,1.31
2017.12.27 06:18:07.047,1.33796,1.33801,1.00,1.25
2017.12.27 06:18:09.796,1.33797,1.33801,1.00,1.50
2017.12.27 06:18:11.047,1.33796,1.33801,1.00,1.00
2017.12.27 06:18:13.805,1.33796,1.33801,1.00,1.38
2017.12.27 06:18:14.364,1.33797,1.33801,1.00,1.81
2017.12.27 06:18:16.996,1.33796,1.33801,1.00,1.31
2017.12.27 06:18:17.514,1.33795,1.33801,1.00,1.31
2017.12.27 06:18:17.721,1.33797,1.33801,1.00,1.81
2017.12.27 06:18:18.235,1.33796,1.33801,1.00,1.31
2017.12.27 06:18:18.852,1.33795,1.33801,1.00,1.81
2017.12.27 06:18:19.015,1.33794,1.33801,1.10,1.13
2017.12.27 06:18:19.214,1.33798,1.33801,1.00,1.25
2017.12.27 06:18:19.318,1.33795,1.33801,1.00,1.00
2017.12.27 06:18:19.835,1.33796,1.33801,1.00,1.25
2017.12.27 06:18:20.355,1.33795,1.33801,1.00,1.00
2017.12.27 06:18:20.961,1.33796,1.33801,1.00,1.25
2017.12.27 06:18:21.662,1.33795,1.33801,1.00,1.00
2017.12.27 06:18:22.310,1.33795,1.33803,1.00,1.76
2017.12.27 06:18:22.822,1.33795,1.33803,1.00,1.95
2017.12.27 06:18:23.382,1.33796,1.33803,1.00,2.70
2017.12.27 06:18:23.626,1.33795,1.33803,1.00,1.26
2017.12.27 06:18:24.127,1.33795,1.33803,1.00,1.45
2017.12.27 06:18:24.658,1.33795,1.33803,1.00,1.95
2017.12.27 06:18:26.004,1.33796,1.33803,1.00,2.78
2017.12.27 06:18:26.542,1.33795,1.33803,1.00,2.18
2017.12.27 06:18:27.383,1.33797,1.33802,1.00,2.74
2017.12.27 06:18:27.922,1.33796,1.33802,1.00,1.01
2017.12.27 06:18:28.472,1.33796,1.33802,1.00,1.58
2017.12.27 06:18:29.673,1.33797,1.33801,1.00,1.10
2017.12.27 06:18:29.940,1.33794,1.33801,1.00,1.00
2017.12.27 06:18:30.044,1.33798,1.33801,1.00,1.00
2017.12.27 06:18:34.193,1.33797,1.33803,1.00,3.23
2017.12.27 06:18:35.046,1.33796,1.33803,1.00,2.66
2017.12.27 06:18:35.611,1.33795,1.33802,1.00,3.19
2017.12.27 06:18:39.294,1.33797,1.338,1.00,1.00
2017.12.27 06:18:39.902,1.33796,1.33802,1.00,1.13
2017.12.27 06:18:40.403,1.33795,1.33803,1.00,2.66
2017.12.27 06:18:43.724,1.33796,1.33802,1.00,1.50
2017.12.27 06:18:44.574,1.33794,1.33802,1.57,1.69
2017.12.27 06:18:44.783,1.33796,1.33802,1.00,1.25
2017.12.27 06:18:48.201,1.33796,1.33803,1.00,3.60
2017.12.27 06:18:48.755,1.33796,1.33803,1.00,2.85
2017.12.27 06:18:49.603,1.33794,1.33803,1.00,2.85
2017.12.27 06:18:50.780,1.33795,1.33802,1.00,2.06
2017.12.27 06:18:50.832,1.33792,1.33802,4.39,1.12
2017.12.27 06:18:50.884,1.33794,1.33802,1.10,1.88
2017.12.27 06:18:51.985,1.33795,1.33802,1.00,2.25
2017.12.27 06:18:52.837,1.33794,1.33802,1.00,2.25
2017.12.27 06:18:53.903,1.33795,1.33802,1.00,2.25
2017.12.27 06:18:54.128,1.33792,1.33802,4.39,1.50
2017.12.27 06:18:54.506,1.33794,1.33802,1.00,2.06
2017.12.27 06:18:55.037,1.33795,1.33802,1.00,1.69
2017.12.27 06:18:56.584,1.33796,1.33802,1.00,1.69
2017.12.27 06:18:58.626,1.33796,1.33803,1.00,1.91
2017.12.27 06:18:58.985,1.33796,1.33803,1.00,1.97
2017.12.27 06:18:59.506,1.33795,1.33803,1.00,1.78
2017.12.27 06:19:01.022,1.33795,1.33803,1.00,1.13
2017.12.27 06:19:01.664,1.33796,1.33804,1.00,3.54
2017.12.27 06:19:03.658,1.33797,1.33803,1.00,1.13
2017.12.27 06:19:04.302,1.33796,1.33802,1.00,1.13
2017.12.27 06:19:07.048,1.33796,1.33802,1.00,1.00
2017.12.27 06:19:07.100,1.33794,1.33802,1.57,1.00
2017.12.27 06:19:07.606,1.33795,1.33802,1.00,1.63
2017.12.27 06:19:08.156,1.33796,1.33802,1.00,1.38
2017.12.27 06:19:10.125,1.33797,1.33802,1.00,2.06
2017.12.27 06:19:11.839,1.33796,1.33802,1.00,1.38
2017.12.27 06:19:12.650,1.33795,1.33802,1.00,1.50
2017.12.27 06:19:19.001,1.33795,1.33802,1.00,1.88
2017.12.27 06:19:19.504,1.33797,1.33802,1.00,1.88
2017.12.27 06:19:20.090,1.33796,1.33803,1.00,3.00
2017.12.27 06:19:20.610,1.33795,1.33803,1.50,2.06
2017.12.27 06:19:20.936,1.33797,1.33802,1.00,1.75
2017.12.27 06:19:21.486,1.33796,1.33803,1.00,2.15
2017.12.27 06:19:22.242,1.33797,1.33801,1.00,1.19
2017.12.27 06:19:22.345,1.33795,1.33801,1.00,1.19
2017.12.27 06:19:23.380,1.33794,1.33801,1.00,1.19
2017.12.27 06:19:25.305,1.33796,1.33801,1.00,1.19
2017.12.27 06:19:27.246,1.33796,1.33801,1.00,1.13
2017.12.27 06:19:28.289,1.33795,1.33802,1.00,1.50
2017.12.27 06:19:32.758,1.33796,1.33801,1.00,1.13
2017.12.27 06:19:32.860,1.33794,1.33802,1.00,1.81
2017.12.27 06:19:33.323,1.33796,1.33802,1.00,1.13
2017.12.27 06:19:33.839,1.33797,1.33801,1.00,1.44
2017.12.27 06:19:34.342,1.33796,1.33802,1.00,1.13
2017.12.27 06:19:35.986,1.33797,1.33803,1.00,1.13
2017.12.27 06:19:36.294,1.33795,1.33802,1.00,1.13
2017.12.27 06:19:36.448,1.33796,1.33801,1.00,1.13
2017.12.27 06:19:36.808,1.33798,1.33802,1.00,1.75
2017.12.27 06:19:38.330,1.33795,1.33802,1.00,1.50
2017.12.27 06:19:39.943,1.33795,1.33802,1.00,1.75
2017.12.27 06:19:40.474,1.33795,1.33802,1.00,1.81
2017.12.27 06:19:41.054,1.33795,1.33802,1.00,1.50
2017.12.27 06:19:41.419,1.33794,1.33802,1.00,1.75
2017.12.27 06:19:41.962,1.33794,1.33802,1.10,1.13
2017.12.27 06:19:42.883,1.33794,1.33802,1.50,1.13
2017.12.27 06:19:42.935,1.33794,1.33803,1.00,2.10
2017.12.27 06:19:43.599,1.33794,1.33803,1.00,2.06
2017.12.27 06:19:44.119,1.33794,1.33802,1.50,1.50
2017.12.27 06:19:44.222,1.33794,1.33803,1.00,2.47
2017.12.27 06:19:44.748,1.33794,1.33803,1.00,2.44
2017.12.27 06:19:45.664,1.33794,1.33802,1.00,2.14
2017.12.27 06:19:46.189,1.33793,1.33803,1.57,3.19
2017.12.27 06:19:51.125,1.33793,1.33803,1.57,3.22
2017.12.27 06:19:51.633,1.33794,1.33802,1.00,1.54
2017.12.27 06:19:51.685,1.33793,1.33803,1.57,3.19
2017.12.27 06:19:53.713,1.33794,1.33802,1.00,1.68
2017.12.27 06:19:54.130,1.33793,1.33803,2.70,1.91
2017.12.27 06:19:54.861,1.33794,1.33802,1.00,1.38
2017.12.27 06:19:55.383,1.33794,1.33803,1.00,2.90
2017.12.27 06:19:56.177,1.33794,1.33802,1.00,1.38
2017.12.27 06:19:56.838,1.33793,1.33803,3.45,3.28
2017.12.27 06:19:57.588,1.33794,1.33803,1.00,2.53
2017.12.27 06:19:58.094,1.33793,1.33803,3.64,1.69
2017.12.27 06:19:58.443,1.33793,1.33803,3.45,1.50
2017.12.27 06:19:58.951,1.33794,1.33803,1.00,2.29
2017.12.27 06:19:59.483,1.33794,1.33802,1.00,1.54
2017.12.27 06:20:00.425,1.33793,1.33803,1.57,2.85
2017.12.27 06:20:00.926,1.33794,1.33802,1.00,1.24
2017.12.27 06:20:00.977,1.33793,1.33803,1.50,2.89
2017.12.27 06:20:02.107,1.33794,1.33802,1.00,1.58
2017.12.27 06:20:02.276,1.33793,1.33803,2.25,3.39
2017.12.27 06:20:02.784,1.33794,1.33802,1.00,1.61
2017.12.27 06:20:03.428,1.33794,1.33802,1.00,1.80
2017.12.27 06:20:04.577,1.33793,1.33803,2.25,3.39
2017.12.27 06:20:05.126,1.33793,1.33803,2.25,3.39
2017.12.27 06:20:05.794,1.33793,1.33803,2.25,3.58
2017.12.27 06:20:09.109,1.33794,1.33802,1.00,1.95
2017.12.27 06:20:09.762,1.33793,1.33802,1.00,1.45
2017.12.27 06:20:13.719,1.33793,1.33803,1.00,2.70
2017.12.27 06:20:14.352,1.33793,1.33803,1.00,3.64
2017.12.27 06:20:14.434,1.33793,1.33803,1.00,3.45
2017.12.27 06:20:14.942,1.33793,1.33803,1.00,3.64
2017.12.27 06:20:21.378,1.33794,1.33802,1.00,1.01
2017.12.27 06:20:21.909,1.33793,1.33803,1.50,2.98
2017.12.27 06:20:22.037,1.33794,1.33802,1.00,1.48
2017.12.27 06:20:22.589,1.33793,1.33803,1.50,2.98
2017.12.27 06:20:23.350,1.33794,1.33802,1.00,1.48
2017.12.27 06:20:23.901,1.33793,1.33803,1.50,2.60
2017.12.27 06:20:24.275,1.33793,1.33803,1.00,2.41
2017.12.27 06:20:24.734,1.33794,1.33802,1.00,1.58
2017.12.27 06:20:25.351,1.33793,1.33803,1.00,2.98
2017.12.27 06:20:25.609,1.33793,1.338,1.00,1.50
2017.12.27 06:20:25.661,1.33793,1.338,1.00,1.88
2017.12.27 06:20:25.713,1.33794,1.338,1.00,3.38
2017.12.27 06:20:25.869,1.33793,1.338,1.00,2.63
2017.12.27 06:20:26.107,1.33794,1.338,1.00,2.63
2017.12.27 06:20:26.636,1.33793,1.33799,1.50,1.38
2017.12.27 06:20:27.236,1.33793,1.33799,1.50,1.00
2017.12.27 06:20:27.288,1.33793,1.33799,1.50,1.38
2017.12.27 06:20:27.699,1.33793,1.33801,1.50,1.20
2017.12.27 06:20:28.316,1.33794,1.33801,1.00,1.48
2017.12.27 06:20:28.824,1.33793,1.33801,1.50,1.44
2017.12.27 06:20:29.634,1.33794,1.33801,1.00,1.38
2017.12.27 06:20:33.223,1.33793,1.33801,1.50,1.38
2017.12.27 06:20:33.758,1.33794,1.33801,1.00,1.25
2017.12.27 06:20:34.288,1.33793,1.33802,1.50,1.20
2017.12.27 06:20:39.792,1.33793,1.33802,1.50,1.48
2017.12.27 06:20:40.383,1.33794,1.33802,1.00,1.48
2017.12.27 06:20:41.402,1.33794,1.33802,1.00,1.45
2017.12.27 06:20:43.932,1.33793,1.33802,2.25,1.45
2017.12.27 06:20:47.066,1.33794,1.33802,1.00,1.95
2017.12.27 06:20:47.614,1.33793,1.33802,1.50,1.48
2017.12.27 06:20:49.722,1.33794,1.33802,1.00,1.99
2017.12.27 06:20:50.428,1.33793,1.33802,1.50,1.45
2017.12.27 06:20:51.088,1.33794,1.33802,1.00,1.99
2017.12.27 06:20:51.993,1.33793,1.33802,1.50,1.48
2017.12.27 06:20:52.534,1.33794,1.33802,1.00,2.74
2017.12.27 06:20:53.080,1.33793,1.33802,1.50,1.48
2017.12.27 06:20:53.664,1.33794,1.33802,1.00,2.36
2017.12.27 06:20:54.167,1.33794,1.33802,1.00,1.99
2017.12.27 06:20:56.367,1.33793,1.33802,1.00,1.48
2017.12.27 06:21:00.099,1.33794,1.33802,1.00,2.89
2017.12.27 06:21:01.239,1.33793,1.33802,1.50,1.39
2017.12.27 06:21:01.826,1.33793,1.33802,1.50,1.58
2017.12.27 06:21:02.373,1.33794,1.33802,1.00,2.89
2017.12.27 06:21:06.506,1.33793,1.33802,1.50,1.58
2017.12.27 06:21:07.041,1.33794,1.33802,1.00,2.89
2017.12.27 06:21:13.793,1.33794,1.33799,1.00,1.00
2017.12.27 06:21:14.318,1.33794,1.33799,1.00,1.44
2017.12.27 06:21:16.397,1.33793,1.33799,1.50,1.25
2017.12.27 06:21:16.907,1.33794,1.33799,1.00,1.13
2017.12.27 06:21:17.131,1.33794,1.33799,1.00,1.81
2017.12.27 06:21:17.337,1.33794,1.33799,1.00,1.00
2017.12.27 06:21:17.845,1.33793,1.33799,1.50,1.13
2017.12.27 06:21:18.610,1.33794,1.33799,1.00,1.44
2017.12.27 06:21:22.244,1.33793,1.33799,1.00,1.13
2017.12.27 06:21:28.136,1.33794,1.33799,1.00,1.44
2017.12.27 06:21:28.953,1.33793,1.33799,1.00,1.25
2017.12.27 06:21:41.888,1.33794,1.33799,1.00,1.00
2017.12.27 06:21:42.390,1.33793,1.33799,1.00,1.00
2017.12.27 06:21:44.639,1.33793,1.338,1.00,1.13
2017.12.27 06:21:44.916,1.33793,1.338,1.00,1.38
2017.12.27 06:21:49.122,1.33794,1.338,1.00,1.50
2017.12.27 06:21:49.647,1.33793,1.338,1.00,1.38
2017.12.27 06:21:50.191,1.33793,1.338,1.00,1.25
2017.12.27 06:21:50.933,1.33794,1.338,1.00,1.50
2017.12.27 06:21:54.008,1.33793,1.338,1.00,1.00
2017.12.27 06:21:54.515,1.33794,1.338,1.00,1.25
2017.12.27 06:21:55.111,1.33793,1.338,1.00,1.13
2017.12.27 06:21:55.640,1.33794,1.338,1.00,1.38
2017.12.27 06:21:59.431,1.33793,1.338,1.00,1.25
2017.12.27 06:22:00.907,1.33794,1.338,1.00,1.25
2017.12.27 06:22:01.425,1.33793,1.33801,1.00,1.10
2017.12.27 06:22:02.189,1.33794,1.33801,1.00,1.01
2017.12.27 06:22:02.721,1.33793,1.33801,1.00,1.48
2017.12.27 06:22:03.226,1.33794,1.33801,1.00,1.48
2017.12.27 06:22:03.888,1.33794,1.33801,1.00,1.48
2017.12.27 06:22:09.940,1.33794,1.33801,1.00,1.48
2017.12.27 06:22:10.913,1.33793,1.33801,1.00,1.29
2017.12.27 06:22:11.454,1.33794,1.33801,1.00,1.20
2017.12.27 06:22:12.070,1.33793,1.33801,1.00,1.48
2017.12.27 06:22:16.004,1.33794,1.33801,1.00,1.48
2017.12.27 06:22:17.013,1.33793,1.33801,1.00,1.38
2017.12.27 06:22:22.090,1.33793,1.33801,1.00,1.00
2017.12.27 06:22:22.727,1.33793,1.33801,1.00,1.50
2017.12.27 06:22:25.062,1.33794,1.33801,1.00,1.38
2017.12.27 06:22:25.576,1.33793,1.33801,1.00,1.38
2017.12.27 06:22:30.496,1.33794,1.33801,1.00,1.48
2017.12.27 06:22:30.549,1.33793,1.33801,1.00,1.20
2017.12.27 06:22:30.654,1.33793,1.33801,1.00,1.58
2017.12.27 06:22:31.278,1.33793,1.33801,1.00,1.58
2017.12.27 06:22:39.377,1.33794,1.33801,1.00,1.58
2017.12.27 06:22:41.173,1.33793,1.33801,1.00,1.44
2017.12.27 06:22:42.784,1.33794,1.33801,1.00,1.31
2017.12.27 06:22:43.361,1.33794,1.33801,1.00,1.58
2017.12.27 06:22:47.078,1.33793,1.33801,1.00,1.58
2017.12.27 06:22:50.338,1.33794,1.33801,1.00,1.48
2017.12.27 06:22:51.190,1.33793,1.33801,1.00,1.13
2017.12.27 06:22:58.019,1.33794,1.33801,1.00,1.25
2017.12.27 06:22:58.567,1.33794,1.33801,1.00,1.44
2017.12.27 06:23:00.825,1.33793,1.33801,1.00,1.25
2017.12.27 06:23:21.443,1.33794,1.33801,1.00,1.44
2017.12.27 06:23:22.028,1.33793,1.33801,1.00,1.25
2017.12.27 06:23:28.620,1.33794,1.33801,1.00,1.13
2017.12.27 06:23:29.672,1.33793,1.33801,1.00,1.00
2017.12.27 06:23:30.183,1.33794,1.33801,1.00,1.13
2017.12.27 06:23:30.777,1.33793,1.33801,1.00,1.00
2017.12.27 06:23:31.723,1.33794,1.33801,1.00,1.25
2017.12.27 06:23:32.332,1.33794,1.33801,1.00,1.38
2017.12.27 06:23:37.291,1.33793,1.33801,1.00,1.00
2017.12.27 06:23:37.849,1.33794,1.33801,1.00,1.44
2017.12.27 06:23:44.326,1.33793,1.33801,1.00,1.25
2017.12.27 06:23:46.668,1.33793,1.338,1.00,1.00
2017.12.27 06:23:52.005,1.33794,1.338,1.00,1.00
2017.12.27 06:23:52.528,1.33793,1.338,1.00,1.00
2017.12.27 06:23:59.655,1.33794,1.338,1.00,1.00
2017.12.27 06:24:00.202,1.33794,1.338,1.00,1.44
2017.12.27 06:24:01.055,1.33793,1.338,1.00,1.25
2017.12.27 06:24:02.986,1.33794,1.338,1.00,1.25
2017.12.27 06:24:05.725,1.33793,1.338,1.00,1.00
2017.12.27 06:24:10.890,1.33794,1.338,1.00,1.00
2017.12.27 06:24:11.545,1.33793,1.338,1.00,1.00
2017.12.27 06:24:15.469,1.33794,1.338,1.25,1.00
2017.12.27 06:24:16.273,1.33793,1.338,1.01,1.00
2017.12.27 06:24:26.795,1.33793,1.338,1.29,1.00
2017.12.27 06:24:29.097,1.33793,1.338,1.01,1.00
2017.12.27 06:24:29.620,1.33793,1.33801,1.69,1.00
2017.12.27 06:24:30.731,1.33794,1.33801,1.13,1.25
2017.12.27 06:24:33.268,1.33793,1.33801,1.50,1.00
2017.12.27 06:24:33.985,1.33794,1.33801,1.00,1.00
2017.12.27 06:24:34.495,1.33793,1.33801,1.50,1.00
2017.12.27 06:24:37.081,1.33794,1.33801,1.00,1.25
2017.12.27 06:24:39.417,1.33793,1.33801,2.14,1.00
2017.12.27 06:24:42.363,1.33793,1.33801,1.95,1.00
2017.12.27 06:24:42.977,1.33793,1.33801,1.10,1.00
2017.12.27 06:24:44.968,1.33793,1.33801,1.10,1.44
2017.12.27 06:24:46.089,1.33793,1.33801,1.10,1.25
2017.12.27 06:24:52.587,1.33794,1.33801,1.00,1.25
2017.12.27 06:24:53.111,1.33794,1.33801,1.00,1.44
2017.12.27 06:24:53.712,1.33793,1.33801,1.10,1.25
2017.12.27 06:24:56.326,1.33794,1.33801,1.00,1.44
2017.12.27 06:24:57.884,1.33793,1.33801,1.20,1.25
2017.12.27 06:25:02.348,1.33794,1.33801,1.00,1.25
2017.12.27 06:25:03.133,1.33793,1.33801,1.20,1.44
2017.12.27 06:25:06.106,1.33794,1.33801,1.00,1.44
2017.12.27 06:25:07.892,1.33793,1.33801,1.20,1.13
2017.12.27 06:25:08.412,1.33794,1.33801,1.00,1.13
2017.12.27 06:25:09.806,1.33793,1.33801,1.20,1.00
2017.12.27 06:25:10.351,1.33794,1.33801,1.00,1.13
2017.12.27 06:25:10.853,1.33793,1.33801,1.20,1.00
2017.12.27 06:25:11.356,1.33794,1.33801,1.00,1.25
2017.12.27 06:25:11.870,1.33793,1.33801,1.20,1.00
2017.12.27 06:25:16.213,1.33793,1.33801,1.20,1.50
2017.12.27 06:25:16.805,1.33794,1.33801,1.00,1.50
2017.12.27 06:25:17.996,1.33793,1.33801,1.20,1.50
2017.12.27 06:25:24.871,1.33793,1.33801,1.20,1.13
2017.12.27 06:25:25.637,1.33794,1.33801,1.10,1.44
2017.12.27 06:25:33.774,1.33793,1.33801,1.95,1.00
2017.12.27 06:25:34.389,1.33794,1.33801,1.10,1.44
2017.12.27 06:25:34.910,1.33794,1.33801,1.10,1.25
2017.12.27 06:25:43.335,1.33793,1.33801,1.00,1.60
2017.12.27 06:25:43.846,1.33794,1.33801,1.00,1.35
2017.12.27 06:25:45.290,1.33793,1.33801,1.10,1.10
2017.12.27 06:25:48.563,1.33794,1.33801,1.00,1.34
2017.12.27 06:25:49.270,1.33793,1.33801,1.10,1.10
2017.12.27 06:25:49.930,1.33794,1.33801,1.00,1.35
2017.12.27 06:25:52.954,1.33793,1.33801,1.10,1.10
2017.12.27 06:25:53.480,1.33794,1.33801,1.00,1.10
2017.12.27 06:25:57.840,1.33793,1.33801,1.20,1.10
2017.12.27 06:26:33.779,1.33794,1.33801,1.00,1.10
2017.12.27 06:26:34.444,1.33793,1.33801,1.57,1.10
2017.12.27 06:26:36.638,1.33793,1.338,1.57,1.00
2017.12.27 06:26:46.905,1.33793,1.338,1.95,1.00
2017.12.27 06:26:52.775,1.33793,1.33801,1.95,0.10
2017.12.27 06:26:56.139,1.33793,1.33801,1.50,0.10
2017.12.27 06:26:56.696,1.33794,1.33801,1.00,0.60
2017.12.27 06:27:04.505,1.33793,1.33801,1.01,0.10
2017.12.27 06:27:05.188,1.33794,1.33801,1.00,0.48
2017.12.27 06:27:05.724,1.33794,1.33801,1.00,0.54
2017.12.27 06:27:06.318,1.33793,1.33801,1.01,0.35
2017.12.27 06:27:08.061,1.33794,1.33801,1.00,0.35
2017.12.27 06:27:08.573,1.33793,1.33801,1.01,0.10
2017.12.27 06:27:09.405,1.33794,1.33801,1.00,0.35
2017.12.27 06:27:14.264,1.33793,1.33801,1.01,0.10
2017.12.27 06:27:16.871,1.33794,1.33801,1.00,0.10
2017.12.27 06:27:17.864,1.33793,1.33801,1.10,0.10
2017.12.27 06:27:18.415,1.33794,1.33801,1.00,0.10
2017.12.27 06:27:18.854,1.33796,1.33801,1.00,0.10
2017.12.27 06:27:19.165,1.33799,1.33801,1.00,0.10
2017.12.27 06:27:19.270,1.33795,1.33801,2.14,1.10
2017.12.27 06:27:19.429,1.33793,1.338,1.00,1.13
2017.12.27 06:27:19.572,1.33794,1.33799,1.00,1.38
2017.12.27 06:27:20.688,1.33794,1.33799,1.00,1.38
2017.12.27 06:27:20.740,1.33793,1.338,1.10,1.38
2017.12.27 06:27:23.535,1.33794,1.33799,1.00,1.38
2017.12.27 06:27:24.315,1.33793,1.338,1.00,1.38
2017.12.27 06:27:28.964,1.33793,1.338,1.00,1.13
2017.12.27 06:27:29.564,1.33794,1.33799,1.00,1.13
2017.12.27 06:27:31.568,1.33793,1.338,1.00,1.25
2017.12.27 06:27:32.078,1.33794,1.33799,1.00,1.25
2017.12.27 06:27:32.588,1.33793,1.338,1.00,1.25
2017.12.27 06:27:33.203,1.33794,1.33799,1.00,1.25
2017.12.27 06:27:33.863,1.33793,1.338,1.00,1.25
2017.12.27 06:27:34.448,1.33794,1.33799,1.00,1.25
2017.12.27 06:27:35.092,1.33793,1.338,1.00,1.25
2017.12.27 06:27:35.830,1.33794,1.33799,1.00,1.00
2017.12.27 06:27:36.350,1.33793,1.338,1.00,1.00
2017.12.27 06:27:37.126,1.33794,1.33799,1.00,1.00
2017.12.27 06:27:37.635,1.33793,1.338,1.00,1.12
2017.12.27 06:27:43.308,1.33794,1.33799,1.00,1.00
2017.12.27 06:27:44.053,1.33793,1.338,1.25,1.12
2017.12.27 06:27:47.260,1.33794,1.33799,1.00,1.00
2017.12.27 06:27:47.828,1.33793,1.338,1.25,1.12
2017.12.27 06:27:48.745,1.33794,1.33799,1.00,1.25
2017.12.27 06:27:49.249,1.33793,1.338,1.00,1.50
2017.12.27 06:27:49.761,1.33794,1.33799,1.00,1.00
2017.12.27 06:27:50.262,1.33793,1.338,1.00,1.50
2017.12.27 06:27:50.795,1.33794,1.33799,1.00,1.13
2017.12.27 06:27:54.453,1.33793,1.338,1.00,1.25
2017.12.27 06:27:58.174,1.33794,1.33799,1.00,1.25
2017.12.27 06:27:58.701,1.33793,1.338,1.00,1.25
2017.12.27 06:28:00.813,1.33794,1.33799,1.00,1.25
2017.12.27 06:28:02.249,1.33793,1.338,1.00,1.31
2017.12.27 06:28:02.910,1.33794,1.33799,1.00,1.25
2017.12.27 06:28:03.759,1.33793,1.338,1.00,1.25
2017.12.27 06:28:05.215,1.33793,1.338,1.00,1.50
2017.12.27 06:28:08.005,1.33794,1.33799,1.00,1.44
2017.12.27 06:28:09.867,1.33793,1.338,1.00,1.50
2017.12.27 06:28:10.996,1.33794,1.33799,1.00,1.38
2017.12.27 06:28:14.849,1.33793,1.338,1.00,1.50
2017.12.27 06:28:17.008,1.33794,1.33799,1.00,1.25
2017.12.27 06:28:17.541,1.33793,1.338,1.00,1.31
2017.12.27 06:28:18.794,1.33794,1.33799,1.00,1.25
2017.12.27 06:28:19.563,1.33793,1.338,1.00,1.50
2017.12.27 06:28:20.257,1.33794,1.33799,1.00,1.25
2017.12.27 06:28:20.804,1.33793,1.338,1.00,1.31
2017.12.27 06:28:21.377,1.33794,1.33799,1.00,1.13
2017.12.27 06:28:22.335,1.33793,1.338,1.00,1.50
2017.12.27 06:28:22.910,1.33794,1.33799,1.00,1.38
2017.12.27 06:28:25.952,1.33793,1.338,1.00,1.44
2017.12.27 06:28:26.729,1.33793,1.338,1.00,1.00
2017.12.27 06:28:27.346,1.33794,1.33799,1.00,1.13
2017.12.27 06:28:28.901,1.33793,1.338,1.00,1.25
2017.12.27 06:28:29.402,1.33794,1.33799,1.00,1.25
2017.12.27 06:28:32.653,1.33793,1.338,1.00,1.00
2017.12.27 06:28:36.476,1.33794,1.33799,1.00,1.25
2017.12.27 06:28:37.618,1.33793,1.338,1.57,1.13
2017.12.27 06:28:41.206,1.33794,1.338,1.00,1.25
2017.12.27 06:28:45.452,1.33794,1.33799,1.50,1.25
2017.12.27 06:28:48.935,1.33793,1.338,1.50,1.25
2017.12.27 06:28:54.314,1.33794,1.33799,1.00,1.25
2017.12.27 06:28:55.357,1.33793,1.338,1.50,1.13
2017.12.27 06:29:07.404,1.33794,1.33799,1.00,1.00
2017.12.27 06:29:07.911,1.33793,1.338,1.50,1.00
2017.12.27 06:29:13.014,1.33794,1.33799,1.00,1.00
2017.12.27 06:29:13.573,1.33793,1.338,1.69,1.00
2017.12.27 06:29:16.423,1.33794,1.33799,1.00,1.00
2017.12.27 06:29:20.074,1.33793,1.338,1.57,1.00
2017.12.27 06:29:35.163,1.33794,1.33799,1.00,1.00
2017.12.27 06:29:35.724,1.33793,1.338,1.50,1.00
2017.12.27 06:29:36.898,1.33793,1.338,1.50,1.44
2017.12.27 06:29:37.488,1.33794,1.33799,1.00,1.38
2017.12.27 06:29:37.540,1.33793,1.338,1.50,1.25
2017.12.27 06:29:41.665,1.33794,1.33799,1.44,1.00
2017.12.27 06:29:41.717,1.33793,1.338,2.32,1.00
2017.12.27 06:29:41.769,1.33797,1.33801,1.56,0.10
2017.12.27 06:29:43.880,1.33797,1.33801,1.00,1.10
2017.12.27 06:29:48.224,1.33799,1.33801,1.00,0.10
2017.12.27 06:29:48.873,1.33797,1.33801,1.00,0.10
2017.12.27 06:29:55.865,1.33798,1.33801,1.00,0.10
2017.12.27 06:30:03.986,1.33797,1.33801,1.00,0.10
2017.12.27 06:30:06.920,1.33795,1.33801,2.32,0.10
2017.12.27 06:30:07.425,1.33796,1.33801,1.50,0.10
2017.12.27 06:30:08.313,1.33795,1.33801,3.07,0.10
2017.12.27 06:30:14.132,1.33796,1.33801,1.00,0.10
2017.12.27 06:30:16.232,1.33798,1.33801,1.00,0.10
2017.12.27 06:30:34.354,1.33796,1.33801,2.25,0.10
2017.12.27 06:30:36.194,1.33796,1.33801,2.44,0.10
2017.12.27 06:30:53.303,1.33796,1.33801,1.00,0.10
2017.12.27 06:30:53.815,1.33796,1.33804,1.00,1.47
2017.12.27 06:30:54.341,1.33795,1.33805,2.32,1.54
2017.12.27 06:30:55.159,1.33796,1.33805,1.50,1.54
2017.12.27 06:30:57.076,1.33795,1.33804,2.32,1.41
2017.12.27 06:31:00.766,1.33794,1.33803,3.64,1.20
2017.12.27 06:31:01.283,1.33793,1.33803,4.76,1.20
2017.12.27 06:31:01.787,1.33793,1.33803,4.76,1.20
2017.12.27 06:31:02.334,1.33794,1.33803,1.10,1.39
2017.12.27 06:31:03.131,1.33794,1.33803,2.32,1.83
2017.12.27 06:31:03.737,1.33794,1.33803,2.32,2.08
2017.12.27 06:31:04.348,1.33793,1.33803,4.20,1.58
2017.12.27 06:31:04.930,1.33794,1.33802,2.32,1.10
2017.12.27 06:31:05.470,1.33793,1.33803,4.39,1.20
2017.12.27 06:31:05.990,1.33794,1.33802,3.26,1.10
2017.12.27 06:31:07.226,1.33794,1.33803,1.10,1.20
2017.12.27 06:31:07.896,1.33794,1.33803,1.10,1.20
2017.12.27 06:31:08.504,1.33794,1.33803,1.45,1.01
2017.12.27 06:31:09.263,1.33794,1.33802,3.64,1.10
2017.12.27 06:31:11.367,1.33794,1.33803,3.64,1.20
2017.12.27 06:31:12.000,1.33794,1.33803,1.45,1.48
2017.12.27 06:31:13.943,1.33794,1.33803,3.64,1.20
2017.12.27 06:31:15.116,1.33794,1.33803,1.45,1.48
2017.12.27 06:31:15.656,1.33794,1.33803,1.20,1.48
2017.12.27 06:31:17.584,1.33794,1.33802,4.39,1.10
2017.12.27 06:31:19.380,1.33794,1.33803,1.20,1.01
2017.12.27 06:31:19.993,1.33795,1.33803,1.00,1.20
2017.12.27 06:31:20.837,1.33795,1.33803,1.00,1.48
2017.12.27 06:31:21.537,1.33794,1.33803,3.64,1.20
2017.12.27 06:31:22.077,1.33795,1.33803,1.00,1.20
2017.12.27 06:31:27.264,1.33795,1.33803,1.00,1.20
2017.12.27 06:31:30.529,1.33795,1.33803,1.00,1.48
2017.12.27 06:31:34.653,1.33794,1.33803,1.20,1.48
2017.12.27 06:31:41.469,1.33794,1.33803,1.20,1.58
2017.12.27 06:31:42.627,1.33794,1.33803,1.20,1.48
2017.12.27 06:31:42.730,1.33794,1.33803,3.64,1.20
2017.12.27 06:31:42.934,1.33794,1.33803,1.20,1.29
2017.12.27 06:31:43.088,1.33794,1.33803,1.20,1.48
2017.12.27 06:31:43.139,1.33794,1.33803,1.20,1.29
2017.12.27 06:31:43.388,1.33794,1.33803,3.64,1.39
2017.12.27 06:31:43.671,1.33794,1.33803,1.20,1.29
2017.12.27 06:31:43.774,1.33794,1.33803,1.20,1.58
2017.12.27 06:31:44.734,1.33794,1.33803,1.20,1.58
2017.12.27 06:31:44.786,1.33794,1.33804,1.20,1.31
2017.12.27 06:31:46.581,1.33794,1.33804,1.20,1.31
2017.12.27 06:31:48.570,1.33795,1.33803,1.00,1.69
2017.12.27 06:31:52.044,1.33795,1.33803,1.20,1.54
2017.12.27 06:31:52.385,1.33793,1.33799,2.70,1.00
2017.12.27 06:31:52.698,1.33788,1.33793,1.57,1.00
2017.12.27 06:31:58.864,1.3379,1.33793,1.00,1.00
2017.12.27 06:31:59.462,1.33788,1.33793,6.07,1.00
2017.12.27 06:32:00.345,1.33789,1.33793,1.45,1.00
2017.12.27 06:32:00.860,1.33789,1.33793,1.10,1.00
2017.12.27 06:32:06.215,1.33788,1.33793,6.07,1.00
2017.12.27 06:32:06.787,1.33788,1.33793,5.32,1.00
2017.12.27 06:32:08.532,1.33792,1.33798,1.50,1.12
2017.12.27 06:32:08.636,1.33793,1.338,1.10,1.69
2017.12.27 06:32:09.286,1.33794,1.338,1.00,1.25
2017.12.27 06:32:09.800,1.33793,1.338,1.10,1.00
2017.12.27 06:32:10.343,1.33794,1.338,1.00,1.13
2017.12.27 06:32:11.231,1.33794,1.338,1.10,1.38
2017.12.27 06:32:11.969,1.33793,1.338,1.20,1.00
2017.12.27 06:32:12.472,1.33794,1.338,1.10,1.38
2017.12.27 06:32:13.265,1.33793,1.338,4.20,1.00
2017.12.27 06:32:14.084,1.33793,1.338,5.32,1.00
2017.12.27 06:32:14.596,1.33793,1.338,1.57,1.00
2017.12.27 06:32:16.084,1.33793,1.338,1.57,1.00
2017.12.27 06:32:16.340,1.33794,1.33797,1.00,1.50
2017.12.27 06:32:16.600,1.33789,1.33793,1.95,1.00
2017.12.27 06:32:23.879,1.33789,1.33793,4.95,1.00
2017.12.27 06:32:26.561,1.33793,1.33799,1.00,1.25
2017.12.27 06:32:27.940,1.33793,1.33799,1.95,1.00
2017.12.27 06:32:35.678,1.33793,1.33799,5.70,1.00
2017.12.27 06:32:36.383,1.33794,1.33799,1.10,1.00
2017.12.27 06:32:40.684,1.33793,1.33799,1.95,1.00
2017.12.27 06:32:41.446,1.33794,1.33799,1.00,1.00
2017.12.27 06:32:43.190,1.33793,1.33799,1.57,1.00
2017.12.27 06:32:43.293,1.33791,1.33794,1.45,1.00
2017.12.27 06:32:43.397,1.33789,1.33793,5.32,1.00
2017.12.27 06:32:52.473,1.33789,1.33793,5.70,1.00
2017.12.27 06:32:54.141,1.33789,1.33793,4.95,1.00
2017.12.27 06:32:56.191,1.33789,1.33793,4.95,1.00
2017.12.27 06:32:58.374,1.33793,1.33798,3.75,3.00
2017.12.27 06:32:58.907,1.33793,1.33799,4.57,1.50
2017.12.27 06:32:59.411,1.33793,1.33799,4.95,1.00
2017.12.27 06:32:59.566,1.33793,1.33797,3.82,1.50
2017.12.27 06:33:00.469,1.33793,1.33798,3.75,12.94
2017.12.27 06:33:03.428,1.33789,1.33794,4.20,1.00
2017.12.27 06:33:03.816,1.33793,1.33798,3.75,23.25
2017.12.27 06:33:04.030,1.33792,1.33795,3.75,1.00
2017.12.27 06:33:06.033,1.33793,1.33798,3.75,25.50
2017.12.27 06:33:06.778,1.33793,1.33797,3.75,27.75
2017.12.27 06:33:10.089,1.33791,1.33794,1.10,1.00
2017.12.27 06:33:11.615,1.33793,1.33798,3.75,39.00
2017.12.27 06:33:11.667,1.33791,1.33794,1.10,1.00
2017.12.27 06:33:12.328,1.33793,1.33797,3.75,39.19
2017.12.27 06:33:12.380,1.33791,1.33794,1.10,1.00
2017.12.27 06:33:12.431,1.33793,1.33798,3.75,40.69
2017.12.27 06:33:12.585,1.33791,1.33794,1.10,1.00
2017.12.27 06:33:14.299,1.33793,1.33797,3.75,42.19
2017.12.27 06:33:14.379,1.33791,1.33794,1.10,1.00
2017.12.27 06:33:14.585,1.33793,1.33798,3.75,42.94
2017.12.27 06:33:14.637,1.3379,1.33794,1.20,1.00
2017.12.27 06:33:19.188,1.3379,1.33793,219.45,1.00
2017.12.27 06:33:19.349,1.33792,1.33799,3.75,1.88
2017.12.27 06:33:19.452,1.33794,1.33799,1.00,1.44
2017.12.27 06:33:20.186,1.33794,1.33799,1.00,1.25
2017.12.27 06:33:20.495,1.33793,1.33797,3.75,4.50
2017.12.27 06:33:21.901,1.33793,1.33798,3.75,19.50
2017.12.27 06:33:22.476,1.33793,1.33797,3.75,23.25
2017.12.27 06:33:23.203,1.33793,1.33798,3.75,29.25
2017.12.27 06:33:25.325,1.3379,1.33794,6.45,1.00
2017.12.27 06:33:26.310,1.3379,1.33793,1.10,1.00
2017.12.27 06:33:28.078,1.33792,1.33794,3.75,1.00
2017.12.27 06:33:30.163,1.33792,1.33799,3.75,1.13
2017.12.27 06:33:30.666,1.33794,1.338,38.25,2.25
2017.12.27 06:33:31.199,1.33793,1.338,38.25,1.25
2017.12.27 06:33:31.508,1.33792,1.33798,3.82,6.00
2017.12.27 06:33:32.009,1.33792,1.33797,3.75,12.94
2017.12.27 06:33:36.222,1.33792,1.33798,3.75,33.75
2017.12.27 06:33:40.220,1.33792,1.33797,3.75,56.44
2017.12.27 06:33:40.770,1.33793,1.33798,3.75,63.00
2017.12.27 06:33:42.546,1.33793,1.33797,3.75,73.50
2017.12.27 06:33:45.283,1.33793,1.33798,3.75,84.00
2017.12.27 06:33:47.157,1.33793,1.33797,3.75,93.75
2017.12.27 06:33:47.852,1.33793,1.33798,3.75,101.25
2017.12.27 06:33:48.434,1.33793,1.33797,3.75,106.50
2017.12.27 06:33:49.192,1.33793,1.33798,3.75,109.50
2017.12.27 06:33:49.838,1.33792,1.33799,3.75,1.13
2017.12.27 06:33:50.148,1.33794,1.33799,1.00,1.12
2017.12.27 06:33:50.710,1.33793,1.33799,1.20,1.12
2017.12.27 06:33:51.059,1.33792,1.33794,3.82,1.00
2017.12.27 06:34:01.321,1.33793,1.33798,1.50,3.75
2017.12.27 06:34:02.350,1.33789,1.33793,1.57,1.00
2017.12.27 06:34:04.363,1.33792,1.33798,1.50,1.50
2017.12.27 06:34:05.117,1.33793,1.338,1.00,1.87
2017.12.27 06:34:05.466,1.33791,1.33794,1.45,1.00
2017.12.27 06:34:05.998,1.33789,1.33793,5.32,1.00
2017.12.27 06:34:08.002,1.33789,1.33793,4.95,1.00
2017.12.27 06:34:11.203,1.33789,1.33793,4.95,1.00
2017.12.27 06:34:18.252,1.33787,1.3379,1.57,1.00
2017.12.27 06:34:18.306,1.33784,1.3379,1.95,1.00
2017.12.27 06:34:18.409,1.33784,1.3379,1.10,1.00
2017.12.27 06:34:19.092,1.33785,1.3379,1.00,1.25
2017.12.27 06:34:19.632,1.33784,1.3379,1.00,1.00
2017.12.27 06:34:21.535,1.33785,1.3379,1.00,1.19
2017.12.27 06:34:22.063,1.33784,1.3379,1.00,1.00
2017.12.27 06:34:23.274,1.33785,1.3379,1.00,1.44
2017.12.27 06:34:24.272,1.33784,1.3379,1.00,1.00
2017.12.27 06:34:25.580,1.33783,1.3379,1.10,1.00
2017.12.27 06:34:25.632,1.33786,1.33791,1.00,1.00
2017.12.27 06:34:25.684,1.33788,1.33795,1.00,4.39
2017.12.27 06:34:25.736,1.3379,1.33796,1.00,1.19
2017.12.27 06:34:26.251,1.3379,1.33795,1.00,1.25
2017.12.27 06:34:26.963,1.3379,1.33795,1.00,1.44
2017.12.27 06:34:27.486,1.3379,1.33796,1.00,1.44
2017.12.27 06:34:28.131,1.3379,1.33796,1.00,1.38
2017.12.27 06:34:28.183,1.3379,1.33796,1.00,1.19
2017.12.27 06:34:28.337,1.3379,1.33796,1.00,1.38
2017.12.27 06:34:28.590,1.3379,1.33796,1.00,1.13
2017.12.27 06:34:29.299,1.3379,1.33796,1.00,1.38
2017.12.27 06:34:29.987,1.3379,1.33796,1.00,1.38
2017.12.27 06:34:30.337,1.3379,1.33796,1.00,1.25
2017.12.27 06:34:30.556,1.3379,1.33796,1.00,1.38
2017.12.27 06:34:31.726,1.3379,1.33796,1.00,1.38
2017.12.27 06:34:34.021,1.3379,1.33796,1.00,1.38
2017.12.27 06:34:34.546,1.3379,1.33796,1.00,1.38
2017.12.27 06:34:37.039,1.3379,1.33797,2.25,1.00
2017.12.27 06:34:37.091,1.33794,1.33798,1.00,1.00
2017.12.27 06:34:37.909,1.33794,1.33798,1.50,1.88
2017.12.27 06:34:37.961,1.33791,1.33798,1.50,1.25
2017.12.27 06:34:38.013,1.33791,1.33798,1.00,1.50
2017.12.27 06:34:38.476,1.33791,1.33797,1.00,1.38
2017.12.27 06:34:38.580,1.33791,1.33797,1.00,1.44
2017.12.27 06:34:39.116,1.33791,1.33797,1.00,1.38
2017.12.27 06:34:40.107,1.33791,1.33797,1.00,1.50
2017.12.27 06:34:40.736,1.33791,1.33797,1.00,1.50
2017.12.27 06:34:44.501,1.3379,1.33797,1.00,1.50
2017.12.27 06:34:48.536,1.3379,1.33796,1.00,1.13
2017.12.27 06:34:49.351,1.3379,1.33796,1.50,1.38
2017.12.27 06:34:53.412,1.3379,1.33796,1.00,1.25
2017.12.27 06:34:55.672,1.3379,1.33796,1.50,1.38
2017.12.27 06:34:56.181,1.3379,1.33797,1.50,1.88
2017.12.27 06:34:57.869,1.3379,1.33797,1.00,1.00
2017.12.27 06:34:58.420,1.3379,1.33797,1.00,1.19
2017.12.27 06:34:58.659,1.3379,1.33797,1.50,1.38
2017.12.27 06:35:00.877,1.3379,1.33797,1.00,1.38
2017.12.27 06:35:01.468,1.3379,1.33797,1.00,1.38
2017.12.27 06:35:02.106,1.3379,1.33797,1.00,1.38
2017.12.27 06:35:04.257,1.3379,1.33797,1.50,1.38
2017.12.27 06:35:04.435,1.3379,1.33797,1.00,1.19
2017.12.27 06:35:04.966,1.3379,1.33797,1.00,1.00
2017.12.27 06:35:05.524,1.3379,1.33797,1.00,1.44
2017.12.27 06:35:06.153,1.3379,1.33797,1.00,1.25
2017.12.27 06:35:08.337,1.33792,1.33797,1.00,1.50
2017.12.27 06:35:08.850,1.33792,1.33797,1.00,1.38
2017.12.27 06:35:11.216,1.33792,1.33797,1.00,1.25
2017.12.27 06:35:13.114,1.33792,1.33799,1.12,1.00
2017.12.27 06:35:13.652,1.33793,1.33799,1.50,1.00
2017.12.27 06:35:14.010,1.33793,1.33797,1.00,1.25
2017.12.27 06:35:14.776,1.33793,1.33797,1.00,1.38
2017.12.27 06:35:15.906,1.33793,1.33797,1.00,1.44
2017.12.27 06:35:16.408,1.33793,1.33796,1.00,1.44
2017.12.27 06:35:16.565,1.3379,1.33796,1.00,2.44
2017.12.27 06:35:16.822,1.33789,1.33794,1.00,1.00
2017.12.27 06:35:21.171,1.33791,1.33794,1.00,1.00
2017.12.27 06:35:21.682,1.3379,1.33796,1.00,1.44
2017.12.27 06:35:22.341,1.3379,1.33796,1.00,1.00
2017.12.27 06:35:22.968,1.33791,1.33797,1.00,1.31
2017.12.27 06:35:24.798,1.33791,1.33797,1.00,1.69
2017.12.27 06:35:26.436,1.33791,1.33797,1.00,1.50
2017.12.27 06:35:27.522,1.33791,1.33797,1.00,1.44
2017.12.27 06:35:29.994,1.33791,1.33797,1.00,1.00
2017.12.27 06:35:30.223,1.33792,1.33799,1.00,1.00
2017.12.27 06:35:30.757,1.33793,1.338,1.50,1.50
2017.12.27 06:35:31.349,1.33794,1.33799,1.00,1.25
2017.12.27 06:35:32.082,1.33793,1.338,1.50,1.69
2017.12.27 06:35:33.326,1.33795,1.338,1.00,1.69
2017.12.27 06:35:33.378,1.33793,1.338,1.50,1.69
2017.12.27 06:35:36.365,1.33794,1.33799,1.00,1.13
2017.12.27 06:35:36.914,1.33795,1.33799,1.00,1.13
2017.12.27 06:35:42.711,1.33795,1.338,1.00,1.69
2017.12.27 06:35:44.635,1.33795,1.33799,1.00,1.25
2017.12.27 06:35:47.108,1.33795,1.338,1.00,1.00
2017.12.27 06:35:47.641,1.33795,1.33799,1.00,1.00
2017.12.27 06:35:48.991,1.33795,1.338,1.00,1.50
2017.12.27 06:35:49.542,1.33795,1.33799,1.00,1.00
2017.12.27 06:35:50.194,1.33795,1.338,1.00,1.50
2017.12.27 06:35:51.695,1.33795,1.33799,1.00,1.00
2017.12.27 06:35:52.845,1.33795,1.338,1.00,1.50
2017.12.27 06:35:58.106,1.33795,1.33799,1.00,1.00
2017.12.27 06:35:58.793,1.33795,1.338,1.00,1.50
2017.12.27 06:35:59.686,1.33794,1.33799,1.50,1.13
2017.12.27 06:36:00.296,1.33794,1.338,1.00,1.88
2017.12.27 06:36:02.729,1.33794,1.33799,1.50,1.13
2017.12.27 06:36:03.261,1.33794,1.338,1.00,1.69
2017.12.27 06:36:04.712,1.33794,1.33799,1.50,1.13
2017.12.27 06:36:05.239,1.33794,1.338,1.00,1.88
2017.12.27 06:36:07.968,1.33794,1.33799,1.50,1.13
2017.12.27 06:36:08.704,1.33794,1.338,1.00,1.69
2017.12.27 06:36:16.182,1.33794,1.33799,1.50,1.00
2017.12.27 06:36:16.708,1.33795,1.33799,1.00,1.00
2017.12.27 06:36:19.900,1.33795,1.338,1.00,1.00
2017.12.27 06:36:21.565,1.33795,1.33799,1.00,1.00
2017.12.27 06:36:22.095,1.33795,1.338,1.00,1.00
2017.12.27 06:36:23.243,1.33795,1.33799,1.00,1.00
2017.12.27 06:36:23.744,1.33795,1.338,1.00,1.00
2017.12.27 06:36:25.683,1.33795,1.33799,1.00,1.00
2017.12.27 06:36:41.580,1.33795,1.338,1.00,1.00
2017.12.27 06:36:45.278,1.33794,1.338,1.00,1.00
2017.12.27 06:36:45.946,1.33794,1.33799,1.50,1.00
2017.12.27 06:36:46.473,1.33794,1.338,1.00,1.00
2017.12.27 06:36:48.139,1.33793,1.338,1.00,2.25
2017.12.27 06:36:49.730,1.33794,1.33799,1.00,1.00
2017.12.27 06:36:50.284,1.33793,1.338,1.00,2.25
2017.12.27 06:36:57.841,1.33794,1.33799,1.00,1.00
2017.12.27 06:36:59.194,1.33793,1.338,1.10,2.25
2017.12.27 06:37:01.093,1.33794,1.33799,1.00,1.00
2017.12.27 06:37:01.616,1.33793,1.338,1.10,2.25
2017.12.27 06:37:06.893,1.33794,1.33799,1.00,1.00
2017.12.27 06:37:07.944,1.33793,1.338,1.10,3.38
2017.12.27 06:37:08.492,1.33794,1.33799,1.00,1.25
2017.12.27 06:37:10.268,1.33793,1.338,1.10,2.44
2017.12.27 06:37:12.609,1.33791,1.33799,2.14,1.25
2017.12.27 06:37:13.146,1.33791,1.338,1.95,2.44
2017.12.27 06:37:13.985,1.33791,1.33799,2.14,1.25
2017.12.27 06:37:14.537,1.33791,1.338,1.95,2.25
2017.12.27 06:37:17.503,1.33791,1.338,1.20,2.44
2017.12.27 06:37:23.264,1.33792,1.33799,1.95,1.25
2017.12.27 06:37:24.319,1.33792,1.338,1.10,1.69
2017.12.27 06:37:25.131,1.33791,1.338,2.70,1.69
2017.12.27 06:37:25.644,1.33791,1.33799,4.20,1.25
2017.12.27 06:37:26.863,1.33791,1.338,2.32,1.69
2017.12.27 06:37:34.223,1.33791,1.33799,2.32,1.25
2017.12.27 06:37:34.760,1.33791,1.338,1.57,1.69
2017.12.27 06:37:34.865,1.33791,1.33799,1.70,1.44
2017.12.27 06:37:35.394,1.3379,1.338,4.39,1.88
2017.12.27 06:37:36.534,1.33791,1.33799,1.70,1.38
2017.12.27 06:37:37.304,1.33791,1.338,1.45,1.88
2017.12.27 06:37:40.589,1.33791,1.33799,1.45,1.44
2017.12.27 06:37:41.094,1.33791,1.338,1.57,1.88
2017.12.27 06:37:41.660,1.33791,1.338,1.57,1.88
2017.12.27 06:37:42.752,1.3379,1.33799,1.95,1.25
2017.12.27 06:37:42.807,1.3379,1.33797,1.95,2.06
2017.12.27 06:37:42.968,1.33785,1.33789,1.10,1.00
2017.12.27 06:37:50.238,1.33784,1.33789,2.70,1.00
2017.12.27 06:37:52.479,1.33784,1.33789,2.70,1.00
2017.12.27 06:37:55.544,1.33784,1.33789,3.08,1.00
2017.12.27 06:37:58.738,1.33784,1.33789,2.14,1.00
2017.12.27 06:38:00.207,1.33784,1.33789,2.70,1.00
2017.12.27 06:38:00.911,1.33784,1.33789,1.76,1.00
2017.12.27 06:38:01.454,1.33784,1.33789,2.06,1.00
2017.12.27 06:38:03.046,1.33784,1.33789,3.64,1.00
2017.12.27 06:38:03.554,1.33784,1.33789,2.89,1.00
2017.12.27 06:38:04.693,1.33784,1.33789,3.64,1.00
2017.12.27 06:38:05.218,1.33785,1.33789,1.10,1.00
2017.12.27 06:38:13.527,1.33787,1.3379,1.50,1.00
2017.12.27 06:38:13.684,1.33787,1.33792,2.33,1.00
2017.12.27 06:38:14.147,1.33787,1.33791,1.87,1.00
2017.12.27 06:38:14.251,1.33784,1.3379,4.95,1.00
2017.12.27 06:38:14.649,1.33788,1.3379,1.00,1.00
2017.12.27 06:38:14.855,1.33786,1.3379,1.12,1.00
2017.12.27 06:38:15.061,1.33788,1.33791,1.00,1.00
2017.12.27 06:38:15.164,1.33786,1.3379,1.10,1.00
2017.12.27 06:38:18.953,1.33788,1.33791,1.00,1.00
2017.12.27 06:38:19.324,1.33785,1.3379,2.14,1.00
2017.12.27 06:38:19.563,1.33788,1.33791,1.00,1.00
2017.12.27 06:38:19.769,1.33785,1.3379,1.57,1.00
2017.12.27 06:38:20.828,1.33785,1.3379,1.25,1.00
2017.12.27 06:38:21.319,1.33788,1.3379,1.00,1.00
2017.12.27 06:38:21.475,1.33788,1.33792,1.00,1.00
2017.12.27 06:38:22.150,1.33789,1.33792,1.00,1.00
2017.12.27 06:38:22.693,1.33788,1.33792,1.00,1.00
2017.12.27 06:38:24.174,1.33787,1.33792,1.12,1.00
2017.12.27 06:38:24.226,1.33788,1.33791,1.00,1.00
2017.12.27 06:38:24.741,1.33787,1.33791,1.00,1.00
2017.12.27 06:38:27.353,1.33787,1.33792,1.00,1.00
2017.12.27 06:38:27.474,1.3379,1.33792,1.00,1.00
2017.12.27 06:38:27.693,1.33788,1.33793,1.10,1.00
2017.12.27 06:38:28.544,1.3379,1.33793,1.00,1.00
2017.12.27 06:38:35.719,1.33789,1.33793,1.00,1.00
2017.12.27 06:38:36.390,1.3379,1.33793,1.00,1.00
2017.12.27 06:38:40.063,1.3379,1.33794,1.50,1.00
2017.12.27 06:38:40.169,1.33791,1.338,1.50,2.70
2017.12.27 06:38:40.672,1.33791,1.33799,2.63,1.00
2017.12.27 06:38:41.758,1.33792,1.338,1.00,1.50
2017.12.27 06:38:44.793,1.33792,1.33799,1.25,1.00
2017.12.27 06:38:47.321,1.33792,1.338,1.44,1.50
2017.12.27 06:38:47.946,1.33792,1.338,1.50,1.50
2017.12.27 06:38:52.560,1.33795,1.33801,1.44,1.25
2017.12.27 06:38:52.716,1.33798,1.33806,1.87,1.10
2017.12.27 06:38:52.823,1.33797,1.33802,1.50,1.00
2017.12.27 06:38:53.393,1.33798,1.33803,1.00,1.44
2017.12.27 06:38:54.038,1.33799,1.33802,1.00,1.13
2017.12.27 06:38:54.545,1.33798,1.33803,1.00,1.44
2017.12.27 06:38:55.078,1.33798,1.33803,1.50,1.00
2017.12.27 06:38:55.285,1.33796,1.33805,1.12,1.16
2017.12.27 06:38:55.836,1.33796,1.33805,1.12,1.16
2017.12.27 06:38:56.411,1.33797,1.33805,1.00,2.02
2017.12.27 06:38:56.939,1.33798,1.33805,1.00,1.95
2017.12.27 06:38:57.486,1.33798,1.33804,1.00,1.01
2017.12.27 06:38:57.721,1.33798,1.33806,1.00,4.09
2017.12.27 06:38:58.245,1.33798,1.33806,1.00,2.48
2017.12.27 06:38:58.811,1.33799,1.33806,1.00,3.15
2017.12.27 06:38:59.333,1.33798,1.33806,1.00,3.90
2017.12.27 06:38:59.933,1.33799,1.33806,1.00,2.93
2017.12.27 06:39:00.955,1.33799,1.33805,1.00,1.05
2017.12.27 06:39:02.082,1.338,1.33805,1.00,1.80
2017.12.27 06:39:05.493,1.33799,1.33805,1.00,1.58
2017.12.27 06:39:06.274,1.338,1.33805,1.00,1.20
2017.12.27 06:39:06.932,1.33799,1.33806,1.00,2.08
2017.12.27 06:39:07.863,1.338,1.33806,1.00,2.55
2017.12.27 06:39:14.041,1.33799,1.33806,1.00,3.71
2017.12.27 06:39:21.863,1.338,1.33806,1.00,1.57
2017.12.27 06:39:21.967,1.33803,1.3381,1.00,2.09
2017.12.27 06:39:22.020,1.33804,1.33812,1.00,2.51
2017.12.27 06:39:22.178,1.33808,1.33811,1.00,1.38
2017.12.27 06:39:22.230,1.33806,1.33811,1.00,1.00
2017.12.27 06:39:22.488,1.33807,1.33814,1.00,1.76
2017.12.27 06:39:23.005,1.33808,1.33814,1.00,3.07
2017.12.27 06:39:23.522,1.33809,1.33814,1.00,1.95
2017.12.27 06:39:24.040,1.33808,1.33813,1.00,1.25
2017.12.27 06:39:25.105,1.33809,1.33814,1.00,1.09
2017.12.27 06:39:25.662,1.33808,1.33815,1.00,1.76
2017.12.27 06:39:26.653,1.33809,1.33815,1.00,1.95
2017.12.27 06:39:27.313,1.3381,1.33815,1.00,2.14
2017.12.27 06:39:28.214,1.33809,1.33815,1.00,2.03
2017.12.27 06:39:28.813,1.33809,1.33815,1.50,1.16
2017.12.27 06:39:29.372,1.33809,1.33815,1.50,1.68
2017.12.27 06:39:30.005,1.33809,1.33816,1.50,3.68
2017.12.27 06:39:30.522,1.3381,1.33816,1.00,2.85
2017.12.27 06:39:31.096,1.33809,1.33816,1.50,2.10
2017.12.27 06:39:31.734,1.3381,1.33816,1.00,1.35
2017.12.27 06:39:33.292,1.33809,1.33816,1.50,1.35
2017.12.27 06:39:33.914,1.3381,1.33815,1.00,1.16
2017.12.27 06:39:35.059,1.3381,1.33816,1.00,1.16
2017.12.27 06:39:35.610,1.33809,1.33815,1.00,1.30
2017.12.27 06:39:36.137,1.3381,1.33816,1.00,1.35
2017.12.27 06:39:37.445,1.33809,1.33816,1.00,1.35
2017.12.27 06:39:37.634,1.3381,1.33816,1.00,1.35
2017.12.27 06:39:43.996,1.33809,1.33815,1.00,1.43
2017.12.27 06:39:45.250,1.3381,1.33816,1.00,4.05
2017.12.27 06:39:45.803,1.33809,1.33815,1.00,1.43
2017.12.27 06:39:46.913,1.3381,1.33816,1.00,2.25
2017.12.27 06:39:47.018,1.33812,1.33819,1.00,1.01
2017.12.27 06:39:47.071,1.33814,1.33821,1.00,1.00
2017.12.27 06:39:47.124,1.33816,1.33823,1.00,1.00
2017.12.27 06:39:47.333,1.33823,1.33831,1.00,1.25
2017.12.27 06:39:47.643,1.33824,1.33832,1.00,1.50
2017.12.27 06:39:48.245,1.33824,1.33832,1.00,1.38
2017.12.27 06:39:48.573,1.33824,1.33832,1.00,1.25
2017.12.27 06:39:48.830,1.33824,1.33832,1.00,1.38
2017.12.27 06:39:49.364,1.33825,1.33832,1.00,1.49
2017.12.27 06:39:49.535,1.33824,1.33832,1.00,1.43
2017.12.27 06:39:50.045,1.33824,1.33832,1.00,1.43
2017.12.27 06:39:50.928,1.33824,1.33832,1.00,1.43
2017.12.27 06:39:51.988,1.33825,1.33831,1.00,1.00
2017.12.27 06:39:52.042,1.33827,1.33835,1.00,1.30
2017.12.27 06:39:52.199,1.33831,1.33839,1.00,2.14
2017.12.27 06:39:52.252,1.33831,1.33839,1.00,1.00
2017.12.27 06:39:52.305,1.33831,1.33841,1.00,1.76
2017.12.27 06:39:52.637,1.33832,1.33841,1.00,1.87
2017.12.27 06:39:52.949,1.33827,1.33833,1.00,1.24
2017.12.27 06:39:53.497,1.33828,1.33835,1.00,2.51
2017.12.27 06:39:54.052,1.33827,1.33835,1.00,1.57
2017.12.27 06:39:54.400,1.33827,1.33831,1.00,1.00
2017.12.27 06:39:54.719,1.33828,1.33833,1.00,1.00
2017.12.27 06:39:54.823,1.33828,1.33831,1.00,1.00
2017.12.27 06:39:55.029,1.33828,1.33833,1.00,1.24
2017.12.27 06:39:56.140,1.33829,1.33832,1.00,1.24
2017.12.27 06:39:58.724,1.33828,1.33833,1.00,1.00
2017.12.27 06:39:58.960,1.33828,1.3383,1.00,1.00
2017.12.27 06:39:59.483,1.33829,1.3383,1.00,1.00
2017.12.27 06:40:00.029,1.33828,1.3383,1.00,1.00
2017.12.27 06:40:00.184,1.33827,1.33832,1.00,1.00
2017.12.27 06:40:00.726,1.33826,1.33832,1.00,1.00
2017.12.27 06:40:01.845,1.33826,1.33834,1.00,1.76
2017.12.27 06:40:03.184,1.33826,1.33833,1.00,1.25
2017.12.27 06:40:03.783,1.33826,1.33834,1.00,1.76
2017.12.27 06:40:04.564,1.33824,1.33834,2.25,1.01
2017.12.27 06:40:04.769,1.33824,1.33833,3.00,1.31
2017.12.27 06:40:05.310,1.33824,1.33833,2.25,1.31
2017.12.27 06:40:06.407,1.33824,1.33833,1.87,1.31
2017.12.27 06:40:14.101,1.33824,1.33833,3.00,1.31
2017.12.27 06:40:21.868,1.33826,1.33833,1.00,1.00
2017.12.27 06:40:22.035,1.33827,1.33836,1.87,1.26
2017.12.27 06:40:22.087,1.33829,1.33837,1.00,1.26
2017.12.27 06:40:22.140,1.33829,1.33839,1.00,2.04
2017.12.27 06:40:22.370,1.33829,1.3384,1.00,3.08
2017.12.27 06:40:22.610,1.3383,1.3384,1.00,2.33
2017.12.27 06:40:23.026,1.3383,1.3384,1.00,2.14
2017.12.27 06:40:24.293,1.3383,1.3384,1.25,1.58
2017.12.27 06:40:25.349,1.3383,1.3384,1.00,1.44
2017.12.27 06:40:30.106,1.3383,1.3384,1.00,1.01
2017.12.27 06:40:31.968,1.3383,1.3384,1.69,1.58
2017.12.27 06:40:46.017,1.33831,1.3384,1.00,1.51
2017.12.27 06:40:46.531,1.33831,1.33841,1.00,1.20
2017.12.27 06:40:47.790,1.33831,1.33841,1.00,1.70
2017.12.27 06:40:48.306,1.33831,1.33841,1.00,1.70
2017.12.27 06:40:50.059,1.33831,1.33841,1.00,1.76
2017.12.27 06:40:54.681,1.33831,1.33841,1.00,1.39
2017.12.27 06:40:56.065,1.33832,1.33841,1.00,1.48
2017.12.27 06:40:57.182,1.33832,1.33841,1.00,1.48
2017.12.27 06:40:57.943,1.33832,1.33841,1.00,1.38
2017.12.27 06:40:58.642,1.33832,1.33841,1.00,1.01
2017.12.27 06:40:58.952,1.33832,1.33841,1.00,1.48
2017.12.27 06:41:00.018,1.33834,1.33841,1.00,1.48
2017.12.27 06:41:00.691,1.33834,1.33841,1.00,1.48
2017.12.27 06:41:06.214,1.33834,1.33842,1.00,1.58
2017.12.27 06:41:09.574,1.33834,1.33842,1.00,1.95
2017.12.27 06:41:10.197,1.33834,1.33842,1.00,1.57
2017.12.27 06:41:11.453,1.33836,1.33842,1.00,1.95
2017.12.27 06:41:11.995,1.33834,1.33842,1.00,1.57
2017.12.27 06:41:15.096,1.33834,1.33842,1.00,1.95
2017.12.27 06:41:15.640,1.33834,1.33842,1.00,1.57
2017.12.27 06:41:17.102,1.33834,1.33842,1.00,2.32
2017.12.27 06:41:17.640,1.33834,1.33842,1.00,1.76
2017.12.27 06:41:21.317,1.33834,1.33842,1.00,2.25
2017.12.27 06:41:22.083,1.33834,1.33842,1.00,1.88
2017.12.27 06:41:22.795,1.33834,1.33842,1.50,1.45
2017.12.27 06:41:22.899,1.33837,1.33844,1.00,1.00
2017.12.27 06:41:22.951,1.33839,1.33846,1.00,1.39
2017.12.27 06:41:23.055,1.33841,1.33849,1.00,1.58
2017.12.27 06:41:23.107,1.33843,1.33849,1.00,1.58
2017.12.27 06:41:24.326,1.33843,1.33851,1.00,1.95
2017.12.27 06:41:24.633,1.33843,1.3385,1.00,1.08
2017.12.27 06:41:25.439,1.33843,1.33851,1.00,1.76
2017.12.27 06:41:25.988,1.33843,1.33851,1.00,2.70
2017.12.27 06:41:27.552,1.33843,1.33851,1.00,2.33
2017.12.27 06:41:28.625,1.33843,1.33851,1.00,3.45
2017.12.27 06:41:29.232,1.33843,1.33851,1.00,4.20
2017.12.27 06:41:29.803,1.33843,1.3385,1.00,1.10
2017.12.27 06:41:30.313,1.33843,1.3385,1.00,1.08
2017.12.27 06:41:30.416,1.33843,1.33851,3.75,1.76
2017.12.27 06:41:30.964,1.33843,1.33852,3.75,3.08
2017.12.27 06:41:31.707,1.33843,1.33851,3.75,1.29
2017.12.27 06:41:32.316,1.33843,1.33852,3.75,2.14
2017.12.27 06:41:32.515,1.33842,1.33851,1.00,1.95
2017.12.27 06:41:33.028,1.33842,1.33851,1.00,1.58
2017.12.27 06:41:33.793,1.33842,1.33851,1.00,1.95
2017.12.27 06:41:34.119,1.33842,1.33852,1.00,1.95
2017.12.27 06:41:34.938,1.33842,1.33852,1.00,1.76
2017.12.27 06:41:35.438,1.33842,1.33852,1.00,1.95
2017.12.27 06:41:36.854,1.33841,1.33852,1.00,1.95
2017.12.27 06:41:37.826,1.33841,1.33852,1.00,1.76
2017.12.27 06:41:38.384,1.33841,1.33851,1.00,1.20
2017.12.27 06:41:38.435,1.33841,1.33851,1.00,1.58
2017.12.27 06:41:38.993,1.33841,1.33851,1.00,1.48
2017.12.27 06:41:39.788,1.3384,1.33851,1.50,2.70
2017.12.27 06:41:40.312,1.3384,1.33851,1.50,2.33
2017.12.27 06:41:42.913,1.3384,1.33851,1.50,1.58
2017.12.27 06:41:45.690,1.33842,1.33851,1.00,2.70
2017.12.27 06:41:48.268,1.33842,1.33851,1.00,3.26
2017.12.27 06:41:48.320,1.33842,1.33851,1.00,2.89
2017.12.27 06:41:48.866,1.33842,1.33851,1.00,3.08
2017.12.27 06:41:51.880,1.33842,1.33849,1.00,1.25
2017.12.27 06:41:53.356,1.33842,1.33849,1.00,1.44
2017.12.27 06:41:53.884,1.33842,1.33849,1.00,1.38
2017.12.27 06:41:55.757,1.33842,1.33849,1.00,1.00
2017.12.27 06:41:56.293,1.33842,1.33849,1.00,1.44
2017.12.27 06:41:58.220,1.33842,1.33849,1.00,1.25
2017.12.27 06:41:59.046,1.33843,1.33849,1.00,1.20
2017.12.27 06:42:00.096,1.33843,1.33851,1.00,2.33
2017.12.27 06:42:05.375,1.33843,1.33849,1.00,1.58
2017.12.27 06:42:06.649,1.33843,1.33849,1.00,1.58
2017.12.27 06:42:10.615,1.33843,1.3385,1.00,3.45
2017.12.27 06:42:11.202,1.33843,1.33851,1.00,3.45
2017.12.27 06:42:12.874,1.33843,1.3385,1.00,2.33
2017.12.27 06:42:13.029,1.33843,1.33849,1.00,1.10
2017.12.27 06:42:15.383,1.33843,1.3385,1.00,1.95
2017.12.27 06:42:15.914,1.33843,1.33849,1.00,1.10
2017.12.27 06:42:16.413,1.33843,1.3385,1.00,3.26
2017.12.27 06:42:16.464,1.33843,1.3385,1.00,1.95
2017.12.27 06:42:17.268,1.33843,1.3385,1.00,2.14
2017.12.27 06:42:21.123,1.33843,1.3385,1.00,1.44
2017.12.27 06:42:23.338,1.33843,1.3385,1.00,1.58
2017.12.27 06:42:23.951,1.33843,1.3385,1.00,1.58
2017.12.27 06:42:28.448,1.33843,1.3385,1.00,1.45
2017.12.27 06:42:31.324,1.33843,1.33851,1.00,3.08
2017.12.27 06:42:31.834,1.33843,1.33851,1.00,2.33
2017.12.27 06:42:32.635,1.33843,1.33851,1.00,2.33
2017.12.27 06:42:33.478,1.33842,1.33851,1.00,3.07
2017.12.27 06:42:33.999,1.33842,1.33851,1.00,2.32
2017.12.27 06:42:35.780,1.33842,1.33851,1.00,1.39
2017.12.27 06:42:36.367,1.33842,1.33851,1.00,1.58
2017.12.27 06:42:37.926,1.33842,1.33851,1.25,3.83
2017.12.27 06:42:38.489,1.33842,1.33851,1.00,2.33
2017.12.27 06:42:42.300,1.33842,1.33851,1.00,3.08
2017.12.27 06:42:44.057,1.33842,1.33851,1.00,2.89
2017.12.27 06:42:44.898,1.33842,1.33851,1.00,1.95
2017.12.27 06:42:45.639,1.33842,1.33851,1.00,2.70
2017.12.27 06:42:47.772,1.33842,1.33851,1.00,3.45
2017.12.27 06:42:48.392,1.33842,1.33851,1.00,1.95
2017.12.27 06:42:48.956,1.33842,1.33851,1.00,3.45
2017.12.27 06:42:49.272,1.3384,1.33851,1.87,4.20
2017.12.27 06:42:50.781,1.3384,1.3385,1.87,1.00
2017.12.27 06:42:51.468,1.3384,1.3385,2.06,1.40
2017.12.27 06:42:52.475,1.3384,1.33851,1.87,3.04
2017.12.27 06:42:53.052,1.3384,1.33851,1.87,3.41
2017.12.27 06:42:53.577,1.3384,1.33851,1.87,3.04
2017.12.27 06:42:54.426,1.3384,1.33851,1.87,3.04
2017.12.27 06:42:55.114,1.3384,1.33851,1.87,3.08
2017.12.27 06:42:55.653,1.3384,1.33851,1.69,3.83
2017.12.27 06:42:56.178,1.3384,1.33851,1.69,3.08
2017.12.27 06:42:56.685,1.3384,1.33851,1.69,3.83
2017.12.27 06:42:57.200,1.3384,1.3385,1.50,1.95
2017.12.27 06:42:57.886,1.3384,1.3385,1.50,1.89
2017.12.27 06:42:58.677,1.3384,1.3385,1.69,1.95
2017.12.27 06:42:59.285,1.3384,1.3385,1.69,1.70
2017.12.27 06:43:01.363,1.3384,1.3385,1.87,1.76
2017.12.27 06:43:01.925,1.3384,1.3385,2.06,2.33
2017.12.27 06:43:02.539,1.3384,1.3385,2.06,1.89
2017.12.27 06:43:03.148,1.3384,1.33851,2.25,3.45
2017.12.27 06:43:04.503,1.3384,1.3385,1.69,1.20
2017.12.27 06:43:04.926,1.3384,1.3385,1.87,1.20
2017.12.27 06:43:05.423,1.3384,1.3385,1.87,1.20
2017.12.27 06:43:05.475,1.3384,1.33851,1.69,3.08
2017.12.27 06:43:11.106,1.3384,1.3385,5.62,1.20
2017.12.27 06:43:15.730,1.3384,1.3385,2.25,1.83
2017.12.27 06:43:15.906,1.33843,1.33851,1.00,2.70
2017.12.27 06:43:16.422,1.33843,1.3385,1.00,1.20
2017.12.27 06:43:17.441,1.33843,1.3385,1.00,1.20
2017.12.27 06:43:21.643,1.33841,1.33849,1.25,1.83
2017.12.27 06:43:39.182,1.33841,1.33849,1.13,1.10
2017.12.27 06:43:39.695,1.33841,1.33849,1.13,1.70
2017.12.27 06:43:41.368,1.3384,1.3385,1.31,2.14
2017.12.27 06:43:43.122,1.3384,1.33849,1.50,1.45
2017.12.27 06:43:46.194,1.3384,1.3385,1.50,1.95
2017.12.27 06:43:47.227,1.3384,1.3385,1.31,1.95
2017.12.27 06:43:52.634,1.33841,1.3385,1.00,2.51
2017.12.27 06:43:54.628,1.33843,1.3385,5.62,1.45
2017.12.27 06:43:55.143,1.33841,1.3385,1.00,1.70
2017.12.27 06:43:55.684,1.33841,1.3385,1.00,1.45
2017.12.27 06:44:04.737,1.33841,1.3385,1.44,1.76
2017.12.27 06:44:05.358,1.33841,1.3385,1.25,1.45
2017.12.27 06:44:06.149,1.33841,1.3385,1.44,1.76
2017.12.27 06:44:06.784,1.33841,1.3385,1.25,1.45
2017.12.27 06:44:07.521,1.33841,1.3385,1.44,1.76
2017.12.27 06:44:08.131,1.33841,1.3385,1.25,1.57
2017.12.27 06:44:09.845,1.33841,1.3385,1.44,2.14
2017.12.27 06:44:10.934,1.33841,1.3385,1.25,1.57
2017.12.27 06:44:15.226,1.3384,1.33849,1.00,1.95
2017.12.27 06:44:15.746,1.3384,1.33848,1.00,1.20
2017.12.27 06:44:16.272,1.3384,1.33848,1.00,1.01
2017.12.27 06:44:16.529,1.3384,1.33847,1.00,1.45
2017.12.27 06:44:17.700,1.33839,1.33849,1.25,2.70
2017.12.27 06:44:18.206,1.3384,1.33848,1.25,1.70
2017.12.27 06:44:21.046,1.3384,1.33848,1.00,1.76
2017.12.27 06:44:21.577,1.3384,1.33848,1.00,1.01
2017.12.27 06:44:22.586,1.3384,1.33849,1.00,3.45
2017.12.27 06:44:23.749,1.3384,1.33848,1.00,1.01
2017.12.27 06:44:26.748,1.3384,1.33849,1.00,3.45
2017.12.27 06:44:29.287,1.3384,1.33849,1.00,2.51
2017.12.27 06:44:29.802,1.3384,1.33848,1.00,1.45
2017.12.27 06:44:32.225,1.3384,1.33848,1.00,1.95
2017.12.27 06:44:36.830,1.3384,1.33849,1.69,3.26
2017.12.27 06:44:37.354,1.3384,1.33849,1.50,3.26
2017.12.27 06:44:41.414,1.3384,1.33848,1.50,1.01
2017.12.27 06:44:41.950,1.3384,1.33849,1.69,3.26
2017.12.27 06:44:51.834,1.33838,1.33842,1.00,1.31
2017.12.27 06:44:51.887,1.33834,1.33842,1.07,1.50
2017.12.27 06:44:51.939,1.33833,1.33842,4.50,4.01
2017.12.27 06:44:52.351,1.33833,1.3384,4.50,1.70
2017.12.27 06:44:53.060,1.33832,1.33841,3.75,3.07
2017.12.27 06:44:53.566,1.33832,1.3384,3.75,1.01
2017.12.27 06:44:55.249,1.33832,1.33841,3.75,3.45
2017.12.27 06:44:56.068,1.33832,1.3384,3.75,2.70
2017.12.27 06:44:56.386,1.33832,1.3384,3.75,1.76
2017.12.27 06:44:57.358,1.33831,1.3384,5.25,2.14
2017.12.27 06:45:00.015,1.33831,1.3384,5.25,2.62
2017.12.27 06:45:00.437,1.33833,1.3384,3.75,1.87
2017.12.27 06:45:01.036,1.33833,1.3384,3.75,1.00
2017.12.27 06:45:01.811,1.33833,1.3384,3.75,1.87
2017.12.27 06:45:01.979,1.33834,1.33841,3.75,1.10
2017.12.27 06:45:02.134,1.33832,1.33841,5.25,1.25
2017.12.27 06:45:03.403,1.33832,1.33841,4.50,1.57
2017.12.27 06:45:04.722,1.33832,1.33841,4.50,1.57
2017.12.27 06:45:05.373,1.33832,1.33841,4.50,1.57
2017.12.27 06:45:05.892,1.33832,1.33841,4.50,1.57
2017.12.27 06:45:11.508,1.33832,1.33841,4.50,1.76
2017.12.27 06:45:12.585,1.33832,1.33841,4.50,1.95
2017.12.27 06:45:14.238,1.33832,1.33841,4.50,1.95
2017.12.27 06:45:16.389,1.33832,1.33841,4.50,1.95
2017.12.27 06:45:16.987,1.33832,1.33841,1.25,2.14
2017.12.27 06:45:17.563,1.33832,1.33841,1.00,1.76
2017.12.27 06:45:18.295,1.33832,1.33841,1.25,2.14
2017.12.27 06:45:18.816,1.33833,1.33841,3.75,2.32
2017.12.27 06:45:21.317,1.33833,1.33841,3.75,2.32
2017.12.27 06:45:22.046,1.33833,1.33841,3.75,1.95
2017.12.27 06:45:22.451,1.33832,1.3384,1.00,2.04
2017.12.27 06:45:22.504,1.3383,1.33839,1.00,1.57
2017.12.27 06:45:24.275,1.3383,1.33838,1.00,1.50
2017.12.27 06:45:24.810,1.3383,1.33839,1.00,2.32
2017.12.27 06:45:26.461,1.3383,1.33838,1.00,1.31
2017.12.27 06:45:27.027,1.3383,1.33838,1.00,1.31
2017.12.27 06:45:27.693,1.33832,1.33838,3.75,1.00
2017.12.27 06:45:27.797,1.33832,1.3384,3.75,1.00
2017.12.27 06:45:32.306,1.33832,1.3384,3.75,1.87
2017.12.27 06:45:34.305,1.33832,1.3384,3.75,1.20
2017.12.27 06:45:36.149,1.33832,1.33841,4.50,1.01
2017.12.27 06:45:40.700,1.33832,1.3384,3.75,1.00
2017.12.27 06:45:40.805,1.33834,1.33841,1.00,1.20
2017.12.27 06:45:41.313,1.33833,1.33842,3.94,2.14
2017.12.27 06:45:42.268,1.33833,1.33842,3.94,1.76
2017.12.27 06:45:43.796,1.33832,1.33842,5.44,1.01
2017.12.27 06:45:45.975,1.33833,1.33842,3.75,1.20
2017.12.27 06:45:48.477,1.33833,1.33841,3.75,1.00
2017.12.27 06:45:49.078,1.33833,1.33842,3.75,1.10
2017.12.27 06:45:49.753,1.33833,1.33842,3.75,1.95
2017.12.27 06:45:50.265,1.33833,1.33842,4.13,1.20
2017.12.27 06:45:50.853,1.33833,1.33842,4.31,2.32
2017.12.27 06:45:55.803,1.33833,1.33842,3.94,1.10
2017.12.27 06:45:57.613,1.33833,1.33842,4.13,1.10
2017.12.27 06:46:00.423,1.33833,1.33842,3.94,4.20
2017.12.27 06:46:00.474,1.33833,1.33842,3.94,1.20
2017.12.27 06:46:01.210,1.33833,1.33842,4.50,2.32
2017.12.27 06:46:02.015,1.33833,1.33842,3.75,1.20
2017.12.27 06:46:03.143,1.33833,1.33842,3.93,2.70
2017.12.27 06:46:03.678,1.33833,1.33842,3.75,1.39
2017.12.27 06:46:04.611,1.33833,1.3384,3.75,1.45
2017.12.27 06:46:09.257,1.33833,1.33841,4.13,3.82
2017.12.27 06:46:09.427,1.33833,1.33839,3.75,1.45
2017.12.27 06:46:15.943,1.33832,1.33841,4.88,2.89
2017.12.27 06:46:16.552,1.33832,1.33841,4.88,1.57
2017.12.27 06:46:18.369,1.33832,1.3384,4.88,1.45
2017.12.27 06:46:18.885,1.33832,1.3384,4.50,1.57
2017.12.27 06:46:20.136,1.33832,1.3384,4.50,1.89
2017.12.27 06:46:22.912,1.33832,1.3384,4.50,1.07
2017.12.27 06:46:33.336,1.33832,1.3384,1.25,2.32
2017.12.27 06:46:34.537,1.33832,1.33841,1.00,2.89
2017.12.27 06:46:35.050,1.33832,1.33841,1.38,3.64
2017.12.27 06:46:35.705,1.33832,1.33841,1.13,3.07
2017.12.27 06:46:36.469,1.3383,1.3384,1.50,1.89
2017.12.27 06:46:36.521,1.3383,1.33839,1.50,1.95
2017.12.27 06:46:40.483,1.3383,1.33839,1.00,2.14
2017.12.27 06:46:41.034,1.33829,1.33839,1.25,2.14
2017.12.27 06:46:41.722,1.33829,1.33839,1.31,2.14
2017.12.27 06:46:42.425,1.33829,1.33839,1.31,2.14
2017.12.27 06:46:43.920,1.33829,1.33839,1.25,2.51
2017.12.27 06:46:44.254,1.33829,1.33838,1.25,1.70
2017.12.27 06:46:45.766,1.33829,1.33839,1.13,2.70
2017.12.27 06:46:46.297,1.33829,1.33839,1.13,2.32
2017.12.27 06:46:47.088,1.33829,1.33839,1.13,2.32
2017.12.27 06:46:47.697,1.33829,1.33839,1.13,2.32
2017.12.27 06:46:48.239,1.33829,1.33838,1.00,1.88
2017.12.27 06:46:48.395,1.33828,1.33837,1.00,1.45
2017.12.27 06:46:48.448,1.33825,1.33834,3.00,3.45
2017.12.27 06:46:48.552,1.33825,1.33832,3.00,2.14
2017.12.27 06:46:50.059,1.33825,1.33832,3.00,1.95
2017.12.27 06:46:51.017,1.33824,1.33832,3.00,2.32
2017.12.27 06:46:54.071,1.33823,1.33832,3.19,1.95
2017.12.27 06:46:54.615,1.33823,1.33832,3.56,2.13
2017.12.27 06:46:57.989,1.33823,1.33831,1.00,1.20
2017.12.27 06:46:58.092,1.33823,1.33829,1.00,1.45
2017.12.27 06:46:58.851,1.33821,1.33829,1.50,1.45
2017.12.27 06:46:59.538,1.3382,1.33829,1.50,2.89
2017.12.27 06:46:59.590,1.33819,1.33828,1.00,1.70
2017.12.27 06:46:59.901,1.33811,1.33819,1.63,1.45
2017.12.27 06:47:00.815,1.3381,1.33819,2.06,1.45
2017.12.27 06:47:01.348,1.3381,1.3382,2.25,1.45
2017.12.27 06:47:01.899,1.3381,1.3382,2.25,1.76
2017.12.27 06:47:02.507,1.3381,1.3382,1.87,1.45
2017.12.27 06:47:03.009,1.3381,1.33821,1.87,1.70
2017.12.27 06:47:03.240,1.33811,1.33818,1.00,1.45
2017.12.27 06:47:03.755,1.3381,1.33818,1.13,1.45
2017.12.27 06:47:04.960,1.3381,1.33818,1.38,1.45
2017.12.27 06:47:07.151,1.3381,1.3382,1.44,1.70
2017.12.27 06:47:07.687,1.3381,1.33821,1.44,3.45
2017.12.27 06:47:08.274,1.33811,1.33821,1.50,1.39
2017.12.27 06:47:08.587,1.33821,1.3383,3.00,1.57
2017.12.27 06:47:09.103,1.33821,1.33831,3.38,1.57
2017.12.27 06:47:09.627,1.33822,1.33831,1.13,1.95
2017.12.27 06:47:10.675,1.33822,1.33831,4.13,2.89
2017.12.27 06:47:11.212,1.33822,1.33831,4.13,1.57
2017.12.27 06:47:11.785,1.33822,1.33831,3.75,1.57
2017.12.27 06:47:12.152,1.33825,1.33831,3.00,1.00
2017.12.27 06:47:12.329,1.33828,1.33836,3.00,1.20
2017.12.27 06:47:12.382,1.3383,1.33837,1.38,1.20
2017.12.27 06:47:12.435,1.33831,1.33839,3.00,1.20
2017.12.27 06:47:12.539,1.33831,1.33841,3.38,1.12
2017.12.27 06:47:13.841,1.33832,1.33842,4.88,1.47
2017.12.27 06:47:14.351,1.33832,1.33842,4.88,1.39
2017.12.27 06:47:14.902,1.33832,1.33842,4.88,1.20
2017.12.27 06:47:15.806,1.33832,1.33842,4.88,1.57
2017.12.27 06:47:16.267,1.33836,1.33842,3.75,1.29
2017.12.27 06:47:16.371,1.33836,1.33844,3.75,1.87
2017.12.27 06:47:17.062,1.33838,1.33847,4.69,1.07
2017.12.27 06:47:17.213,1.33839,1.33849,1.10,1.95
2017.12.27 06:47:18.075,1.33839,1.3385,1.00,2.51
2017.12.27 06:47:18.646,1.33839,1.3385,1.00,2.51
2017.12.27 06:47:19.149,1.33839,1.3385,1.00,2.51
2017.12.27 06:47:19.656,1.33839,1.3385,1.00,2.51
2017.12.27 06:47:20.183,1.33839,1.3385,1.00,2.51
2017.12.27 06:47:20.615,1.33842,1.33851,3.75,2.14
2017.12.27 06:47:20.770,1.33843,1.33851,1.13,1.00
2017.12.27 06:47:21.316,1.33849,1.33856,1.00,1.73
2017.12.27 06:47:21.368,1.33855,1.33862,3.75,1.07
2017.12.27 06:47:21.423,1.33858,1.33865,1.00,3.07
2017.12.27 06:47:21.477,1.3386,1.33866,3.75,1.12
2017.12.27 06:47:21.530,1.33862,1.33871,4.50,2.25
2017.12.27 06:47:22.060,1.33863,1.33871,3.00,1.37
2017.12.27 06:47:22.450,1.33863,1.33871,3.00,1.75
2017.12.27 06:47:22.993,1.33863,1.33871,3.00,1.75
2017.12.27 06:47:23.978,1.33863,1.33871,3.00,2.00
2017.12.27 06:47:24.489,1.33863,1.33871,3.00,1.81
2017.12.27 06:47:25.079,1.33863,1.33871,3.00,1.50
2017.12.27 06:47:25.181,1.33863,1.33871,3.00,1.69
2017.12.27 06:47:25.285,1.33863,1.33871,3.00,1.31
2017.12.27 06:47:26.029,1.33863,1.33871,3.00,1.50
2017.12.27 06:47:26.969,1.33863,1.33871,3.07,1.31
2017.12.27 06:47:28.013,1.33862,1.33871,3.00,1.25
2017.12.27 06:47:28.563,1.33865,1.33871,2.25,1.00
2017.12.27 06:47:28.872,1.33868,1.33872,2.25,1.00
2017.12.27 06:47:29.079,1.33866,1.33875,1.50,3.64
2017.12.27 06:47:29.611,1.33866,1.33873,1.50,1.00
2017.12.27 06:47:30.114,1.33865,1.33874,1.75,1.10
2017.12.27 06:47:30.674,1.33865,1.33873,2.25,1.00
2017.12.27 06:47:31.488,1.33865,1.33875,1.75,4.27
2017.12.27 06:47:32.026,1.33866,1.33874,1.50,3.04
2017.12.27 06:47:32.532,1.33865,1.33872,2.62,1.00
2017.12.27 06:47:32.637,1.3386,1.33871,6.24,1.12
2017.12.27 06:47:32.689,1.33856,1.33864,1.87,2.25
2017.12.27 06:47:32.999,1.33855,1.33864,2.60,1.12
2017.12.27 06:47:33.102,1.33855,1.33862,2.60,1.00
2017.12.27 06:47:34.009,1.33854,1.33865,3.64,2.55
2017.12.27 06:47:34.060,1.33854,1.33862,2.89,1.00
2017.12.27 06:47:34.698,1.33855,1.33861,1.50,1.00
2017.12.27 06:47:35.232,1.33855,1.33862,1.88,1.10
2017.12.27 06:47:35.784,1.33855,1.33861,2.63,1.00
2017.12.27 06:47:37.743,1.33854,1.33862,2.81,1.57
2017.12.27 06:47:38.274,1.33855,1.33862,1.88,1.57
2017.12.27 06:47:40.437,1.33855,1.33862,1.88,1.20
2017.12.27 06:47:41.472,1.33854,1.33862,1.75,2.51
2017.12.27 06:47:42.117,1.33849,1.33854,1.00,1.12
2017.12.27 06:47:42.170,1.33846,1.33854,1.87,1.00
2017.12.27 06:47:42.222,1.33844,1.33853,1.50,1.20
2017.12.27 06:47:42.274,1.33842,1.33851,1.31,1.12
2017.12.27 06:47:42.584,1.33841,1.3385,1.00,2.70
2017.12.27 06:47:43.112,1.33839,1.33849,1.50,1.70
2017.12.27 06:47:43.615,1.33839,1.33849,1.00,1.70
2017.12.27 06:47:47.429,1.33839,1.33849,1.57,1.44
2017.12.27 06:47:47.971,1.33839,1.33849,1.70,1.44
