2012.09.07 20:00:00.358,1.60073,1.60089,2.10,1.50
2012.09.07 20:00:00.904,1.60072,1.6009,1.73,1.50
2012.09.07 20:00:02.634,1.60071,1.60089,1.35,1.50
2012.09.07 20:00:03.404,1.6007,1.6009,2.10,2.25
2012.09.07 20:00:07.767,1.60073,1.60088,1.35,1.50
2012.09.07 20:00:09.136,1.60071,1.60088,1.58,1.50
2012.09.07 20:00:09.675,1.60072,1.60089,3.00,1.13
2012.09.07 20:00:11.920,1.60072,1.6009,1.35,2.25
2012.09.07 20:00:12.463,1.60072,1.6009,2.85,2.25
2012.09.07 20:00:12.795,1.60072,1.6009,2.10,2.25
2012.09.07 20:00:13.966,1.60072,1.6009,2.10,2.25
2012.09.07 20:00:14.364,1.60073,1.6009,1.35,2.25
2012.09.07 20:00:23.653,1.60073,1.6009,1.35,1.88
2012.09.07 20:00:24.054,1.60074,1.6009,2.10,1.50
2012.09.07 20:00:24.953,1.60074,1.60092,2.25,1.50
2012.09.07 20:00:26.013,1.60076,1.60093,1.35,1.50
2012.09.07 20:00:27.313,1.60076,1.60092,1.35,1.50
2012.09.07 20:00:28.882,1.60076,1.60092,1.35,1.88
2012.09.07 20:00:33.043,1.60075,1.60092,1.35,1.50
2012.09.07 20:00:35.172,1.60075,1.60092,1.35,1.88
2012.09.07 20:00:36.972,1.60074,1.60092,1.73,1.13
2012.09.07 20:00:37.492,1.60074,1.60092,1.35,1.13
2012.09.07 20:00:56.133,1.60074,1.60094,2.48,2.25
2012.09.07 20:00:56.789,1.60074,1.60094,2.63,2.25
2012.09.07 20:00:57.312,1.60075,1.60094,1.35,1.88
2012.09.07 20:00:58.907,1.60078,1.60094,1.50,1.50
2012.09.07 20:00:58.984,1.60076,1.60095,1.50,1.80
2012.09.07 20:00:59.524,1.60076,1.60096,2.63,1.80
2012.09.07 20:01:00.472,1.60076,1.60096,2.63,1.80
2012.09.07 20:01:02.154,1.60078,1.60096,1.88,1.05
2012.09.07 20:01:02.647,1.60079,1.60097,2.25,1.05
2012.09.07 20:01:02.727,1.6008,1.60098,1.65,1.50
2012.09.07 20:01:03.283,1.6008,1.60098,1.65,1.50
2012.09.07 20:01:03.792,1.6008,1.60098,1.65,1.50
2012.09.07 20:01:09.074,1.6008,1.60098,1.65,1.50
2012.09.07 20:01:10.543,1.6008,1.60099,1.50,3.00
2012.09.07 20:01:11.272,1.60081,1.60099,1.39,3.00
2012.09.07 20:01:11.583,1.60088,1.601,1.73,4.80
2012.09.07 20:01:11.899,1.60089,1.601,1.50,1.50
2012.09.07 20:01:12.047,1.60089,1.60105,1.50,1.50
2012.09.07 20:01:12.583,1.60089,1.60105,1.50,1.50
2012.09.07 20:01:13.595,1.60087,1.60105,1.73,1.50
2012.09.07 20:01:14.104,1.60087,1.60105,1.73,1.50
2012.09.07 20:01:14.863,1.6009,1.60105,1.50,1.50
2012.09.07 20:01:17.368,1.60091,1.60105,1.39,1.50
2012.09.07 20:01:17.885,1.60095,1.60105,1.13,1.50
2012.09.07 20:01:18.106,1.60101,1.60117,1.50,1.35
2012.09.07 20:01:18.268,1.60102,1.60121,1.39,2.10
2012.09.07 20:01:18.348,1.60102,1.60121,1.39,1.88
2012.09.07 20:01:18.694,1.60101,1.60119,1.39,2.25
2012.09.07 20:01:19.347,1.60101,1.60119,1.39,2.25
2012.09.07 20:01:19.860,1.60102,1.60119,1.39,2.25
2012.09.07 20:01:20.416,1.60102,1.60119,1.39,2.25
2012.09.07 20:01:23.508,1.60104,1.60119,1.39,1.50
2012.09.07 20:01:24.090,1.60101,1.60119,1.39,1.50
2012.09.07 20:01:24.955,1.60101,1.60119,1.39,1.50
2012.09.07 20:01:27.396,1.60101,1.60119,1.77,1.50
2012.09.07 20:01:27.944,1.60101,1.60119,1.99,1.50
2012.09.07 20:01:28.454,1.60101,1.60119,1.39,1.50
2012.09.07 20:01:28.957,1.60101,1.6012,2.14,1.50
2012.09.07 20:01:32.744,1.60101,1.60121,2.14,1.50
2012.09.07 20:01:33.915,1.60101,1.60121,2.74,1.50
2012.09.07 20:01:34.464,1.60101,1.60121,2.74,1.50
2012.09.07 20:01:34.853,1.60101,1.60119,2.74,1.50
2012.09.07 20:01:37.404,1.60101,1.60119,2.74,1.50
2012.09.07 20:01:38.744,1.60101,1.60119,2.74,1.50
2012.09.07 20:01:39.447,1.60102,1.60119,1.50,1.50
2012.09.07 20:01:39.749,1.60116,1.60137,1.35,2.85
2012.09.07 20:01:39.829,1.60117,1.60137,1.35,2.85
2012.09.07 20:01:39.907,1.60118,1.60137,1.35,1.35
2012.09.07 20:01:40.176,1.60121,1.6014,1.35,1.35
2012.09.07 20:01:40.462,1.60124,1.60141,2.10,2.25
2012.09.07 20:01:40.546,1.60124,1.60141,2.10,1.50
2012.09.07 20:01:41.102,1.60124,1.6014,1.24,1.50
2012.09.07 20:01:42.116,1.60125,1.60141,1.50,1.50
2012.09.07 20:01:42.197,1.60125,1.60141,2.10,1.50
2012.09.07 20:01:42.724,1.60124,1.60144,1.39,1.50
2012.09.07 20:01:43.603,1.60124,1.60144,2.14,1.50
2012.09.07 20:01:44.236,1.60124,1.60144,1.39,1.50
2012.09.07 20:01:44.455,1.60122,1.60144,1.35,1.50
2012.09.07 20:01:44.974,1.60123,1.60143,1.13,1.73
2012.09.07 20:01:45.528,1.60123,1.60143,1.35,1.50
2012.09.07 20:01:46.254,1.60123,1.60143,1.35,1.50
2012.09.07 20:01:46.514,1.60123,1.60142,1.20,1.50
2012.09.07 20:01:46.584,1.60123,1.60141,1.20,1.50
2012.09.07 20:01:46.855,1.60118,1.60137,1.35,2.48
2012.09.07 20:01:50.707,1.60115,1.60136,2.10,2.25
2012.09.07 20:01:50.785,1.60115,1.60136,1.35,1.65
2012.09.07 20:01:50.856,1.60113,1.60134,1.58,1.50
2012.09.07 20:01:51.774,1.60113,1.60133,1.35,1.35
2012.09.07 20:01:53.157,1.60113,1.60133,1.35,1.35
2012.09.07 20:01:53.856,1.60113,1.60133,1.35,1.35
2012.09.07 20:01:54.397,1.60113,1.60133,1.35,1.73
2012.09.07 20:01:58.215,1.60113,1.60133,1.35,1.73
2012.09.07 20:01:58.735,1.60113,1.60134,1.35,2.10
2012.09.07 20:02:00.773,1.60113,1.60134,1.35,2.10
2012.09.07 20:02:02.424,1.60113,1.60134,1.35,2.10
2012.09.07 20:02:02.913,1.60113,1.60134,1.35,2.10
2012.09.07 20:02:03.463,1.60114,1.60134,1.35,2.10
2012.09.07 20:02:04.314,1.60114,1.60134,1.35,2.10
2012.09.07 20:02:04.875,1.60114,1.60134,1.35,2.10
2012.09.07 20:02:05.556,1.60114,1.60134,1.35,2.10
2012.09.07 20:02:06.094,1.60114,1.60133,1.35,1.50
2012.09.07 20:02:06.614,1.60114,1.60133,1.35,1.73
2012.09.07 20:02:07.196,1.60114,1.60132,1.35,1.73
2012.09.07 20:02:07.713,1.60114,1.60133,1.35,2.48
2012.09.07 20:02:08.057,1.60114,1.60132,1.35,1.73
2012.09.07 20:02:09.755,1.60111,1.6013,1.35,1.73
2012.09.07 20:02:11.045,1.60109,1.60129,2.10,2.48
2012.09.07 20:02:11.526,1.60109,1.60128,2.10,2.48
2012.09.07 20:02:11.935,1.60109,1.60129,1.35,1.73
2012.09.07 20:02:16.518,1.60109,1.60128,1.35,1.50
2012.09.07 20:02:16.600,1.60108,1.60125,2.38,1.13
2012.09.07 20:02:16.748,1.60106,1.60122,1.35,1.50
2012.09.07 20:02:17.306,1.60102,1.60122,1.35,2.48
2012.09.07 20:02:22.413,1.60102,1.60122,2.10,2.48
2012.09.07 20:02:22.874,1.60105,1.60122,1.35,1.50
2012.09.07 20:02:22.959,1.60107,1.60122,1.35,1.50
2012.09.07 20:02:23.368,1.60107,1.60129,1.35,1.73
2012.09.07 20:02:23.523,1.60111,1.60131,1.35,1.13
2012.09.07 20:02:23.795,1.60112,1.60133,1.35,2.35
2012.09.07 20:02:27.684,1.6011,1.60128,2.33,1.13
2012.09.07 20:02:27.994,1.60104,1.60124,1.35,2.48
2012.09.07 20:02:28.565,1.60104,1.60122,1.35,2.10
2012.09.07 20:02:28.765,1.60104,1.60124,1.35,3.23
2012.09.07 20:02:28.975,1.60104,1.60125,2.85,1.88
2012.09.07 20:02:29.523,1.60106,1.60126,1.35,1.13
2012.09.07 20:02:30.355,1.60106,1.60127,1.35,1.73
2012.09.07 20:02:32.986,1.60106,1.60127,1.35,1.73
2012.09.07 20:02:33.373,1.60106,1.60124,1.35,1.20
2012.09.07 20:02:33.715,1.60101,1.60118,1.58,1.50
2012.09.07 20:02:33.797,1.60101,1.60118,1.35,1.50
2012.09.07 20:02:36.095,1.60097,1.60116,1.35,1.88
2012.09.07 20:02:36.695,1.60097,1.60116,1.35,1.88
2012.09.07 20:02:37.695,1.60097,1.60116,1.35,1.88
2012.09.07 20:02:47.836,1.60096,1.60115,1.35,1.35
2012.09.07 20:02:49.287,1.60097,1.60115,1.35,1.35
2012.09.07 20:02:50.038,1.60097,1.60114,1.35,1.73
2012.09.07 20:02:50.543,1.601,1.60115,1.35,1.88
2012.09.07 20:02:52.246,1.60097,1.60113,1.35,1.13
2012.09.07 20:02:54.225,1.60095,1.6011,1.35,1.50
2012.09.07 20:02:54.295,1.60096,1.60111,1.35,1.50
2012.09.07 20:02:54.375,1.60095,1.6011,1.35,1.50
2012.09.07 20:02:54.455,1.60096,1.6011,1.35,1.73
2012.09.07 20:02:54.994,1.60096,1.6011,1.35,1.50
2012.09.07 20:02:55.447,1.60093,1.6011,1.35,1.88
2012.09.07 20:02:55.526,1.60091,1.60106,1.35,1.73
2012.09.07 20:02:55.747,1.60088,1.60104,2.38,1.73
2012.09.07 20:02:55.968,1.60088,1.60104,2.38,1.73
2012.09.07 20:02:56.046,1.60085,1.60105,2.10,2.25
2012.09.07 20:02:56.195,1.60086,1.60106,1.35,1.88
2012.09.07 20:02:56.335,1.60086,1.60106,1.35,1.88
2012.09.07 20:02:57.699,1.60086,1.60106,1.35,1.88
2012.09.07 20:02:59.677,1.60086,1.60106,1.35,1.88
2012.09.07 20:03:00.006,1.60079,1.60098,1.62,2.25
2012.09.07 20:03:00.084,1.60079,1.60098,1.62,2.25
2012.09.07 20:03:00.276,1.60076,1.60096,3.23,1.50
2012.09.07 20:03:01.208,1.60076,1.60095,2.48,1.50
2012.09.07 20:03:01.874,1.60076,1.60095,2.48,1.50
2012.09.07 20:03:02.434,1.60076,1.60095,1.35,1.50
2012.09.07 20:03:03.018,1.60076,1.60095,1.35,1.50
2012.09.07 20:03:04.224,1.60076,1.60094,1.35,1.50
2012.09.07 20:03:05.023,1.60076,1.60094,1.35,1.50
2012.09.07 20:03:05.694,1.60076,1.60096,2.10,3.38
2012.09.07 20:03:07.202,1.60076,1.60096,2.10,2.63
2012.09.07 20:03:07.894,1.60076,1.60096,1.35,2.63
2012.09.07 20:03:08.104,1.60076,1.60094,1.35,1.50
2012.09.07 20:03:08.512,1.60073,1.60091,3.73,1.50
2012.09.07 20:03:08.588,1.60071,1.60091,1.73,1.50
2012.09.07 20:03:08.967,1.60071,1.6009,2.48,1.73
2012.09.07 20:03:09.471,1.60071,1.6009,2.10,2.48
2012.09.07 20:03:10.023,1.60071,1.6009,2.10,2.48
2012.09.07 20:03:10.795,1.60071,1.6009,2.10,2.48
2012.09.07 20:03:12.309,1.60071,1.60089,1.35,1.73
2012.09.07 20:03:12.518,1.60069,1.60086,1.35,1.50
2012.09.07 20:03:12.595,1.60069,1.60085,1.35,1.50
2012.09.07 20:03:12.737,1.60065,1.60085,1.58,2.25
2012.09.07 20:03:12.816,1.60066,1.60085,1.35,1.73
2012.09.07 20:03:13.175,1.60071,1.60086,1.88,2.10
2012.09.07 20:03:13.245,1.60071,1.60086,1.88,1.73
2012.09.07 20:03:13.374,1.60072,1.60087,1.35,1.50
2012.09.07 20:03:13.934,1.60072,1.6009,1.35,2.48
2012.09.07 20:03:16.354,1.60071,1.60091,3.08,1.50
2012.09.07 20:03:17.165,1.60072,1.60093,1.58,1.50
2012.09.07 20:03:19.126,1.60072,1.60093,2.33,1.50
2012.09.07 20:03:25.783,1.60072,1.60093,3.08,1.50
2012.09.07 20:03:27.444,1.60072,1.60093,2.33,1.50
2012.09.07 20:03:28.026,1.60072,1.60093,3.08,1.50
2012.09.07 20:03:30.838,1.60075,1.60096,1.35,2.25
2012.09.07 20:03:39.204,1.60075,1.60096,1.35,3.00
2012.09.07 20:03:41.377,1.60075,1.60096,1.35,1.50
2012.09.07 20:03:42.335,1.60075,1.60096,1.35,1.50
2012.09.07 20:03:52.344,1.60076,1.60094,1.35,1.50
2012.09.07 20:03:53.098,1.60076,1.60094,1.35,1.50
2012.09.07 20:03:57.634,1.60075,1.60094,1.35,1.50
2012.09.07 20:04:02.094,1.60075,1.60094,1.35,1.50
2012.09.07 20:04:05.136,1.60075,1.60094,1.35,1.50
2012.09.07 20:04:05.654,1.60075,1.60095,2.10,1.50
2012.09.07 20:04:17.312,1.60075,1.60095,2.10,1.50
2012.09.07 20:04:17.857,1.60075,1.60095,2.10,1.50
2012.09.07 20:04:29.975,1.60075,1.60093,1.50,1.50
2012.09.07 20:04:30.328,1.60071,1.60085,1.35,1.69
2012.09.07 20:04:30.406,1.60066,1.60085,2.85,1.69
2012.09.07 20:04:42.208,1.60064,1.60083,1.47,4.32
2012.09.07 20:04:42.288,1.60063,1.60083,1.62,4.32
2012.09.07 20:04:42.368,1.60062,1.60081,1.50,1.13
2012.09.07 20:04:42.446,1.60061,1.60081,1.35,2.25
2012.09.07 20:04:42.768,1.60059,1.60079,2.10,2.25
2012.09.07 20:04:44.395,1.60059,1.60077,2.10,1.13
2012.09.07 20:04:44.719,1.60061,1.60077,1.35,1.13
2012.09.07 20:04:45.284,1.60061,1.60077,1.35,1.13
2012.09.07 20:04:45.415,1.60061,1.60081,1.35,1.50
2012.09.07 20:04:46.116,1.60061,1.6008,1.35,1.13
2012.09.07 20:04:46.487,1.60061,1.60081,1.35,2.25
2012.09.07 20:04:47.045,1.60061,1.60082,1.35,2.48
2012.09.07 20:04:47.605,1.60061,1.60081,1.50,1.50
2012.09.07 20:04:56.936,1.6006,1.6008,1.35,1.50
2012.09.07 20:04:57.456,1.6006,1.6008,1.35,1.50
2012.09.07 20:04:57.976,1.6006,1.60081,1.35,2.25
2012.09.07 20:05:02.007,1.6006,1.60079,1.35,1.50
2012.09.07 20:05:03.007,1.6006,1.60078,2.74,1.13
2012.09.07 20:05:03.136,1.6006,1.60075,1.24,1.50
2012.09.07 20:05:03.650,1.6006,1.60078,1.24,1.50
2012.09.07 20:05:04.155,1.6006,1.60078,1.24,1.50
2012.09.07 20:05:04.697,1.6006,1.60078,1.24,2.25
2012.09.07 20:05:08.266,1.6006,1.60077,1.24,1.50
2012.09.07 20:05:08.921,1.60058,1.60076,1.58,1.50
2012.09.07 20:05:13.164,1.60058,1.60076,1.58,1.50
2012.09.07 20:05:14.716,1.60058,1.60076,1.58,1.50
2012.09.07 20:05:15.507,1.6006,1.60076,1.35,2.25
2012.09.07 20:05:22.307,1.60058,1.60078,3.08,1.50
2012.09.07 20:05:23.115,1.60059,1.60078,1.35,1.50
2012.09.07 20:05:23.446,1.60059,1.60075,1.35,1.13
2012.09.07 20:05:23.956,1.6006,1.60075,1.35,1.13
2012.09.07 20:05:25.995,1.60056,1.60075,2.33,1.13
2012.09.07 20:05:34.073,1.60059,1.60075,1.35,1.13
2012.09.07 20:05:39.427,1.6006,1.60075,1.35,1.13
2012.09.07 20:05:46.443,1.6006,1.60076,1.35,1.88
2012.09.07 20:05:54.334,1.60059,1.60075,1.35,1.88
2012.09.07 20:05:57.434,1.60056,1.60075,1.35,1.88
2012.09.07 20:05:58.704,1.60055,1.60075,1.35,1.88
2012.09.07 20:05:59.225,1.60055,1.60073,1.35,1.50
2012.09.07 20:06:01.274,1.60055,1.60072,1.35,1.13
2012.09.07 20:06:01.404,1.60055,1.60071,1.35,1.28
2012.09.07 20:06:02.058,1.60055,1.60071,1.35,1.43
2012.09.07 20:06:03.436,1.60055,1.60072,1.35,1.80
2012.09.07 20:06:03.565,1.60055,1.60074,1.35,2.25
2012.09.07 20:06:27.923,1.60054,1.60074,2.18,2.25
2012.09.07 20:06:33.646,1.60056,1.60074,1.35,2.25
2012.09.07 20:06:36.008,1.60055,1.60074,1.43,2.25
2012.09.07 20:06:42.264,1.60055,1.60074,1.43,1.50
2012.09.07 20:06:43.176,1.60054,1.60074,2.18,1.50
2012.09.07 20:06:55.065,1.60056,1.60076,2.10,2.63
2012.09.07 20:06:58.274,1.60058,1.60076,1.35,1.88
2012.09.07 20:06:58.466,1.60058,1.60077,2.10,1.73
2012.09.07 20:06:58.546,1.60058,1.60077,2.10,2.48
2012.09.07 20:06:58.866,1.60059,1.60077,1.50,2.48
2012.09.07 20:06:59.186,1.60059,1.60077,1.50,1.73
2012.09.07 20:07:00.004,1.60059,1.60078,1.50,2.10
2012.09.07 20:07:00.206,1.60058,1.60076,1.50,1.50
2012.09.07 20:07:00.887,1.60058,1.60076,1.50,1.50
2012.09.07 20:07:01.506,1.60058,1.60076,1.50,1.50
2012.09.07 20:07:02.054,1.60058,1.60077,1.50,1.73
2012.09.07 20:07:02.944,1.60059,1.60078,1.50,1.35
2012.09.07 20:07:03.016,1.6006,1.6008,2.25,2.48
2012.09.07 20:07:03.086,1.60061,1.60081,1.05,2.25
2012.09.07 20:07:04.299,1.60061,1.60082,5.07,1.50
2012.09.07 20:07:04.807,1.60063,1.60082,1.50,1.50
2012.09.07 20:07:05.326,1.60063,1.60082,1.50,1.50
2012.09.07 20:07:07.318,1.60063,1.60082,2.25,1.50
2012.09.07 20:07:07.396,1.60064,1.60085,1.58,1.50
2012.09.07 20:07:07.936,1.60064,1.60085,2.33,1.50
2012.09.07 20:07:08.317,1.60066,1.60087,1.50,1.73
2012.09.07 20:07:08.666,1.60071,1.6009,1.65,1.88
2012.09.07 20:07:08.948,1.60071,1.60092,4.13,1.50
2012.09.07 20:07:09.477,1.60072,1.60092,1.09,1.50
2012.09.07 20:07:10.015,1.60072,1.60092,1.84,1.50
2012.09.07 20:07:15.674,1.60071,1.60092,4.88,1.50
2012.09.07 20:07:16.786,1.60071,1.60092,4.13,1.50
2012.09.07 20:07:17.927,1.60073,1.60092,1.13,1.50
2012.09.07 20:07:19.494,1.60072,1.60092,1.28,1.50
2012.09.07 20:07:21.575,1.60072,1.6009,1.28,1.50
2012.09.07 20:07:25.528,1.60071,1.6009,2.33,1.50
2012.09.07 20:07:25.746,1.60071,1.6009,1.35,1.50
2012.09.07 20:07:26.306,1.60071,1.6009,1.35,1.50
2012.09.07 20:07:28.668,1.6007,1.60087,2.10,1.50
2012.09.07 20:07:29.198,1.60071,1.60087,1.50,1.50
2012.09.07 20:07:29.714,1.6007,1.60087,1.35,1.50
2012.09.07 20:07:32.284,1.6007,1.60087,1.35,1.50
2012.09.07 20:07:32.613,1.6007,1.60087,1.35,1.50
2012.09.07 20:07:37.546,1.60071,1.60087,1.50,1.50
2012.09.07 20:07:37.902,1.60065,1.60085,2.55,2.25
2012.09.07 20:07:38.547,1.60065,1.60085,3.30,2.25
2012.09.07 20:07:44.395,1.60065,1.60085,2.70,2.63
2012.09.07 20:07:52.073,1.60065,1.60082,1.05,1.13
2012.09.07 20:07:53.668,1.60066,1.60083,1.58,1.13
2012.09.07 20:07:54.011,1.60065,1.60082,1.05,1.73
2012.09.07 20:07:54.087,1.60065,1.60085,1.05,1.13
2012.09.07 20:07:54.645,1.60065,1.60085,1.05,1.20
2012.09.07 20:07:54.934,1.60065,1.60085,1.05,1.20
2012.09.07 20:07:55.185,1.60065,1.60085,1.05,1.88
2012.09.07 20:07:56.018,1.60063,1.60084,1.58,1.50
2012.09.07 20:07:59.946,1.60063,1.60084,1.73,1.88
2012.09.07 20:08:03.216,1.60062,1.60081,1.13,1.50
2012.09.07 20:08:08.358,1.60062,1.6008,1.65,1.50
2012.09.07 20:08:10.276,1.60061,1.6008,1.65,1.50
2012.09.07 20:08:10.346,1.60061,1.6008,1.65,1.50
2012.09.07 20:08:10.895,1.60061,1.60076,1.65,1.50
2012.09.07 20:08:11.106,1.60057,1.60076,2.10,1.50
2012.09.07 20:08:11.676,1.60058,1.60077,1.73,1.50
2012.09.07 20:08:23.088,1.60057,1.60077,1.35,1.50
2012.09.07 20:08:25.286,1.60056,1.60075,1.73,1.50
2012.09.07 20:08:34.895,1.60057,1.60075,1.73,1.50
2012.09.07 20:08:35.157,1.60059,1.60075,1.35,1.50
2012.09.07 20:08:35.242,1.60061,1.6008,1.73,1.88
2012.09.07 20:08:35.320,1.60061,1.6008,2.37,1.50
2012.09.07 20:08:35.397,1.60063,1.60082,1.58,3.38
2012.09.07 20:08:35.915,1.60064,1.60082,2.14,1.88
2012.09.07 20:08:38.367,1.60065,1.60082,1.50,1.13
2012.09.07 20:08:45.406,1.60064,1.60083,2.37,1.13
2012.09.07 20:08:58.352,1.60067,1.60083,1.50,1.13
2012.09.07 20:08:58.865,1.60066,1.60083,1.50,1.13
2012.09.07 20:09:03.007,1.60064,1.60083,2.85,1.13
2012.09.07 20:09:03.324,1.60064,1.60082,2.10,1.13
2012.09.07 20:09:05.135,1.60064,1.60082,2.85,1.13
2012.09.07 20:09:05.726,1.60064,1.60082,2.85,1.13
2012.09.07 20:09:10.465,1.60064,1.60082,3.60,1.13
2012.09.07 20:09:17.284,1.60066,1.60083,1.50,1.13
2012.09.07 20:09:19.215,1.60066,1.60082,1.50,1.13
2012.09.07 20:09:19.406,1.60064,1.60082,2.10,2.63
2012.09.07 20:09:19.716,1.60062,1.60078,1.62,1.13
2012.09.07 20:09:19.918,1.60059,1.60076,1.73,1.50
2012.09.07 20:09:20.476,1.60059,1.60076,1.35,1.50
2012.09.07 20:09:21.568,1.6006,1.60078,1.50,1.13
2012.09.07 20:09:21.896,1.60059,1.60076,1.73,1.13
2012.09.07 20:09:25.155,1.60059,1.60076,1.50,1.13
2012.09.07 20:09:25.226,1.6006,1.60078,1.50,1.50
2012.09.07 20:09:25.296,1.60061,1.60079,1.50,1.50
2012.09.07 20:09:25.437,1.60062,1.60081,2.25,1.50
2012.09.07 20:09:25.576,1.60062,1.60083,3.08,1.13
2012.09.07 20:09:26.297,1.60064,1.60083,1.62,1.13
2012.09.07 20:09:36.946,1.60064,1.60083,2.37,1.50
2012.09.07 20:09:37.279,1.60067,1.60084,1.73,1.50
2012.09.07 20:09:37.358,1.60069,1.60086,1.50,1.13
2012.09.07 20:09:37.437,1.60069,1.60086,2.48,1.13
2012.09.07 20:09:37.507,1.6007,1.60086,1.62,1.13
2012.09.07 20:09:37.897,1.60072,1.60087,1.39,1.50
2012.09.07 20:09:37.967,1.60073,1.60091,1.50,2.25
2012.09.07 20:09:38.276,1.60073,1.60091,2.25,2.25
2012.09.07 20:09:38.785,1.60075,1.60094,2.25,1.88
2012.09.07 20:09:38.857,1.60076,1.60094,2.37,1.50
2012.09.07 20:09:39.545,1.60078,1.60094,1.62,1.50
2012.09.07 20:09:40.055,1.60078,1.60094,1.62,1.50
2012.09.07 20:09:42.149,1.60078,1.60094,1.62,1.50
2012.09.07 20:09:42.719,1.6008,1.60097,1.50,1.50
2012.09.07 20:09:43.167,1.60081,1.60098,2.37,1.50
2012.09.07 20:09:43.309,1.60082,1.601,1.73,1.88
2012.09.07 20:09:43.388,1.60082,1.601,1.73,1.50
2012.09.07 20:09:43.995,1.60088,1.60105,1.39,1.50
2012.09.07 20:09:44.067,1.60088,1.60107,1.39,1.50
2012.09.07 20:09:44.397,1.60088,1.60107,1.62,1.50
2012.09.07 20:09:44.868,1.60088,1.60107,1.62,1.50
2012.09.07 20:09:47.426,1.60086,1.60107,1.99,1.50
2012.09.07 20:09:58.278,1.60092,1.60107,1.73,1.50
2012.09.07 20:09:58.698,1.60088,1.60107,1.24,1.50
2012.09.07 20:09:59.606,1.60087,1.60105,1.62,1.50
2012.09.07 20:10:06.914,1.60085,1.60105,1.73,1.50
2012.09.07 20:10:06.983,1.60085,1.60106,1.73,1.50
2012.09.07 20:10:07.556,1.60084,1.60106,2.37,2.25
2012.09.07 20:10:09.289,1.60084,1.60106,2.74,2.25
2012.09.07 20:10:09.437,1.60084,1.60105,1.99,1.50
2012.09.07 20:10:10.245,1.6008,1.60101,1.73,1.50
2012.09.07 20:10:11.077,1.6008,1.60098,1.73,1.50
2012.09.07 20:10:11.508,1.60083,1.60099,1.73,1.50
2012.09.07 20:10:11.727,1.60082,1.60099,1.73,1.50
2012.09.07 20:10:12.220,1.60078,1.60097,2.76,1.50
2012.09.07 20:10:12.747,1.60078,1.60095,2.01,1.50
2012.09.07 20:10:13.878,1.60078,1.60095,2.76,1.50
2012.09.07 20:10:21.836,1.60078,1.60094,2.76,1.50
2012.09.07 20:10:22.026,1.60078,1.60092,2.01,1.88
2012.09.07 20:10:22.179,1.60072,1.60092,1.73,1.13
2012.09.07 20:10:22.946,1.60072,1.60091,1.73,1.13
2012.09.07 20:10:23.407,1.60072,1.60088,1.73,1.50
2012.09.07 20:10:23.756,1.60074,1.6009,1.73,1.50
2012.09.07 20:10:30.051,1.60073,1.6009,1.73,1.50
2012.09.07 20:10:30.798,1.60073,1.6009,1.73,1.50
2012.09.07 20:10:35.786,1.60072,1.6009,1.73,1.50
2012.09.07 20:10:38.324,1.60072,1.60091,1.73,2.25
2012.09.07 20:10:38.837,1.60073,1.60089,1.73,1.50
2012.09.07 20:10:44.555,1.60072,1.60087,1.73,1.50
2012.09.07 20:10:44.687,1.6007,1.60086,1.39,2.25
2012.09.07 20:10:44.816,1.60066,1.60083,1.43,1.13
2012.09.07 20:10:45.325,1.60065,1.60083,1.73,1.13
2012.09.07 20:10:50.994,1.60065,1.60082,1.73,1.13
2012.09.07 20:10:59.986,1.60063,1.60081,1.73,1.50
2012.09.07 20:11:09.815,1.60063,1.60082,1.73,1.50
2012.09.07 20:11:15.965,1.60062,1.60081,1.73,1.50
2012.09.07 20:11:16.097,1.60061,1.6008,2.33,1.50
2012.09.07 20:11:18.589,1.60062,1.6008,1.73,1.50
2012.09.07 20:11:18.916,1.60062,1.6008,1.73,1.50
2012.09.07 20:11:22.046,1.60061,1.60079,1.58,1.50
2012.09.07 20:11:22.127,1.60061,1.60077,1.58,1.50
2012.09.07 20:11:24.711,1.60061,1.60077,1.58,1.50
2012.09.07 20:11:26.729,1.60061,1.60076,1.58,1.50
2012.09.07 20:11:26.867,1.60061,1.6008,1.58,1.50
2012.09.07 20:11:26.936,1.60061,1.60081,1.58,1.50
2012.09.07 20:11:27.137,1.60061,1.6008,1.58,1.50
2012.09.07 20:11:27.997,1.60061,1.6008,1.58,1.50
2012.09.07 20:11:28.436,1.60058,1.6008,2.97,1.50
2012.09.07 20:11:28.508,1.60058,1.60077,2.22,1.50
2012.09.07 20:11:28.836,1.60058,1.60078,2.37,1.50
2012.09.07 20:11:29.356,1.60058,1.60079,1.62,2.25
2012.09.07 20:11:29.756,1.60056,1.60078,1.35,1.50
2012.09.07 20:11:31.357,1.60056,1.60079,1.35,2.48
2012.09.07 20:11:35.437,1.60058,1.60079,1.50,1.50
2012.09.07 20:11:38.661,1.60058,1.60078,1.58,1.50
2012.09.07 20:11:39.016,1.60056,1.60076,1.58,2.25
2012.09.07 20:11:39.147,1.60053,1.60073,4.71,1.50
2012.09.07 20:11:39.854,1.60053,1.60073,1.35,1.50
2012.09.07 20:11:40.376,1.60054,1.60073,1.05,1.05
2012.09.07 20:11:40.506,1.60054,1.60073,1.28,1.05
2012.09.07 20:11:41.016,1.60054,1.60073,1.28,1.05
2012.09.07 20:11:41.956,1.60054,1.60073,1.28,1.05
2012.09.07 20:11:54.985,1.60056,1.60076,2.33,1.05
2012.09.07 20:11:55.115,1.60057,1.60076,1.50,1.05
2012.09.07 20:11:55.666,1.60059,1.60078,1.35,1.50
2012.09.07 20:11:57.126,1.60059,1.60077,1.35,1.50
2012.09.07 20:11:57.717,1.60059,1.60074,1.35,1.50
2012.09.07 20:12:04.075,1.60059,1.60077,1.35,2.25
2012.09.07 20:12:04.825,1.60059,1.60078,2.10,2.25
2012.09.07 20:12:08.318,1.60059,1.60076,1.35,1.50
2012.09.07 20:12:14.708,1.60059,1.60072,1.35,1.50
2012.09.07 20:12:14.987,1.60054,1.60072,1.80,4.50
2012.09.07 20:12:23.395,1.60054,1.60071,1.43,1.13
2012.09.07 20:12:25.945,1.60056,1.60075,1.13,1.73
2012.09.07 20:12:26.076,1.60057,1.60076,1.35,1.50
2012.09.07 20:12:26.408,1.60059,1.60077,1.35,1.50
2012.09.07 20:12:29.977,1.60058,1.60072,1.58,1.50
2012.09.07 20:12:30.106,1.60057,1.60076,1.35,1.50
2012.09.07 20:12:30.307,1.6006,1.60077,1.35,2.25
2012.09.07 20:12:32.798,1.60057,1.60076,1.58,1.50
2012.09.07 20:12:33.316,1.60057,1.60076,1.35,2.25
2012.09.07 20:12:35.656,1.60057,1.60075,1.35,1.50
2012.09.07 20:12:35.857,1.60054,1.60074,1.05,3.00
2012.09.07 20:12:38.046,1.60053,1.60074,2.14,4.50
2012.09.07 20:12:38.118,1.60053,1.60072,1.39,1.50
2012.09.07 20:12:38.457,1.60053,1.60072,1.13,2.25
2012.09.07 20:12:38.776,1.60052,1.6007,1.35,1.50
2012.09.07 20:12:39.319,1.60051,1.6007,1.58,1.50
2012.09.07 20:12:49.266,1.60051,1.6007,1.58,2.25
2012.09.07 20:12:53.415,1.60051,1.6007,1.58,1.50
2012.09.07 20:12:55.306,1.60051,1.6007,2.33,2.25
2012.09.07 20:12:55.816,1.60051,1.6007,1.58,2.25
2012.09.07 20:12:56.345,1.60051,1.6007,3.08,1.50
2012.09.07 20:12:57.617,1.60051,1.6007,3.08,1.50
2012.09.07 20:13:08.375,1.60051,1.60072,2.10,1.50
2012.09.07 20:13:13.426,1.60051,1.6007,1.35,1.50
2012.09.07 20:13:15.565,1.60051,1.60071,2.10,1.50
2012.09.07 20:13:15.639,1.60051,1.60071,2.85,1.50
2012.09.07 20:13:15.967,1.60051,1.60073,1.35,2.80
2012.09.07 20:13:20.881,1.60049,1.60069,1.35,1.50
2012.09.07 20:13:25.446,1.60051,1.60069,1.73,1.50
2012.09.07 20:13:26.576,1.60051,1.60068,1.35,1.50
2012.09.07 20:13:28.918,1.60051,1.60068,1.58,1.50
2012.09.07 20:13:31.496,1.60051,1.60068,1.58,1.50
2012.09.07 20:13:31.768,1.60049,1.60066,1.35,1.50
2012.09.07 20:13:40.117,1.60051,1.60067,1.13,1.50
2012.09.07 20:13:42.315,1.60051,1.60069,1.73,1.50
2012.09.07 20:13:43.401,1.60051,1.60068,1.73,1.13
2012.09.07 20:13:44.915,1.6005,1.60068,1.62,1.13
2012.09.07 20:13:45.108,1.60053,1.60069,1.95,1.50
2012.09.07 20:13:46.606,1.60053,1.60071,1.95,1.88
2012.09.07 20:13:47.117,1.60053,1.60071,1.95,1.13
2012.09.07 20:13:50.023,1.60054,1.60071,1.35,1.13
2012.09.07 20:13:57.125,1.60054,1.6007,1.35,1.50
2012.09.07 20:14:00.714,1.60053,1.60069,1.58,1.50
2012.09.07 20:14:01.556,1.60054,1.60068,1.35,1.50
2012.09.07 20:14:02.095,1.60054,1.60068,1.35,1.50
2012.09.07 20:14:33.166,1.60054,1.6007,2.10,2.25
2012.09.07 20:14:38.647,1.60054,1.6007,1.35,3.00
2012.09.07 20:14:39.186,1.60054,1.60069,2.10,1.50
2012.09.07 20:14:39.688,1.60054,1.60069,1.35,1.50
2012.09.07 20:14:44.574,1.60054,1.60068,1.35,1.50
2012.09.07 20:14:45.125,1.60054,1.60069,2.10,1.50
2012.09.07 20:14:47.706,1.60054,1.60069,2.10,1.50
2012.09.07 20:14:47.895,1.60054,1.60069,1.35,1.50
2012.09.07 20:14:52.305,1.60054,1.60068,2.10,1.50
2012.09.07 20:14:52.823,1.60054,1.60068,1.35,1.50
2012.09.07 20:14:56.459,1.60054,1.60069,2.10,1.50
2012.09.07 20:14:56.965,1.60054,1.60068,2.10,1.50
2012.09.07 20:14:57.125,1.60054,1.60068,2.10,1.50
2012.09.07 20:14:57.466,1.60054,1.60068,2.10,1.50
2012.09.07 20:14:57.994,1.60054,1.60068,2.10,1.50
2012.09.07 20:14:58.841,1.60054,1.60069,2.10,1.50
2012.09.07 20:14:58.975,1.60054,1.6007,2.85,3.00
2012.09.07 20:14:59.301,1.60061,1.60075,1.35,2.25
2012.09.07 20:14:59.384,1.60062,1.60075,1.35,1.50
2012.09.07 20:14:59.457,1.60062,1.60079,1.35,1.13
2012.09.07 20:14:59.531,1.60062,1.6008,1.58,1.50
2012.09.07 20:15:00.086,1.60063,1.6008,1.58,1.50
2012.09.07 20:15:00.648,1.60061,1.60078,2.70,1.50
2012.09.07 20:15:00.977,1.60061,1.60078,1.95,1.50
2012.09.07 20:15:01.607,1.60061,1.60077,1.73,2.25
2012.09.07 20:15:02.127,1.60058,1.60076,2.10,1.50
2012.09.07 20:15:02.516,1.60058,1.60077,2.10,1.73
2012.09.07 20:15:05.289,1.60058,1.60077,2.33,1.50
2012.09.07 20:15:06.998,1.6006,1.60078,1.35,2.25
2012.09.07 20:15:09.897,1.6006,1.60079,1.35,2.25
2012.09.07 20:15:10.539,1.6006,1.60077,1.35,2.25
2012.09.07 20:15:11.048,1.60059,1.60077,1.35,2.25
2012.09.07 20:15:12.067,1.6006,1.60077,1.35,2.25
2012.09.07 20:15:24.146,1.60059,1.60078,1.35,2.25
2012.09.07 20:15:35.977,1.6006,1.60078,1.35,1.50
2012.09.07 20:15:36.588,1.6006,1.60078,1.35,1.50
2012.09.07 20:15:37.166,1.60058,1.60078,2.33,2.25
2012.09.07 20:15:52.996,1.60058,1.60078,2.33,2.25
2012.09.07 20:15:53.626,1.60059,1.60078,1.35,1.50
2012.09.07 20:15:59.115,1.60058,1.60078,3.08,1.50
2012.09.07 20:15:59.785,1.60058,1.60078,2.33,1.50
2012.09.07 20:16:00.356,1.60059,1.60079,1.35,2.25
2012.09.07 20:16:00.905,1.6006,1.60079,1.35,2.25
2012.09.07 20:16:01.916,1.6006,1.60079,1.35,2.25
2012.09.07 20:16:02.106,1.60058,1.60078,2.10,1.13
2012.09.07 20:16:07.276,1.60059,1.60078,1.35,1.35
2012.09.07 20:16:13.627,1.60059,1.60077,2.18,1.35
2012.09.07 20:16:13.956,1.60061,1.60079,1.28,1.50
2012.09.07 20:16:16.177,1.60061,1.60079,1.28,1.50
2012.09.07 20:16:16.248,1.60062,1.6008,1.65,1.50
2012.09.07 20:16:26.126,1.60062,1.60081,1.65,1.50
2012.09.07 20:16:26.630,1.60063,1.6008,1.05,1.13
2012.09.07 20:16:27.914,1.6006,1.6008,2.10,1.13
2012.09.07 20:16:28.467,1.6006,1.6008,1.35,2.63
2012.09.07 20:16:30.475,1.6006,1.6008,1.35,1.88
2012.09.07 20:16:31.106,1.6006,1.6008,1.35,1.88
2012.09.07 20:16:31.377,1.60062,1.60082,2.25,2.10
2012.09.07 20:16:41.042,1.60063,1.60082,1.50,1.13
2012.09.07 20:16:43.833,1.60063,1.60082,1.50,1.13
2012.09.07 20:16:44.367,1.60063,1.60081,2.25,1.50
2012.09.07 20:16:44.695,1.6006,1.60079,1.50,2.40
2012.09.07 20:16:45.386,1.60059,1.60079,1.50,3.15
2012.09.07 20:16:45.456,1.60059,1.60079,1.50,3.15
2012.09.07 20:16:47.485,1.60058,1.60078,2.25,1.13
2012.09.07 20:16:52.488,1.60058,1.60078,1.50,1.88
2012.09.07 20:16:57.165,1.60058,1.60077,1.50,1.50
2012.09.07 20:17:01.896,1.60058,1.60077,2.25,1.50
2012.09.07 20:17:06.576,1.60058,1.60075,1.50,1.13
2012.09.07 20:17:06.897,1.60056,1.60076,1.50,1.88
2012.09.07 20:17:06.970,1.60057,1.60077,2.10,1.13
2012.09.07 20:17:07.048,1.60059,1.60078,1.50,2.25
2012.09.07 20:17:07.119,1.60059,1.60078,1.50,1.13
2012.09.07 20:17:07.196,1.60059,1.60078,1.50,1.88
2012.09.07 20:17:14.706,1.60057,1.60076,3.34,1.13
2012.09.07 20:17:15.050,1.60044,1.60057,1.65,1.50
2012.09.07 20:17:15.188,1.60042,1.60057,1.50,1.50
2012.09.07 20:17:15.268,1.60042,1.60057,1.50,1.50
2012.09.07 20:17:15.596,1.60042,1.60057,2.25,1.50
2012.09.07 20:17:16.259,1.6004,1.60055,1.50,1.13
2012.09.07 20:17:16.339,1.6004,1.60055,1.50,1.88
2012.09.07 20:17:16.490,1.60035,1.60047,2.85,1.50
2012.09.07 20:17:16.567,1.60035,1.6005,1.50,1.13
2012.09.07 20:17:16.638,1.60035,1.60052,1.50,1.35
2012.09.07 20:17:20.856,1.60034,1.60052,1.50,1.35
2012.09.07 20:17:21.042,1.60034,1.60052,1.50,1.35
2012.09.07 20:17:21.377,1.60032,1.60046,1.35,1.50
2012.09.07 20:17:21.848,1.60029,1.60046,1.35,1.50
2012.09.07 20:17:21.920,1.60029,1.60043,1.35,1.50
2012.09.07 20:17:22.457,1.60029,1.60042,1.35,1.50
2012.09.07 20:17:22.939,1.60025,1.60037,1.04,1.50
2012.09.07 20:17:23.021,1.60023,1.60037,1.58,1.50
2012.09.07 20:17:23.099,1.60021,1.60036,1.58,1.50
2012.09.07 20:17:23.250,1.6002,1.60036,1.35,1.50
2012.09.07 20:17:23.753,1.60023,1.60036,1.50,1.50
2012.09.07 20:17:24.289,1.60023,1.60035,1.35,1.50
2012.09.07 20:17:25.938,1.60017,1.60027,1.62,1.50
2012.09.07 20:17:26.008,1.60016,1.60027,1.58,1.50
2012.09.07 20:17:26.077,1.60013,1.60027,2.39,1.50
2012.09.07 20:17:26.268,1.6001,1.60024,2.52,1.50
2012.09.07 20:17:26.479,1.60006,1.60022,1.73,1.50
2012.09.07 20:17:26.808,1.6001,1.60025,1.13,1.50
2012.09.07 20:17:27.088,1.60009,1.60027,1.13,1.60
2012.09.07 20:17:27.727,1.60009,1.60028,1.50,2.35
2012.09.07 20:17:27.807,1.60009,1.60027,1.50,1.60
2012.09.07 20:17:28.330,1.60007,1.60027,1.13,2.58
2012.09.07 20:17:29.196,1.60006,1.60019,1.35,1.50
2012.09.07 20:17:29.337,1.6,1.60019,2.14,2.25
2012.09.07 20:17:29.478,1.60001,1.6002,1.50,3.38
2012.09.07 20:17:29.620,1.60002,1.60021,1.73,1.13
2012.09.07 20:17:29.761,1.60003,1.60022,2.25,1.50
2012.09.07 20:17:30.311,1.60005,1.6002,2.25,1.13
2012.09.07 20:17:30.393,1.60005,1.60018,1.50,1.13
2012.09.07 20:17:30.470,1.60002,1.60019,1.50,1.13
2012.09.07 20:17:30.808,1.60004,1.60023,2.25,1.88
2012.09.07 20:17:31.141,1.60006,1.60022,1.35,1.50
2012.09.07 20:17:31.707,1.60006,1.60028,1.58,1.50
2012.09.07 20:17:32.096,1.60006,1.60028,2.33,1.13
2012.09.07 20:17:32.168,1.60006,1.60027,3.08,5.35
2012.09.07 20:17:32.239,1.60006,1.60024,1.58,1.13
2012.09.07 20:17:32.461,1.60007,1.60026,1.58,1.13
2012.09.07 20:17:32.538,1.60007,1.60028,1.58,1.50
2012.09.07 20:17:32.607,1.60007,1.60029,1.58,1.13
2012.09.07 20:17:32.817,1.60006,1.60029,1.35,2.10
2012.09.07 20:17:39.957,1.60007,1.60029,1.50,1.50
2012.09.07 20:17:40.276,1.60007,1.60024,1.50,1.50
2012.09.07 20:17:41.051,1.60006,1.6002,1.50,1.50
2012.09.07 20:17:41.129,1.60006,1.6002,1.50,1.50
2012.09.07 20:17:41.269,1.60006,1.60023,1.50,1.13
2012.09.07 20:17:41.396,1.60006,1.60023,1.50,1.13
2012.09.07 20:17:41.778,1.60006,1.60023,1.50,1.13
2012.09.07 20:17:42.509,1.60006,1.60023,1.50,1.13
2012.09.07 20:17:45.808,1.60006,1.60024,2.25,1.88
2012.09.07 20:17:46.356,1.60006,1.60024,2.25,1.88
2012.09.07 20:17:47.087,1.60007,1.60024,1.50,1.50
2012.09.07 20:17:47.947,1.60007,1.60025,1.50,1.88
2012.09.07 20:17:48.267,1.6001,1.60025,1.50,1.50
2012.09.07 20:17:48.827,1.6001,1.60025,1.50,1.88
2012.09.07 20:17:48.897,1.6001,1.60025,1.50,1.88
2012.09.07 20:17:49.417,1.60008,1.60024,1.50,2.25
2012.09.07 20:17:50.307,1.60008,1.60024,1.50,2.25
2012.09.07 20:17:51.320,1.60008,1.60024,1.50,2.25
2012.09.07 20:17:51.516,1.6001,1.60025,1.50,1.35
2012.09.07 20:17:52.432,1.6001,1.60027,1.50,6.48
2012.09.07 20:17:53.792,1.60012,1.60027,1.50,5.73
2012.09.07 20:17:53.947,1.60012,1.60027,1.50,5.73
2012.09.07 20:17:54.519,1.60012,1.60027,1.50,5.73
2012.09.07 20:17:57.266,1.60012,1.60027,1.50,5.35
2012.09.07 20:17:57.338,1.60013,1.60027,1.50,5.35
2012.09.07 20:17:57.418,1.60013,1.60026,2.25,1.50
2012.09.07 20:17:57.501,1.60014,1.6003,1.50,2.25
2012.09.07 20:17:57.578,1.60014,1.60034,2.37,1.13
2012.09.07 20:17:57.797,1.60015,1.60037,1.73,1.58
2012.09.07 20:18:00.477,1.60017,1.60041,1.58,1.88
2012.09.07 20:18:03.899,1.60019,1.60041,1.73,1.50
2012.09.07 20:18:04.507,1.60019,1.60041,1.73,1.50
2012.09.07 20:18:06.466,1.60019,1.60041,1.73,1.50
2012.09.07 20:18:09.898,1.60019,1.60041,2.48,1.50
2012.09.07 20:18:09.977,1.60021,1.60041,1.50,1.50
2012.09.07 20:18:10.226,1.60021,1.60042,1.73,2.25
2012.09.07 20:18:12.457,1.60023,1.60042,1.73,1.50
2012.09.07 20:18:12.709,1.60023,1.60045,1.73,1.13
2012.09.07 20:18:13.471,1.60024,1.60046,1.73,2.63
2012.09.07 20:18:16.651,1.60024,1.60046,1.73,1.88
2012.09.07 20:18:19.047,1.60024,1.60046,1.73,1.13
2012.09.07 20:18:19.296,1.60024,1.60046,1.73,1.88
2012.09.07 20:18:22.597,1.60024,1.60046,1.73,2.63
2012.09.07 20:18:22.918,1.60023,1.60044,1.35,1.50
2012.09.07 20:18:23.060,1.60023,1.60046,1.35,2.63
2012.09.07 20:18:24.698,1.60025,1.60044,1.39,1.50
2012.09.07 20:18:26.856,1.6002,1.60042,2.89,2.25
2012.09.07 20:18:27.356,1.60025,1.60045,1.39,1.50
2012.09.07 20:18:28.399,1.60025,1.60045,1.39,1.50
2012.09.07 20:18:28.482,1.60027,1.60046,1.50,1.50
2012.09.07 20:18:29.238,1.60025,1.60046,2.37,1.88
2012.09.07 20:18:31.279,1.60025,1.60046,1.62,1.88
2012.09.07 20:18:33.556,1.60025,1.60046,1.62,1.88
2012.09.07 20:18:38.048,1.60023,1.60045,1.73,1.50
2012.09.07 20:18:38.115,1.60022,1.60044,1.73,1.50
2012.09.07 20:18:38.327,1.6002,1.60038,1.50,2.10
2012.09.07 20:18:38.399,1.60023,1.60038,1.50,2.10
2012.09.07 20:18:38.623,1.60023,1.60044,1.73,1.88
2012.09.07 20:18:39.137,1.60023,1.60044,1.73,1.13
2012.09.07 20:18:39.754,1.60023,1.60046,1.73,2.63
2012.09.07 20:18:40.276,1.60022,1.60044,1.62,1.50
2012.09.07 20:18:43.034,1.60025,1.60045,1.35,1.50
2012.09.07 20:18:45.176,1.60025,1.60046,1.35,1.88
2012.09.07 20:18:47.472,1.60025,1.60045,1.35,1.50
2012.09.07 20:18:49.208,1.60025,1.60045,1.35,1.50
2012.09.07 20:18:49.777,1.60025,1.60045,1.35,1.50
2012.09.07 20:18:56.075,1.60025,1.60045,1.35,1.50
2012.09.07 20:18:56.619,1.60024,1.60045,1.35,1.50
2012.09.07 20:19:07.379,1.60024,1.60043,1.35,1.50
2012.09.07 20:19:10.079,1.60022,1.6004,1.50,1.50
2012.09.07 20:19:20.238,1.60022,1.60042,1.50,2.85
2012.09.07 20:19:20.746,1.60021,1.60042,1.35,2.85
2012.09.07 20:19:20.817,1.60021,1.60042,1.35,2.85
2012.09.07 20:19:21.658,1.60021,1.60042,1.35,3.23
2012.09.07 20:19:23.159,1.60021,1.60042,2.10,2.10
2012.09.07 20:19:28.858,1.60021,1.60042,1.35,2.85
2012.09.07 20:19:29.177,1.60021,1.60042,1.35,4.35
2012.09.07 20:19:31.738,1.60021,1.6004,1.35,1.50
2012.09.07 20:19:33.457,1.60021,1.6004,1.35,1.50
2012.09.07 20:19:33.785,1.60021,1.60041,1.35,1.50
2012.09.07 20:19:48.977,1.60021,1.6004,1.35,1.50
2012.09.07 20:19:59.667,1.6002,1.60042,1.35,2.10
2012.09.07 20:20:00.006,1.60022,1.6004,1.50,1.50
2012.09.07 20:20:00.399,1.6002,1.6004,1.35,1.50
2012.09.07 20:20:09.327,1.60021,1.60041,1.50,1.50
2012.09.07 20:20:09.397,1.60021,1.60041,1.50,1.50
2012.09.07 20:20:10.026,1.6002,1.60042,2.10,2.85
2012.09.07 20:20:10.676,1.6002,1.60042,2.10,2.85
2012.09.07 20:20:12.795,1.60024,1.60042,1.50,2.10
2012.09.07 20:20:13.049,1.6002,1.60042,2.48,2.10
2012.09.07 20:20:13.126,1.6002,1.60042,2.48,2.10
2012.09.07 20:20:13.686,1.6002,1.60041,1.35,2.25
2012.09.07 20:20:14.656,1.6002,1.6004,2.85,1.50
2012.09.07 20:20:20.435,1.6002,1.60041,1.35,1.50
2012.09.07 20:20:20.967,1.6002,1.60041,1.35,2.25
2012.09.07 20:20:21.597,1.60023,1.60041,1.50,1.50
2012.09.07 20:20:24.718,1.60025,1.60041,1.50,1.50
2012.09.07 20:20:25.246,1.60025,1.60042,1.50,2.48
2012.09.07 20:20:25.759,1.60025,1.60042,1.50,1.50
2012.09.07 20:20:28.976,1.60025,1.60042,1.50,1.50
2012.09.07 20:20:35.327,1.60025,1.60042,1.50,1.88
2012.09.07 20:20:40.205,1.60025,1.60042,1.50,1.88
2012.09.07 20:20:40.277,1.60025,1.60042,1.50,1.88
2012.09.07 20:20:40.957,1.60025,1.60042,1.50,1.88
2012.09.07 20:20:41.711,1.60025,1.60042,1.50,2.63
2012.09.07 20:20:58.805,1.60018,1.60037,2.85,1.88
2012.09.07 20:20:59.527,1.60021,1.60037,1.50,1.88
2012.09.07 20:20:59.596,1.60021,1.60037,1.50,1.88
2012.09.07 20:20:59.668,1.60018,1.60035,1.73,1.50
2012.09.07 20:21:01.797,1.6002,1.60035,1.50,2.25
2012.09.07 20:21:02.418,1.60016,1.60035,1.58,2.25
2012.09.07 20:21:02.502,1.60014,1.60033,1.47,1.13
2012.09.07 20:21:02.583,1.60013,1.60035,3.49,1.13
2012.09.07 20:21:02.801,1.60019,1.60039,1.50,1.88
2012.09.07 20:21:02.951,1.60017,1.60036,1.35,1.65
2012.09.07 20:21:03.028,1.60017,1.60034,2.10,1.13
2012.09.07 20:21:03.251,1.60012,1.60034,1.35,1.13
2012.09.07 20:21:05.068,1.60012,1.60034,2.10,1.13
2012.09.07 20:21:08.921,1.60013,1.60035,1.73,1.28
2012.09.07 20:21:13.379,1.60018,1.60035,1.50,1.28
2012.09.07 20:21:17.646,1.60018,1.60035,1.50,1.28
2012.09.07 20:21:17.978,1.60019,1.60035,1.50,1.13
2012.09.07 20:21:18.528,1.60015,1.60037,1.73,1.23
2012.09.07 20:21:18.597,1.60015,1.60036,1.50,1.35
2012.09.07 20:21:18.740,1.60014,1.60035,1.13,1.13
2012.09.07 20:21:18.819,1.60012,1.60033,1.13,1.35
2012.09.07 20:21:25.576,1.60013,1.60033,1.50,1.35
2012.09.07 20:21:26.077,1.60014,1.60034,2.10,1.35
2012.09.07 20:21:36.859,1.60013,1.6003,1.35,1.88
2012.09.07 20:21:37.208,1.60012,1.60029,1.35,2.03
2012.09.07 20:21:37.720,1.60013,1.60031,1.35,1.13
2012.09.07 20:21:37.800,1.60015,1.60034,1.50,1.35
2012.09.07 20:21:37.878,1.60016,1.60035,2.10,1.58
2012.09.07 20:21:37.947,1.60016,1.60035,1.35,1.58
2012.09.07 20:21:39.748,1.60018,1.60032,1.50,1.32
2012.09.07 20:21:47.772,1.60015,1.60034,1.50,1.50
2012.09.07 20:21:48.347,1.60015,1.60035,1.50,1.50
2012.09.07 20:21:52.819,1.60015,1.60036,1.50,1.50
2012.09.07 20:21:52.969,1.60015,1.60035,1.50,1.50
2012.09.07 20:21:53.480,1.60015,1.60035,1.50,1.50
2012.09.07 20:22:02.060,1.60015,1.60035,1.73,1.28
2012.09.07 20:22:02.587,1.60015,1.60035,1.50,1.28
2012.09.07 20:22:02.718,1.60015,1.60036,1.50,1.13
2012.09.07 20:22:03.279,1.60016,1.60036,1.50,1.13
2012.09.07 20:22:03.988,1.60015,1.60036,2.85,1.13
2012.09.07 20:22:04.058,1.60015,1.60036,2.10,1.13
2012.09.07 20:22:04.128,1.60015,1.60036,2.85,1.13
2012.09.07 20:22:04.619,1.60015,1.60036,2.10,1.13
2012.09.07 20:22:05.019,1.60015,1.60036,2.25,1.50
2012.09.07 20:22:05.207,1.60015,1.60035,2.25,1.50
2012.09.07 20:22:05.337,1.60014,1.60035,1.73,1.73
2012.09.07 20:22:10.028,1.60014,1.60035,1.35,1.73
2012.09.07 20:22:10.228,1.60015,1.60035,1.50,1.73
2012.09.07 20:22:14.770,1.60015,1.60036,1.50,1.35
2012.09.07 20:22:14.838,1.60015,1.60035,1.50,1.73
2012.09.07 20:22:23.097,1.60015,1.60035,1.13,1.35
2012.09.07 20:22:23.229,1.60017,1.60036,1.50,1.73
2012.09.07 20:22:23.520,1.6002,1.60037,1.50,1.45
2012.09.07 20:22:24.038,1.60021,1.60037,1.50,2.20
2012.09.07 20:22:24.531,1.60021,1.60037,1.50,1.45
2012.09.07 20:22:24.610,1.6002,1.60037,2.63,1.45
2012.09.07 20:22:25.801,1.60022,1.60039,1.50,2.10
2012.09.07 20:22:27.868,1.60021,1.60039,2.25,2.10
2012.09.07 20:22:28.001,1.60024,1.60039,1.50,2.10
2012.09.07 20:22:28.220,1.60022,1.60041,1.50,2.10
2012.09.07 20:22:28.300,1.60023,1.60041,1.50,2.10
2012.09.07 20:22:28.380,1.60026,1.60045,1.50,1.05
2012.09.07 20:22:28.532,1.60029,1.60047,1.39,1.13
2012.09.07 20:22:28.680,1.6003,1.60052,1.50,2.07
2012.09.07 20:22:29.099,1.60031,1.60053,1.50,1.13
2012.09.07 20:22:29.609,1.60031,1.60054,1.50,1.50
2012.09.07 20:22:48.977,1.60031,1.60054,1.50,1.50
2012.09.07 20:22:51.448,1.60033,1.60056,2.10,1.13
2012.09.07 20:22:51.518,1.60033,1.60056,2.10,1.13
2012.09.07 20:22:58.146,1.60036,1.60059,1.50,1.88
2012.09.07 20:22:58.849,1.60038,1.60062,1.35,1.88
2012.09.07 20:22:59.666,1.60038,1.6006,2.10,1.50
2012.09.07 20:23:00.109,1.60038,1.6006,1.35,1.50
2012.09.07 20:23:02.768,1.60036,1.6006,1.73,1.50
2012.09.07 20:23:02.839,1.60038,1.6006,1.35,1.50
2012.09.07 20:23:09.569,1.60036,1.60058,1.35,1.13
2012.09.07 20:23:09.840,1.60035,1.60057,2.10,2.63
2012.09.07 20:23:10.289,1.60037,1.60057,1.13,1.88
2012.09.07 20:23:10.829,1.60038,1.60057,1.50,1.50
2012.09.07 20:23:16.137,1.60037,1.60057,1.88,2.25
2012.09.07 20:23:16.692,1.60039,1.60057,1.50,1.50
2012.09.07 20:23:16.772,1.60039,1.60059,1.50,1.50
2012.09.07 20:23:20.370,1.60038,1.60059,1.88,2.63
2012.09.07 20:23:22.668,1.6004,1.60059,1.88,1.88
2012.09.07 20:23:23.958,1.60038,1.60059,1.88,2.63
2012.09.07 20:23:24.678,1.6004,1.60059,1.50,2.63
2012.09.07 20:23:25.230,1.6004,1.60059,1.73,1.88
2012.09.07 20:23:25.557,1.60038,1.60059,2.10,1.88
2012.09.07 20:23:26.108,1.60038,1.60057,1.35,1.50
2012.09.07 20:23:32.211,1.60036,1.60058,1.73,2.25
2012.09.07 20:23:34.860,1.60033,1.60055,2.33,1.13
2012.09.07 20:23:34.940,1.60033,1.60055,2.10,1.13
2012.09.07 20:23:36.537,1.60033,1.60055,2.10,1.13
2012.09.07 20:23:36.868,1.60032,1.60053,1.35,1.13
2012.09.07 20:23:37.427,1.60031,1.60053,2.10,1.13
2012.09.07 20:23:47.487,1.60031,1.60053,1.35,1.13
2012.09.07 20:23:47.807,1.60029,1.60048,1.35,1.73
2012.09.07 20:23:48.150,1.60027,1.60045,1.35,1.73
2012.09.07 20:23:48.229,1.60027,1.60046,1.35,1.73
2012.09.07 20:23:53.148,1.60027,1.60045,2.10,1.73
2012.09.07 20:23:56.518,1.60028,1.60045,1.35,1.73
2012.09.07 20:23:58.300,1.60027,1.60046,2.10,2.48
2012.09.07 20:23:58.380,1.60028,1.60048,1.35,1.50
2012.09.07 20:23:58.462,1.60029,1.60048,1.50,1.50
2012.09.07 20:23:58.716,1.60029,1.60049,2.25,1.88
2012.09.07 20:24:00.307,1.60029,1.60049,1.50,1.50
2012.09.07 20:24:01.238,1.60028,1.60046,2.10,1.50
2012.09.07 20:24:01.548,1.60027,1.60046,2.85,2.48
2012.09.07 20:24:02.219,1.60031,1.60046,1.35,2.48
2012.09.07 20:24:02.289,1.60031,1.60046,1.35,1.50
2012.09.07 20:24:07.530,1.60032,1.60049,2.10,1.73
2012.09.07 20:24:07.609,1.60032,1.60049,2.10,1.50
2012.09.07 20:24:09.249,1.60035,1.6005,1.02,1.50
2012.09.07 20:24:09.569,1.60038,1.60052,1.13,1.50
2012.09.07 20:24:09.837,1.60033,1.60052,2.25,1.50
2012.09.07 20:24:10.278,1.60033,1.60052,1.50,1.50
2012.09.07 20:24:10.417,1.60035,1.60055,1.50,1.73
2012.09.07 20:24:10.941,1.60035,1.60055,1.50,1.50
2012.09.07 20:24:15.396,1.60035,1.60055,1.50,2.25
2012.09.07 20:24:15.468,1.60035,1.60055,1.50,1.50
2012.09.07 20:24:19.806,1.60035,1.60055,1.50,1.50
2012.09.07 20:24:21.777,1.60035,1.60055,1.50,1.50
2012.09.07 20:24:25.467,1.60035,1.60057,1.50,4.08
2012.09.07 20:24:25.685,1.60035,1.60057,1.50,1.83
2012.09.07 20:24:27.588,1.60035,1.60057,1.50,4.08
2012.09.07 20:24:28.906,1.60035,1.60057,1.50,4.83
2012.09.07 20:24:29.038,1.60035,1.60055,1.50,1.13
2012.09.07 20:24:29.609,1.60035,1.60057,1.50,4.83
2012.09.07 20:24:29.970,1.60035,1.60057,1.50,4.83
2012.09.07 20:24:34.068,1.60032,1.60053,2.33,1.13
2012.09.07 20:24:36.826,1.60033,1.60053,1.50,1.13
2012.09.07 20:24:43.622,1.60034,1.60054,1.50,1.35
2012.09.07 20:24:43.938,1.60032,1.60048,1.35,1.50
2012.09.07 20:24:44.128,1.6003,1.60048,1.50,2.85
2012.09.07 20:24:56.188,1.60025,1.60048,1.35,2.85
2012.09.07 20:24:56.268,1.60025,1.60048,1.35,2.85
2012.09.07 20:24:56.410,1.60025,1.60048,1.35,2.85
2012.09.07 20:24:56.490,1.60025,1.60048,1.35,2.85
2012.09.07 20:24:56.848,1.60028,1.60048,1.50,2.10
2012.09.07 20:24:57.049,1.60028,1.6005,1.73,1.50
2012.09.07 20:24:57.120,1.6003,1.60051,2.25,2.25
2012.09.07 20:24:57.248,1.6003,1.60051,1.50,2.25
2012.09.07 20:24:57.807,1.6003,1.60051,3.08,1.50
2012.09.07 20:24:58.417,1.60031,1.60051,1.35,1.50
2012.09.07 20:24:58.750,1.60028,1.60048,2.01,1.50
2012.09.07 20:24:58.888,1.60027,1.60048,1.35,3.23
2012.09.07 20:24:58.959,1.60024,1.60046,2.48,1.50
2012.09.07 20:25:03.047,1.60024,1.60045,1.35,1.50
2012.09.07 20:25:03.627,1.60026,1.60046,1.35,1.13
2012.09.07 20:25:13.756,1.60025,1.60046,1.35,1.13
2012.09.07 20:25:14.558,1.60025,1.60045,1.35,1.50
2012.09.07 20:25:18.746,1.60025,1.60046,1.35,1.13
2012.09.07 20:25:20.377,1.60026,1.60046,2.10,1.88
2012.09.07 20:25:20.708,1.6003,1.60046,1.47,1.50
2012.09.07 20:25:21.060,1.60026,1.60044,1.35,1.50
2012.09.07 20:25:21.139,1.60026,1.60044,1.35,1.50
2012.09.07 20:25:22.497,1.60026,1.60045,1.35,2.63
2012.09.07 20:25:29.066,1.60026,1.60045,1.35,2.63
2012.09.07 20:25:29.568,1.60026,1.60044,1.35,1.13
2012.09.07 20:25:32.991,1.60023,1.60042,1.58,1.50
2012.09.07 20:25:33.139,1.60023,1.60042,1.35,1.73
2012.09.07 20:25:33.908,1.60027,1.60043,1.35,1.13
2012.09.07 20:25:34.467,1.60027,1.60043,1.35,1.13
2012.09.07 20:25:35.178,1.60027,1.60043,1.35,1.13
2012.09.07 20:25:39.587,1.60027,1.60045,1.35,1.13
2012.09.07 20:25:43.329,1.60028,1.60046,1.35,1.88
2012.09.07 20:25:43.517,1.60028,1.60046,1.35,1.13
2012.09.07 20:25:44.337,1.60028,1.60046,1.35,1.13
2012.09.07 20:25:46.308,1.60028,1.60046,1.35,1.13
2012.09.07 20:25:46.509,1.60026,1.60045,1.35,1.13
2012.09.07 20:25:49.137,1.60025,1.60045,1.35,1.13
2012.09.07 20:25:54.698,1.60023,1.60044,1.58,1.50
2012.09.07 20:26:00.438,1.60022,1.60042,1.58,1.50
2012.09.07 20:26:09.438,1.60023,1.60044,1.58,1.50
2012.09.07 20:26:16.958,1.60022,1.60044,2.70,1.50
2012.09.07 20:26:17.490,1.60022,1.60043,2.70,1.50
2012.09.07 20:26:26.968,1.60022,1.60042,1.95,2.63
2012.09.07 20:26:29.257,1.60023,1.60041,1.58,1.50
2012.09.07 20:26:31.687,1.60022,1.60044,1.58,1.50
2012.09.07 20:26:31.938,1.60022,1.60045,1.58,1.88
2012.09.07 20:26:32.469,1.60022,1.60044,2.33,1.50
2012.09.07 20:26:35.435,1.60022,1.60044,2.33,1.50
2012.09.07 20:26:36.278,1.60022,1.60044,2.33,1.50
2012.09.07 20:26:42.246,1.60022,1.60044,2.33,2.63
2012.09.07 20:26:42.556,1.60022,1.6004,2.33,1.13
2012.09.07 20:26:43.158,1.60022,1.6004,2.33,1.13
2012.09.07 20:26:46.033,1.60023,1.60043,1.58,1.13
2012.09.07 20:26:47.278,1.60023,1.60044,1.58,2.63
2012.09.07 20:26:49.367,1.60023,1.60044,1.58,2.63
2012.09.07 20:26:49.435,1.60023,1.60044,1.58,3.38
2012.09.07 20:26:51.058,1.60024,1.60044,1.35,3.00
2012.09.07 20:26:59.300,1.60023,1.6004,1.58,1.50
2012.09.07 20:26:59.509,1.60017,1.60038,1.58,2.25
2012.09.07 20:26:59.641,1.60017,1.60038,1.35,3.23
2012.09.07 20:26:59.858,1.60017,1.60038,1.35,3.23
2012.09.07 20:27:00.369,1.60019,1.60038,1.35,3.23
2012.09.07 20:27:00.718,1.60021,1.60039,1.35,1.50
2012.09.07 20:27:00.848,1.60023,1.60039,1.35,1.50
2012.09.07 20:27:00.919,1.60024,1.6004,1.35,1.50
2012.09.07 20:27:01.004,1.60027,1.6004,1.35,1.50
2012.09.07 20:27:01.585,1.60027,1.60042,1.35,1.73
2012.09.07 20:27:02.879,1.60028,1.60047,1.35,2.48
2012.09.07 20:27:03.018,1.60031,1.60047,2.10,1.73
2012.09.07 20:27:03.340,1.60031,1.60047,1.35,2.25
2012.09.07 20:27:03.678,1.60027,1.60045,1.58,2.25
2012.09.07 20:27:03.751,1.60023,1.60045,4.09,2.25
2012.09.07 20:27:04.311,1.60023,1.60043,1.95,1.50
2012.09.07 20:27:04.650,1.60026,1.60046,1.35,1.50
2012.09.07 20:27:05.252,1.60026,1.60046,1.35,1.50
2012.09.07 20:27:12.818,1.60026,1.60046,1.35,1.50
2012.09.07 20:27:13.158,1.60022,1.60044,1.73,2.48
2012.09.07 20:27:14.269,1.60023,1.60045,2.33,1.50
2012.09.07 20:27:14.350,1.60026,1.60046,1.35,1.50
2012.09.07 20:27:14.894,1.60026,1.60046,1.35,1.50
2012.09.07 20:27:20.271,1.60024,1.60046,2.10,1.50
2012.09.07 20:27:20.909,1.60025,1.60044,1.35,1.50
2012.09.07 20:27:21.508,1.60025,1.60044,1.35,1.50
2012.09.07 20:27:22.596,1.60024,1.60044,1.35,1.50
2012.09.07 20:27:24.528,1.60024,1.60044,1.35,1.50
2012.09.07 20:27:29.357,1.60024,1.60044,1.35,1.50
2012.09.07 20:27:30.490,1.60024,1.60044,1.35,1.50
2012.09.07 20:27:31.743,1.60024,1.60046,1.35,2.63
2012.09.07 20:27:32.373,1.60024,1.60046,1.35,2.63
2012.09.07 20:27:35.219,1.60024,1.60046,1.35,1.50
2012.09.07 20:27:36.916,1.60024,1.60046,1.35,1.50
2012.09.07 20:27:41.421,1.60025,1.60046,1.35,1.50
2012.09.07 20:27:43.351,1.60025,1.60046,1.35,1.50
2012.09.07 20:27:45.309,1.60025,1.60045,1.35,1.50
2012.09.07 20:27:45.847,1.60024,1.60044,1.35,1.50
2012.09.07 20:27:46.871,1.60023,1.60044,2.22,1.50
2012.09.07 20:27:58.817,1.60023,1.60046,1.58,2.25
2012.09.07 20:27:59.699,1.60024,1.60046,1.35,1.88
2012.09.07 20:28:11.668,1.60024,1.60047,1.35,1.73
2012.09.07 20:28:33.936,1.60026,1.60048,1.13,1.73
2012.09.07 20:28:40.093,1.60026,1.60048,1.13,1.73
2012.09.07 20:28:40.736,1.60026,1.60049,1.13,2.48
2012.09.07 20:28:54.129,1.60029,1.60049,1.88,1.35
2012.09.07 20:28:54.468,1.60029,1.60043,1.13,1.50
2012.09.07 20:28:54.657,1.60027,1.60043,1.50,1.50
2012.09.07 20:28:55.807,1.60027,1.60048,2.92,1.73
2012.09.07 20:28:55.939,1.6003,1.6005,1.13,2.85
2012.09.07 20:28:59.135,1.6003,1.60044,1.13,1.50
2012.09.07 20:28:59.811,1.60025,1.60042,2.33,1.73
2012.09.07 20:28:59.891,1.60025,1.60042,2.33,1.73
2012.09.07 20:29:01.295,1.60025,1.60042,2.33,1.73
2012.09.07 20:29:05.239,1.60025,1.60042,2.33,1.73
2012.09.07 20:29:06.428,1.60023,1.6004,2.37,1.50
2012.09.07 20:29:08.710,1.60023,1.60041,1.39,1.50
2012.09.07 20:29:11.146,1.60023,1.60041,1.39,1.50
2012.09.07 20:29:11.487,1.60023,1.60041,1.39,1.50
2012.09.07 20:29:13.239,1.60023,1.60042,1.39,1.73
2012.09.07 20:29:22.057,1.60021,1.60044,2.37,1.73
2012.09.07 20:29:28.547,1.60022,1.60044,1.35,1.73
2012.09.07 20:29:32.747,1.60025,1.60044,1.50,1.73
2012.09.07 20:29:33.978,1.60025,1.60044,1.50,1.73
2012.09.07 20:29:39.707,1.60023,1.60044,1.99,1.73
2012.09.07 20:29:40.208,1.60023,1.60044,1.35,1.73
2012.09.07 20:29:41.257,1.60024,1.60044,1.50,1.73
2012.09.07 20:29:42.410,1.60025,1.60044,1.50,1.73
2012.09.07 20:29:44.168,1.60026,1.60044,1.50,1.73
2012.09.07 20:29:44.359,1.60026,1.60046,1.24,1.50
2012.09.07 20:29:44.488,1.60025,1.60044,1.39,1.50
2012.09.07 20:29:44.558,1.60024,1.60044,1.35,1.50
2012.09.07 20:29:44.809,1.60029,1.60047,1.39,1.35
2012.09.07 20:29:44.878,1.60029,1.60048,1.39,1.35
2012.09.07 20:29:45.968,1.60029,1.60049,1.39,1.73
2012.09.07 20:29:46.739,1.60029,1.60048,1.39,1.35
2012.09.07 20:29:50.809,1.60026,1.60048,1.73,2.48
2012.09.07 20:29:51.368,1.60025,1.60047,2.37,1.73
2012.09.07 20:29:51.927,1.60026,1.60047,1.73,1.73
2012.09.07 20:30:01.790,1.60026,1.60047,1.35,2.48
2012.09.07 20:30:04.773,1.60026,1.60046,1.35,1.50
2012.09.07 20:30:05.306,1.60026,1.60046,1.35,1.50
2012.09.07 20:30:07.199,1.60026,1.60046,1.35,1.50
2012.09.07 20:30:22.518,1.60026,1.60046,1.35,1.50
2012.09.07 20:30:22.848,1.60026,1.60046,1.35,1.50
2012.09.07 20:30:23.418,1.60026,1.60046,1.35,1.50
2012.09.07 20:30:25.999,1.60027,1.60049,1.73,1.50
2012.09.07 20:30:26.504,1.60028,1.60049,2.10,1.50
2012.09.07 20:30:27.736,1.6003,1.60049,1.73,2.25
2012.09.07 20:30:27.942,1.60028,1.60048,1.35,1.50
2012.09.07 20:30:28.479,1.60028,1.60048,1.13,1.73
2012.09.07 20:30:33.251,1.60027,1.60049,1.13,3.23
2012.09.07 20:30:40.149,1.60024,1.60049,1.95,3.23
2012.09.07 20:30:49.479,1.60024,1.60047,1.13,1.73
2012.09.07 20:30:50.108,1.60029,1.60049,1.13,2.25
2012.09.07 20:30:50.238,1.60033,1.60047,2.74,2.25
2012.09.07 20:30:50.500,1.6003,1.60048,1.73,1.73
2012.09.07 20:30:50.580,1.60023,1.60044,1.50,1.88
2012.09.07 20:30:51.098,1.60022,1.60043,1.20,1.58
2012.09.07 20:30:51.609,1.60022,1.60046,1.95,1.50
2012.09.07 20:30:51.679,1.60023,1.60048,1.58,1.35
2012.09.07 20:30:55.660,1.60028,1.60044,1.13,1.50
2012.09.07 20:30:55.860,1.60025,1.60044,1.13,1.73
2012.09.07 20:30:56.427,1.60025,1.60044,1.88,1.73
2012.09.07 20:31:02.118,1.60025,1.60047,1.88,7.08
2012.09.07 20:31:02.188,1.60026,1.60049,1.50,2.48
2012.09.07 20:31:02.389,1.60029,1.60049,1.13,2.48
2012.09.07 20:31:08.240,1.60026,1.60048,1.13,1.35
2012.09.07 20:31:08.994,1.60025,1.6004,1.50,2.81
2012.09.07 20:31:11.391,1.60025,1.6004,1.50,2.81
2012.09.07 20:31:13.497,1.60025,1.6004,1.50,2.81
2012.09.07 20:31:13.628,1.60025,1.6004,1.50,2.81
2012.09.07 20:31:15.169,1.60018,1.60039,3.36,1.56
2012.09.07 20:31:15.758,1.60021,1.60037,2.33,1.64
2012.09.07 20:31:17.055,1.60021,1.60037,2.33,1.64
2012.09.07 20:31:17.580,1.60018,1.60037,1.58,1.64
2012.09.07 20:31:18.003,1.60018,1.60037,1.58,1.64
2012.09.07 20:31:22.449,1.60018,1.60037,1.58,1.64
2012.09.07 20:31:23.887,1.60018,1.60037,1.58,1.64
2012.09.07 20:31:25.338,1.60023,1.60037,1.50,1.64
2012.09.07 20:31:43.531,1.60025,1.60037,1.50,1.64
2012.09.07 20:31:44.711,1.60023,1.60037,1.50,1.64
2012.09.07 20:31:45.732,1.6002,1.60037,1.50,1.64
2012.09.07 20:31:51.002,1.6002,1.60037,1.50,1.64
2012.09.07 20:31:51.519,1.6002,1.60037,1.50,1.64
2012.09.07 20:31:52.047,1.6002,1.60037,1.50,1.64
2012.09.07 20:31:54.967,1.60018,1.60036,2.33,1.50
2012.09.07 20:31:55.610,1.6002,1.60038,1.50,2.39
2012.09.07 20:31:58.479,1.6002,1.60038,1.50,2.39
2012.09.07 20:32:02.299,1.6002,1.60038,1.50,2.39
2012.09.07 20:32:12.809,1.60022,1.6004,1.50,2.06
2012.09.07 20:32:21.180,1.60021,1.6004,1.50,1.62
2012.09.07 20:32:21.697,1.60021,1.60042,1.50,1.04
2012.09.07 20:32:57.417,1.60021,1.60042,1.50,1.04
2012.09.07 20:33:02.542,1.6002,1.60045,1.50,1.73
2012.09.07 20:33:03.056,1.60024,1.60053,1.39,1.35
2012.09.07 20:33:03.134,1.6003,1.60056,1.35,1.73
2012.09.07 20:33:03.215,1.60035,1.60058,1.50,1.73
2012.09.07 20:33:03.361,1.60028,1.60047,2.85,1.35
2012.09.07 20:33:03.445,1.60027,1.60046,1.58,1.35
2012.09.07 20:33:03.522,1.60027,1.60046,1.58,1.35
2012.09.07 20:33:03.882,1.60031,1.60046,1.38,1.35
2012.09.07 20:33:03.962,1.60026,1.60046,1.73,2.25
2012.09.07 20:33:04.297,1.60026,1.6005,1.73,2.40
2012.09.07 20:33:04.367,1.60026,1.6005,1.73,1.50
2012.09.07 20:33:04.514,1.60026,1.60054,1.58,1.13
2012.09.07 20:33:05.019,1.60028,1.6006,1.58,1.13
2012.09.07 20:33:05.571,1.60028,1.60063,1.35,1.88
2012.09.07 20:33:07.408,1.60028,1.60063,1.95,1.88
2012.09.07 20:33:10.738,1.60027,1.60061,1.73,1.13
2012.09.07 20:33:15.898,1.60024,1.6005,1.95,1.50
2012.09.07 20:33:16.040,1.60018,1.6004,2.85,1.50
2012.09.07 20:33:16.125,1.60014,1.6004,1.73,1.50
2012.09.07 20:33:16.471,1.60013,1.6004,1.73,1.50
2012.09.07 20:33:19.751,1.60015,1.60038,1.73,1.60
2012.09.07 20:33:25.351,1.60015,1.60038,1.73,1.60
2012.09.07 20:33:25.668,1.60015,1.60037,1.73,1.60
2012.09.07 20:33:25.742,1.60015,1.60037,1.73,1.60
2012.09.07 20:33:25.823,1.60012,1.60035,1.73,1.50
2012.09.07 20:33:25.969,1.60012,1.60035,1.73,1.50
2012.09.07 20:33:26.512,1.60012,1.60035,1.73,1.50
2012.09.07 20:33:29.091,1.60012,1.60035,1.73,1.50
2012.09.07 20:33:29.361,1.60019,1.60035,1.39,1.50
2012.09.07 20:33:29.444,1.60019,1.60035,1.39,1.50
2012.09.07 20:33:29.663,1.60012,1.60037,1.73,2.58
2012.09.07 20:33:30.021,1.60012,1.60037,1.73,3.33
2012.09.07 20:33:31.538,1.60012,1.60037,1.73,1.83
2012.09.07 20:33:36.288,1.60012,1.60037,1.73,2.58
2012.09.07 20:33:38.441,1.60012,1.60036,1.73,1.73
2012.09.07 20:33:41.209,1.60012,1.60037,1.73,2.58
2012.09.07 20:33:45.787,1.60012,1.60036,1.73,1.73
2012.09.07 20:33:55.339,1.6001,1.60034,1.73,1.50
2012.09.07 20:33:55.411,1.6001,1.60034,1.50,1.73
2012.09.07 20:33:56.308,1.6001,1.60034,1.50,1.73
2012.09.07 20:33:58.161,1.60014,1.60038,1.50,1.35
2012.09.07 20:33:58.564,1.60015,1.60038,1.50,1.35
2012.09.07 20:33:58.645,1.60015,1.60039,1.73,1.60
2012.09.07 20:33:58.719,1.60015,1.60037,1.50,1.83
2012.09.07 20:33:58.790,1.60015,1.60038,1.73,1.50
2012.09.07 20:33:59.070,1.60015,1.60037,1.50,1.08
2012.09.07 20:33:59.152,1.60015,1.60039,1.73,1.60
2012.09.07 20:34:04.169,1.60015,1.60032,1.73,4.50
2012.09.07 20:34:04.479,1.60013,1.60032,1.50,5.25
2012.09.07 20:34:05.239,1.60013,1.60034,1.50,2.25
2012.09.07 20:34:05.430,1.60014,1.60032,1.35,1.50
2012.09.07 20:34:05.709,1.60016,1.60034,2.10,1.50
2012.09.07 20:34:13.834,1.60016,1.60034,2.10,1.50
2012.09.07 20:34:26.832,1.60017,1.60034,1.50,1.50
2012.09.07 20:34:28.964,1.60019,1.60037,1.50,1.50
2012.09.07 20:34:29.110,1.60019,1.60038,2.93,1.50
2012.09.07 20:34:29.548,1.6002,1.60038,1.50,1.50
2012.09.07 20:34:30.151,1.6002,1.60038,1.50,1.50
2012.09.07 20:34:31.242,1.6002,1.60038,1.50,1.50
2012.09.07 20:34:31.460,1.60018,1.60038,2.18,1.50
2012.09.07 20:34:31.709,1.6002,1.60038,1.50,1.50
2012.09.07 20:34:33.999,1.6002,1.60038,1.50,1.50
2012.09.07 20:34:36.330,1.6002,1.60036,1.50,1.50
2012.09.07 20:34:36.839,1.60021,1.60036,1.50,1.50
2012.09.07 20:34:43.968,1.6002,1.60036,1.50,1.50
2012.09.07 20:34:44.279,1.60019,1.60035,1.50,1.50
2012.09.07 20:34:46.552,1.60019,1.60036,1.50,1.50
2012.09.07 20:34:46.869,1.60019,1.60034,1.50,1.50
2012.09.07 20:34:47.610,1.60019,1.60038,1.50,1.50
2012.09.07 20:34:50.351,1.60024,1.60038,1.50,1.50
2012.09.07 20:34:50.561,1.60028,1.60046,1.50,1.50
2012.09.07 20:34:56.886,1.60025,1.60047,3.12,2.35
2012.09.07 20:35:00.818,1.60025,1.60047,3.12,2.35
2012.09.07 20:35:01.609,1.60025,1.60047,2.48,3.10
2012.09.07 20:35:01.860,1.60027,1.60047,1.73,3.10
2012.09.07 20:35:02.380,1.60027,1.60047,1.73,3.10
2012.09.07 20:35:05.049,1.60027,1.60047,1.73,1.60
2012.09.07 20:35:08.717,1.60027,1.60047,1.73,2.35
2012.09.07 20:35:10.058,1.60027,1.60047,1.73,2.35
2012.09.07 20:35:16.829,1.60027,1.60047,1.73,1.60
2012.09.07 20:35:20.793,1.60033,1.60047,1.50,1.60
2012.09.07 20:35:21.003,1.60035,1.60057,2.10,1.73
2012.09.07 20:35:21.082,1.60036,1.60058,2.22,1.13
2012.09.07 20:35:21.162,1.60036,1.60062,1.47,1.73
2012.09.07 20:35:21.244,1.60036,1.60062,1.47,1.73
2012.09.07 20:35:21.324,1.60036,1.60063,1.47,1.73
2012.09.07 20:35:21.403,1.60035,1.60063,3.72,1.50
2012.09.07 20:35:21.921,1.60035,1.60063,2.10,1.50
2012.09.07 20:35:22.813,1.60037,1.60063,1.35,1.50
2012.09.07 20:35:23.171,1.60037,1.60063,1.58,1.50
2012.09.07 20:35:25.165,1.60034,1.60063,1.58,1.50
2012.09.07 20:35:25.309,1.60034,1.60063,1.35,1.50
2012.09.07 20:35:30.450,1.60037,1.60064,2.97,1.50
2012.09.07 20:35:30.601,1.6004,1.60066,1.58,1.50
2012.09.07 20:35:30.752,1.6004,1.60067,1.58,1.50
2012.09.07 20:35:34.270,1.6004,1.60067,1.58,1.13
2012.09.07 20:35:34.600,1.60038,1.60066,1.58,1.13
2012.09.07 20:35:36.181,1.60036,1.60066,1.58,1.13
2012.09.07 20:35:36.783,1.60041,1.60067,1.35,1.13
2012.09.07 20:35:37.559,1.60041,1.60068,1.35,1.13
2012.09.07 20:35:42.562,1.60041,1.60067,1.35,1.13
2012.09.07 20:35:43.089,1.60041,1.60067,1.58,1.13
2012.09.07 20:35:45.561,1.6004,1.60068,2.33,1.13
2012.09.07 20:35:57.382,1.60042,1.60068,1.73,1.13
2012.09.07 20:35:57.461,1.60044,1.60069,1.50,1.13
2012.09.07 20:35:57.729,1.60044,1.60069,1.73,1.13
2012.09.07 20:36:03.148,1.60044,1.60072,1.73,1.50
2012.09.07 20:36:23.140,1.60047,1.60076,1.73,2.25
2012.09.07 20:37:03.869,1.60043,1.60052,1.73,0.85
2012.09.07 20:37:03.939,1.60038,1.60054,1.39,1.60
2012.09.07 20:37:04.071,1.60038,1.60054,1.39,1.60
2012.09.07 20:37:04.144,1.60034,1.60054,1.73,1.60
2012.09.07 20:37:04.291,1.60032,1.60054,1.73,1.60
2012.09.07 20:37:19.112,1.60034,1.60054,1.73,1.60
2012.09.07 20:37:19.469,1.60034,1.60054,1.73,1.60
2012.09.07 20:37:20.171,1.60035,1.60057,1.50,4.50
2012.09.07 20:37:20.255,1.60042,1.60069,1.35,2.10
2012.09.07 20:37:20.334,1.60044,1.6007,1.58,1.13
2012.09.07 20:37:20.691,1.60045,1.60073,1.35,1.50
2012.09.07 20:37:21.280,1.60043,1.60073,1.35,1.50
2012.09.07 20:37:21.421,1.60045,1.60073,1.35,1.50
2012.09.07 20:37:25.161,1.60045,1.60073,1.35,1.13
2012.09.07 20:37:25.473,1.60044,1.60071,1.35,1.88
2012.09.07 20:37:32.249,1.60041,1.6007,1.35,1.50
2012.09.07 20:37:32.573,1.60041,1.60069,1.35,1.88
2012.09.07 20:37:40.450,1.6004,1.60069,1.35,2.63
2012.09.07 20:37:59.562,1.6004,1.60069,1.35,3.00
2012.09.07 20:38:03.181,1.6004,1.60069,1.35,2.25
2012.09.07 20:38:03.669,1.60037,1.60068,2.33,1.50
2012.09.07 20:38:04.080,1.60037,1.60066,1.58,1.73
2012.09.07 20:38:29.190,1.60037,1.60065,1.58,1.73
2012.09.07 20:38:33.424,1.60039,1.60066,1.62,1.73
2012.09.07 20:38:33.646,1.60044,1.60073,1.35,1.73
2012.09.07 20:38:33.724,1.60044,1.60074,1.35,2.10
2012.09.07 20:38:34.331,1.60044,1.60074,1.35,2.10
2012.09.07 20:38:34.872,1.60045,1.60075,1.35,2.48
2012.09.07 20:38:35.241,1.60045,1.60076,1.35,1.73
2012.09.07 20:38:35.393,1.60045,1.60077,1.99,1.13
2012.09.07 20:38:35.612,1.60048,1.60078,1.35,2.25
2012.09.07 20:38:36.204,1.60048,1.60077,1.35,1.13
2012.09.07 20:38:36.533,1.60043,1.60067,1.77,1.73
2012.09.07 20:38:36.681,1.60044,1.60067,1.24,2.10
2012.09.07 20:38:36.763,1.60042,1.60066,1.35,1.35
2012.09.07 20:38:37.192,1.60041,1.60066,1.35,1.35
2012.09.07 20:38:38.874,1.60041,1.60066,1.35,1.35
2012.09.07 20:38:39.234,1.60044,1.60066,1.35,1.35
2012.09.07 20:38:39.385,1.6004,1.60067,1.35,1.73
2012.09.07 20:38:39.534,1.60045,1.60053,1.99,0.23
2012.09.07 20:38:39.615,1.60045,1.60073,1.99,1.13
2012.09.07 20:38:40.031,1.60045,1.60076,1.35,1.13
2012.09.07 20:38:40.100,1.60045,1.60076,2.10,1.13
2012.09.07 20:38:40.183,1.60045,1.60076,1.35,1.13
2012.09.07 20:38:40.715,1.60054,1.60076,1.50,1.88
2012.09.07 20:38:41.072,1.60054,1.6008,1.73,2.25
2012.09.07 20:38:41.270,1.60054,1.6008,1.73,2.25
2012.09.07 20:38:41.899,1.60052,1.60077,2.10,1.50
2012.09.07 20:38:44.711,1.60057,1.60076,2.10,1.50
2012.09.07 20:38:45.070,1.6006,1.60077,1.50,1.50
2012.09.07 20:38:45.283,1.60059,1.60075,2.14,1.88
2012.09.07 20:38:45.505,1.60059,1.60075,1.50,1.35
2012.09.07 20:38:45.652,1.60052,1.60074,1.35,1.73
2012.09.07 20:38:45.733,1.60052,1.60074,1.35,1.73
2012.09.07 20:38:45.814,1.60049,1.60074,1.35,1.73
2012.09.07 20:38:45.893,1.60042,1.60073,1.35,1.73
2012.09.07 20:38:49.346,1.60048,1.60075,1.50,1.73
2012.09.07 20:38:49.680,1.60045,1.60074,2.10,1.73
2012.09.07 20:38:50.892,1.60047,1.60074,1.73,1.73
2012.09.07 20:38:53.123,1.60045,1.60076,2.33,3.23
2012.09.07 20:38:53.652,1.60045,1.60074,1.50,2.48
2012.09.07 20:38:55.444,1.60049,1.60073,1.50,1.73
2012.09.07 20:38:55.802,1.60049,1.60076,1.73,1.73
2012.09.07 20:39:05.650,1.60048,1.60076,1.58,2.48
2012.09.07 20:39:07.891,1.60045,1.60072,2.33,1.50
2012.09.07 20:39:08.230,1.60044,1.60071,1.13,2.10
2012.09.07 20:39:19.412,1.60041,1.60069,2.33,1.35
2012.09.07 20:39:24.642,1.6004,1.60067,1.35,1.35
2012.09.07 20:39:41.940,1.6004,1.60067,2.10,1.08
2012.09.07 20:39:47.649,1.60043,1.60067,1.35,1.08
2012.09.07 20:39:58.172,1.60043,1.60067,1.35,1.08
2012.09.07 20:39:58.874,1.60043,1.60057,1.35,5.35
2012.09.07 20:39:59.010,1.60037,1.60054,1.58,1.88
2012.09.07 20:39:59.519,1.60035,1.60054,2.10,2.10
2012.09.07 20:40:02.138,1.60035,1.60055,2.10,1.35
2012.09.07 20:40:02.340,1.60036,1.60057,1.88,1.83
2012.09.07 20:40:02.410,1.60043,1.60057,4.50,1.83
2012.09.07 20:40:02.482,1.60045,1.60064,1.50,1.35
2012.09.07 20:40:02.562,1.60045,1.60068,1.50,1.73
2012.09.07 20:40:03.087,1.60046,1.6007,1.50,1.35
2012.09.07 20:40:08.799,1.60046,1.6007,1.50,1.35
2012.09.07 20:40:10.219,1.60046,1.6007,1.50,1.35
2012.09.07 20:40:12.789,1.60046,1.6007,1.50,1.35
2012.09.07 20:40:15.301,1.60043,1.60069,1.35,1.73
2012.09.07 20:40:33.015,1.6004,1.60069,1.73,1.73
2012.09.07 20:40:35.170,1.6004,1.6007,1.73,2.10
2012.09.07 20:40:35.980,1.6004,1.60069,1.73,2.10
2012.09.07 20:40:38.300,1.6004,1.60069,1.73,2.10
2012.09.07 20:40:53.761,1.6004,1.60069,2.48,1.73
2012.09.07 20:41:02.235,1.6004,1.60069,2.48,1.73
2012.09.07 20:41:16.698,1.60038,1.60068,1.58,2.10
2012.09.07 20:41:16.948,1.60038,1.60068,1.58,2.48
2012.09.07 20:41:22.240,1.60038,1.60068,1.58,1.35
2012.09.07 20:41:25.415,1.60037,1.60068,1.58,2.10
2012.09.07 20:41:35.091,1.60038,1.60068,1.58,2.48
2012.09.07 20:41:37.698,1.60038,1.60067,1.58,2.10
2012.09.07 20:41:54.408,1.60038,1.60068,1.58,1.73
2012.09.07 20:42:47.672,1.6004,1.60069,1.73,1.13
2012.09.07 20:43:03.695,1.6004,1.60069,1.73,1.13
2012.09.07 20:43:04.238,1.6004,1.60071,1.73,1.73
2012.09.07 20:43:24.121,1.6004,1.60069,1.73,1.13
2012.09.07 20:43:25.091,1.6004,1.60069,1.73,1.73
2012.09.07 20:43:28.160,1.60038,1.60068,1.35,2.10
2012.09.07 20:43:29.710,1.60038,1.60065,1.35,2.48
2012.09.07 20:43:30.268,1.60038,1.60062,1.58,1.13
2012.09.07 20:43:41.710,1.6004,1.60062,1.73,1.13
2012.09.07 20:43:41.970,1.6004,1.60067,1.73,3.00
2012.09.07 20:43:42.738,1.6004,1.60067,1.73,3.00
2012.09.07 20:43:44.362,1.6004,1.60067,1.73,1.88
2012.09.07 20:43:47.039,1.6004,1.60067,1.73,2.25
2012.09.07 20:43:49.478,1.6004,1.60067,1.73,2.25
2012.09.07 20:43:49.909,1.6004,1.60066,1.73,1.13
2012.09.07 20:43:56.344,1.60039,1.60068,1.58,1.88
2012.09.07 20:43:56.560,1.60039,1.60066,1.58,1.35
2012.09.07 20:43:57.091,1.60039,1.60066,1.58,1.35
2012.09.07 20:43:58.230,1.6004,1.60064,1.73,1.13
2012.09.07 20:43:58.360,1.6004,1.60064,1.73,1.13
2012.09.07 20:43:59.480,1.60039,1.60065,1.58,1.13
2012.09.07 20:43:59.549,1.60039,1.60065,1.58,1.13
2012.09.07 20:44:00.068,1.60039,1.60065,1.58,1.13
2012.09.07 20:44:01.205,1.60039,1.60065,1.58,1.13
2012.09.07 20:44:01.859,1.60039,1.60065,1.58,1.35
2012.09.07 20:44:03.475,1.60038,1.60064,1.58,1.13
2012.09.07 20:44:03.741,1.60038,1.60066,1.58,1.35
2012.09.07 20:44:03.940,1.6004,1.60066,1.73,1.13
2012.09.07 20:44:04.330,1.6004,1.60067,1.73,2.63
2012.09.07 20:44:05.390,1.6004,1.60067,1.73,1.88
2012.09.07 20:44:05.580,1.60042,1.60067,1.58,1.13
2012.09.07 20:44:05.961,1.60043,1.60071,2.33,1.13
2012.09.07 20:44:06.490,1.60043,1.60071,2.33,1.13
2012.09.07 20:44:07.045,1.60044,1.60073,2.33,1.73
2012.09.07 20:44:08.861,1.60048,1.60078,1.58,3.60
2012.09.07 20:44:09.211,1.60055,1.60078,1.73,1.50
2012.09.07 20:44:09.293,1.60055,1.60078,1.73,1.50
2012.09.07 20:44:09.801,1.60049,1.60078,1.58,1.50
2012.09.07 20:44:11.997,1.60049,1.60078,1.35,1.50
2012.09.07 20:44:12.087,1.60049,1.60077,1.35,1.88
2012.09.07 20:44:12.223,1.60049,1.60077,1.35,1.88
2012.09.07 20:44:16.379,1.60049,1.60077,1.35,1.88
2012.09.07 20:44:18.660,1.60048,1.60077,1.35,1.88
2012.09.07 20:44:19.005,1.6005,1.60077,1.50,1.88
2012.09.07 20:44:19.310,1.6005,1.60077,1.73,1.88
2012.09.07 20:44:19.793,1.60053,1.6008,1.73,1.50
2012.09.07 20:44:19.870,1.60053,1.60081,1.73,1.50
2012.09.07 20:44:20.002,1.60053,1.60081,1.73,1.50
2012.09.07 20:44:25.605,1.60053,1.60082,1.73,2.63
2012.09.07 20:44:25.753,1.60051,1.60082,1.58,2.63
2012.09.07 20:44:31.339,1.6005,1.6008,1.73,2.25
2012.09.07 20:44:31.468,1.6005,1.60078,1.73,1.13
2012.09.07 20:44:39.559,1.60051,1.60076,1.58,1.13
2012.09.07 20:44:40.502,1.60052,1.60076,1.73,1.13
2012.09.07 20:44:42.499,1.60052,1.60075,1.73,1.13
2012.09.07 20:44:51.350,1.60052,1.6008,1.73,1.88
2012.09.07 20:44:51.480,1.60052,1.6008,1.73,1.13
2012.09.07 20:44:51.550,1.60052,1.6008,1.73,1.13
2012.09.07 20:44:54.650,1.60054,1.60081,1.73,1.50
2012.09.07 20:44:56.143,1.60055,1.60081,1.73,1.50
2012.09.07 20:44:56.452,1.60064,1.60081,1.50,1.50
2012.09.07 20:44:56.779,1.60064,1.60086,1.73,1.50
2012.09.07 20:44:57.984,1.60064,1.60087,1.73,1.50
2012.09.07 20:44:58.321,1.60064,1.60087,1.73,1.50
2012.09.07 20:44:59.281,1.60064,1.60087,1.73,1.50
2012.09.07 20:45:00.153,1.60054,1.60078,1.73,1.50
2012.09.07 20:45:01.815,1.6005,1.60079,1.73,1.50
2012.09.07 20:45:31.448,1.60048,1.60078,1.73,1.50
2012.09.07 20:45:32.031,1.60048,1.60078,1.73,1.13
2012.09.07 20:45:37.229,1.60051,1.60078,1.73,1.13
2012.09.07 20:45:41.380,1.60051,1.60078,1.73,1.13
2012.09.07 20:45:42.251,1.60051,1.60079,1.73,1.13
2012.09.07 20:45:42.321,1.60058,1.6008,1.50,1.13
2012.09.07 20:45:42.643,1.60072,1.60086,1.39,1.50
2012.09.07 20:45:42.721,1.60078,1.601,1.50,1.35
2012.09.07 20:45:42.800,1.60073,1.60101,1.50,1.73
2012.09.07 20:45:42.871,1.60075,1.60105,1.50,1.35
2012.09.07 20:45:44.220,1.60076,1.60108,1.50,1.35
2012.09.07 20:45:44.710,1.60078,1.60109,1.50,2.10
2012.09.07 20:45:48.359,1.60083,1.60109,1.50,1.35
2012.09.07 20:45:48.631,1.60066,1.60098,1.50,1.73
2012.09.07 20:45:48.711,1.60063,1.60094,2.53,1.50
2012.09.07 20:45:49.043,1.60061,1.60098,1.88,1.73
2012.09.07 20:45:49.122,1.60057,1.60096,1.35,1.50
2012.09.07 20:45:49.467,1.60055,1.60091,2.48,1.42
2012.09.07 20:45:50.041,1.6006,1.60092,1.77,1.42
2012.09.07 20:45:50.370,1.60064,1.60099,2.63,1.35
2012.09.07 20:45:50.440,1.60064,1.60102,3.00,1.35
2012.09.07 20:45:51.182,1.60075,1.60106,1.13,2.48
2012.09.07 20:45:51.751,1.60077,1.60107,1.50,1.35
2012.09.07 20:45:52.160,1.60079,1.60107,1.50,1.35
2012.09.07 20:45:52.482,1.60075,1.60106,1.13,1.35
2012.09.07 20:45:53.010,1.60069,1.60101,1.50,1.35
2012.09.07 20:45:54.427,1.60072,1.60101,1.50,1.73
2012.09.07 20:45:54.503,1.60081,1.60112,1.50,1.73
2012.09.07 20:45:54.582,1.60086,1.60112,1.13,1.35
2012.09.07 20:45:54.903,1.60086,1.60106,1.50,1.73
2012.09.07 20:45:55.251,1.60087,1.60116,1.50,1.73
2012.09.07 20:45:55.333,1.60091,1.60116,1.02,1.50
2012.09.07 20:45:55.412,1.60091,1.60111,1.02,1.50
2012.09.07 20:45:55.750,1.6009,1.60111,1.88,1.50
2012.09.07 20:45:55.882,1.6009,1.60111,1.88,1.50
2012.09.07 20:45:56.033,1.60093,1.60112,2.63,1.50
2012.09.07 20:45:56.115,1.60093,1.60112,1.50,1.50
2012.09.07 20:45:56.192,1.60093,1.60112,3.38,1.50
2012.09.07 20:45:56.273,1.60097,1.60126,2.63,2.25
2012.09.07 20:45:56.353,1.60097,1.60126,1.73,1.50
2012.09.07 20:45:58.930,1.60099,1.60126,1.73,1.50
2012.09.07 20:46:00.269,1.60097,1.60126,1.35,2.25
2012.09.07 20:46:01.630,1.60095,1.60125,3.23,1.13
2012.09.07 20:46:02.223,1.60095,1.60125,3.23,1.13
2012.09.07 20:46:23.572,1.60094,1.60103,1.50,1.13
2012.09.07 20:46:23.641,1.60084,1.60103,1.73,1.88
2012.09.07 20:46:23.781,1.60075,1.60101,1.73,1.13
2012.09.07 20:46:23.851,1.6007,1.60101,3.61,1.13
2012.09.07 20:46:23.921,1.6007,1.60101,2.86,1.13
2012.09.07 20:46:24.051,1.6007,1.60101,2.86,1.13
2012.09.07 20:46:24.250,1.60073,1.60105,1.35,1.50
2012.09.07 20:46:24.320,1.60076,1.60107,1.13,1.50
2012.09.07 20:46:24.455,1.60073,1.60103,3.23,1.28
2012.09.07 20:46:24.590,1.60076,1.60107,1.50,1.20
2012.09.07 20:46:24.960,1.60078,1.6011,1.73,1.20
2012.09.07 20:46:25.031,1.60078,1.60109,1.50,1.20
2012.09.07 20:46:25.161,1.60076,1.60109,1.50,1.20
2012.09.07 20:46:25.230,1.60076,1.60109,1.88,1.20
2012.09.07 20:46:25.579,1.60076,1.60107,1.88,1.20
2012.09.07 20:46:26.130,1.60076,1.60107,1.88,1.20
2012.09.07 20:46:26.269,1.60076,1.60107,1.88,1.20
2012.09.07 20:46:26.399,1.60076,1.60107,1.88,1.20
2012.09.07 20:46:27.020,1.60085,1.60108,1.50,1.20
2012.09.07 20:46:27.090,1.60085,1.60108,1.50,1.20
2012.09.07 20:46:33.209,1.60081,1.60107,1.50,1.20
2012.09.07 20:46:33.278,1.60079,1.60107,1.50,1.20
2012.09.07 20:46:33.591,1.6008,1.60107,3.00,1.20
2012.09.07 20:46:39.569,1.60085,1.60112,2.25,2.85
2012.09.07 20:46:41.323,1.60083,1.60109,1.50,1.73
2012.09.07 20:46:41.399,1.60082,1.60109,1.50,1.73
2012.09.07 20:46:41.470,1.6008,1.60109,3.00,1.73
2012.09.07 20:46:49.350,1.60083,1.60108,1.50,1.13
2012.09.07 20:46:49.499,1.6008,1.60108,1.50,1.13
2012.09.07 20:46:49.952,1.60076,1.60107,1.73,1.50
2012.09.07 20:46:50.080,1.60076,1.60107,1.73,2.25
2012.09.07 20:46:51.162,1.60076,1.60107,1.73,1.88
2012.09.07 20:46:51.239,1.60076,1.60107,1.73,1.88
2012.09.07 20:46:55.658,1.6008,1.60105,1.50,1.13
2012.09.07 20:46:56.780,1.60075,1.60106,1.50,1.13
2012.09.07 20:46:57.720,1.60074,1.60105,1.50,1.13
2012.09.07 20:46:58.632,1.60079,1.60098,1.50,1.50
2012.09.07 20:46:59.021,1.60079,1.60102,1.50,1.50
2012.09.07 20:47:00.191,1.60078,1.60102,1.50,1.50
2012.09.07 20:47:02.092,1.60075,1.60102,2.25,1.50
2012.09.07 20:47:02.241,1.60072,1.60102,1.35,1.50
2012.09.07 20:47:02.551,1.60074,1.60102,1.50,1.50
2012.09.07 20:47:06.381,1.60079,1.60102,1.50,1.50
2012.09.07 20:47:06.580,1.60079,1.60102,1.50,1.50
2012.09.07 20:47:07.029,1.60079,1.60102,1.50,1.50
2012.09.07 20:47:10.292,1.60079,1.60102,1.50,1.50
2012.09.07 20:47:10.361,1.60074,1.60102,1.50,1.50
2012.09.07 20:47:10.991,1.60071,1.60102,1.73,1.88
2012.09.07 20:47:11.071,1.60071,1.60102,2.48,1.88
2012.09.07 20:47:11.270,1.60071,1.60102,2.48,1.88
2012.09.07 20:47:11.640,1.60072,1.60102,1.50,1.88
2012.09.07 20:47:12.102,1.60069,1.60099,1.73,1.13
2012.09.07 20:47:12.808,1.60065,1.60098,1.73,1.13
2012.09.07 20:47:13.000,1.60065,1.60098,2.48,1.13
2012.09.07 20:47:13.194,1.60065,1.60098,1.73,1.13
2012.09.07 20:47:13.273,1.60064,1.60098,1.62,1.13
2012.09.07 20:47:13.469,1.60064,1.60098,1.62,1.13
2012.09.07 20:47:13.599,1.60064,1.60098,1.62,1.13
2012.09.07 20:47:14.101,1.60061,1.60092,1.50,1.50
2012.09.07 20:47:14.419,1.60061,1.60092,1.50,1.50
2012.09.07 20:47:15.101,1.60064,1.60093,1.50,1.50
2012.09.07 20:47:15.670,1.60064,1.60096,1.73,1.13
2012.09.07 20:47:17.039,1.60066,1.60096,1.73,1.13
2012.09.07 20:47:18.136,1.60067,1.60097,1.73,1.50
2012.09.07 20:47:21.339,1.6007,1.60097,1.50,1.50
2012.09.07 20:47:22.101,1.6007,1.60097,1.50,1.50
2012.09.07 20:47:26.016,1.60068,1.60097,1.73,1.50
2012.09.07 20:47:28.878,1.60067,1.60097,1.73,1.50
2012.09.07 20:47:34.743,1.60073,1.60097,1.73,1.50
2012.09.07 20:47:35.081,1.60078,1.60097,1.73,1.50
2012.09.07 20:47:35.674,1.60077,1.60097,1.73,1.50
2012.09.07 20:47:36.243,1.60072,1.60097,1.73,1.50
2012.09.07 20:47:36.781,1.60072,1.60097,1.73,1.50
2012.09.07 20:47:37.904,1.60073,1.60097,1.73,1.50
2012.09.07 20:47:41.109,1.60078,1.60097,1.50,1.50
2012.09.07 20:47:41.770,1.60073,1.60097,1.50,1.50
2012.09.07 20:47:43.043,1.60075,1.60097,1.50,1.50
2012.09.07 20:47:43.392,1.60076,1.60098,1.50,1.13
2012.09.07 20:47:44.432,1.60077,1.60104,1.50,1.13
2012.09.07 20:47:44.511,1.60077,1.60104,1.50,1.13
2012.09.07 20:47:44.832,1.60077,1.60107,1.50,1.50
2012.09.07 20:47:45.722,1.60082,1.60106,1.50,1.13
2012.09.07 20:47:45.853,1.60077,1.60106,1.73,1.13
2012.09.07 20:47:45.930,1.60079,1.60106,1.50,1.13
2012.09.07 20:47:50.570,1.60075,1.60103,1.50,1.13
2012.09.07 20:47:51.559,1.60074,1.60103,1.50,1.13
2012.09.07 20:47:51.751,1.6007,1.60102,1.50,1.13
2012.09.07 20:47:54.424,1.60068,1.60102,2.48,1.13
2012.09.07 20:47:54.669,1.60068,1.60102,2.48,1.13
2012.09.07 20:47:56.229,1.60072,1.60103,2.48,1.13
2012.09.07 20:47:58.784,1.60068,1.60099,2.48,1.50
2012.09.07 20:47:59.502,1.60068,1.601,1.73,1.50
2012.09.07 20:48:00.152,1.60068,1.601,2.48,1.50
2012.09.07 20:48:00.700,1.60068,1.601,2.48,1.50
2012.09.07 20:48:00.920,1.60068,1.601,2.48,1.50
2012.09.07 20:48:01.290,1.60069,1.601,2.25,1.50
2012.09.07 20:48:01.658,1.60069,1.601,2.25,1.50
2012.09.07 20:48:02.031,1.60069,1.60101,2.48,1.50
2012.09.07 20:48:02.683,1.60069,1.60101,2.48,1.50
2012.09.07 20:48:02.819,1.60069,1.60101,2.48,1.50
2012.09.07 20:48:02.888,1.60069,1.60101,2.48,1.50
2012.09.07 20:48:03.410,1.60074,1.60101,1.50,1.50
2012.09.07 20:48:20.990,1.60071,1.60099,1.73,1.50
2012.09.07 20:48:22.869,1.60075,1.60102,1.50,1.50
2012.09.07 20:48:23.012,1.60073,1.60102,3.28,1.50
2012.09.07 20:48:23.079,1.60073,1.60102,3.28,1.50
2012.09.07 20:48:23.784,1.60073,1.60102,3.28,1.50
2012.09.07 20:48:26.152,1.60073,1.60102,2.53,1.50
2012.09.07 20:48:26.300,1.60073,1.60102,2.53,1.50
2012.09.07 20:48:26.569,1.60073,1.60102,2.53,1.50
2012.09.07 20:48:26.638,1.60076,1.60102,2.25,1.50
2012.09.07 20:48:27.162,1.60076,1.60102,2.25,1.50
2012.09.07 20:48:30.739,1.60076,1.60102,1.50,1.50
2012.09.07 20:48:30.910,1.60073,1.60102,3.28,1.50
2012.09.07 20:48:31.799,1.60073,1.60102,3.28,1.50
2012.09.07 20:48:33.679,1.60076,1.60107,1.50,1.60
2012.09.07 20:48:34.008,1.6008,1.60107,1.73,1.60
2012.09.07 20:48:34.200,1.60075,1.60098,1.50,1.60
2012.09.07 20:48:34.751,1.60076,1.60098,1.50,1.60
2012.09.07 20:48:35.340,1.60076,1.60098,1.50,1.60
2012.09.07 20:48:39.311,1.60075,1.60098,1.50,1.60
2012.09.07 20:48:39.463,1.6007,1.60097,1.50,1.60
2012.09.07 20:48:39.544,1.6007,1.60097,1.50,1.60
2012.09.07 20:48:39.679,1.6007,1.60097,1.50,1.60
2012.09.07 20:48:40.489,1.60069,1.60098,1.50,1.73
2012.09.07 20:48:41.873,1.60071,1.60098,1.13,1.50
2012.09.07 20:48:41.954,1.60071,1.60098,1.13,1.50
2012.09.07 20:48:42.489,1.60073,1.60097,1.50,1.60
2012.09.07 20:48:42.683,1.60073,1.60097,1.50,1.60
2012.09.07 20:48:43.209,1.60073,1.60098,1.50,1.60
2012.09.07 20:48:43.729,1.60071,1.60098,1.13,1.50
2012.09.07 20:48:45.295,1.60071,1.60103,1.13,2.25
2012.09.07 20:48:48.362,1.60074,1.60102,1.50,1.50
2012.09.07 20:48:48.919,1.60074,1.60098,1.50,1.60
2012.09.07 20:48:49.472,1.60074,1.60104,1.50,1.13
2012.09.07 20:48:49.973,1.60072,1.60102,1.50,1.50
2012.09.07 20:48:50.723,1.60075,1.60098,1.50,1.60
2012.09.07 20:48:51.635,1.6007,1.60098,1.50,1.60
2012.09.07 20:48:52.179,1.6007,1.60103,1.50,3.00
2012.09.07 20:48:55.691,1.60072,1.60103,1.13,3.00
2012.09.07 20:48:59.791,1.60072,1.60103,1.13,2.25
2012.09.07 20:49:09.452,1.60071,1.60098,1.13,1.60
2012.09.07 20:49:09.965,1.60071,1.60103,1.13,1.13
2012.09.07 20:49:13.951,1.60071,1.601,1.13,1.50
2012.09.07 20:49:31.123,1.60071,1.601,1.13,1.50
2012.09.07 20:49:31.631,1.60069,1.60098,1.50,1.50
2012.09.07 20:49:32.321,1.60065,1.60097,2.63,1.88
2012.09.07 20:49:32.602,1.60061,1.60092,1.73,1.13
2012.09.07 20:49:32.687,1.60056,1.6009,1.73,1.13
2012.09.07 20:49:32.761,1.60056,1.60089,1.73,1.13
2012.09.07 20:49:33.016,1.60056,1.60089,1.73,1.13
2012.09.07 20:49:33.231,1.60052,1.60087,1.73,1.60
2012.09.07 20:49:33.301,1.60052,1.60086,1.35,2.27
2012.09.07 20:49:33.621,1.60051,1.6008,1.35,1.23
2012.09.07 20:49:33.810,1.60055,1.60089,1.50,1.13
2012.09.07 20:49:33.880,1.60055,1.60089,1.50,1.13
2012.09.07 20:49:35.120,1.60058,1.6009,1.50,1.13
2012.09.07 20:49:37.800,1.6006,1.6009,2.25,1.13
2012.09.07 20:49:38.729,1.6006,1.60091,1.50,1.50
2012.09.07 20:49:38.921,1.6006,1.60091,1.50,1.50
2012.09.07 20:49:42.711,1.60058,1.60089,1.50,1.50
2012.09.07 20:49:43.020,1.60052,1.60085,2.25,1.50
2012.09.07 20:49:46.959,1.60052,1.60084,1.50,1.50
2012.09.07 20:49:47.509,1.60052,1.60084,1.13,1.50
2012.09.07 20:49:56.918,1.60055,1.60089,1.50,1.35
2012.09.07 20:49:57.110,1.6006,1.6009,1.50,1.13
2012.09.07 20:49:59.852,1.60056,1.60085,1.73,1.50
2012.09.07 20:49:59.992,1.6006,1.60092,1.50,1.88
2012.09.07 20:50:00.061,1.6006,1.60092,1.50,2.10
2012.09.07 20:50:00.564,1.6006,1.60091,1.50,1.13
2012.09.07 20:50:02.251,1.6006,1.60091,1.50,1.13
2012.09.07 20:50:10.361,1.6006,1.6009,1.50,1.13
2012.09.07 20:50:10.762,1.6006,1.60092,2.25,1.13
2012.09.07 20:50:10.842,1.6006,1.60091,1.50,1.50
2012.09.07 20:50:11.041,1.6006,1.60092,2.25,1.13
2012.09.07 20:50:12.150,1.6006,1.60092,2.25,1.13
2012.09.07 20:50:13.719,1.6006,1.6009,2.25,1.50
2012.09.07 20:50:13.849,1.6006,1.60089,2.25,1.60
2012.09.07 20:50:14.363,1.60055,1.60086,2.25,2.73
2012.09.07 20:50:17.405,1.60059,1.60084,1.50,1.60
2012.09.07 20:50:17.661,1.60056,1.60084,1.50,2.35
2012.09.07 20:50:18.900,1.60055,1.60084,1.50,2.35
2012.09.07 20:50:20.729,1.60055,1.60084,1.50,1.60
2012.09.07 20:50:23.243,1.60058,1.60082,1.50,1.60
2012.09.07 20:50:23.781,1.60055,1.60081,2.25,1.23
2012.09.07 20:50:27.579,1.60055,1.60085,2.25,1.23
2012.09.07 20:50:37.130,1.60055,1.60084,1.50,1.23
2012.09.07 20:50:52.183,1.60058,1.60085,1.50,1.13
2012.09.07 20:50:52.322,1.60061,1.60095,1.50,2.25
2012.09.07 20:50:52.993,1.6006,1.60092,1.50,1.50
2012.09.07 20:50:53.261,1.60062,1.60093,1.50,1.50
2012.09.07 20:50:53.330,1.60062,1.60094,1.50,1.88
2012.09.07 20:50:53.994,1.60062,1.60094,1.50,1.88
2012.09.07 20:50:55.755,1.60059,1.60095,1.50,1.13
2012.09.07 20:50:56.151,1.6006,1.60096,1.50,1.50
2012.09.07 20:50:57.062,1.6006,1.60096,1.50,1.88
2012.09.07 20:50:57.142,1.6006,1.60095,2.25,1.13
2012.09.07 20:50:58.241,1.6006,1.60091,2.25,1.50
2012.09.07 20:50:58.501,1.6006,1.60094,2.25,1.50
2012.09.07 20:51:01.700,1.6006,1.60093,2.25,1.50
2012.09.07 20:51:01.890,1.6006,1.60095,2.25,1.88
2012.09.07 20:51:15.110,1.6006,1.60092,1.50,1.50
2012.09.07 20:51:15.302,1.60063,1.60095,1.50,1.13
2012.09.07 20:51:15.640,1.60065,1.60095,1.50,1.13
2012.09.07 20:51:16.440,1.60063,1.60094,1.73,1.13
2012.09.07 20:51:16.642,1.6006,1.60094,1.50,1.13
2012.09.07 20:51:16.791,1.6006,1.60094,1.50,1.13
2012.09.07 20:51:19.061,1.60061,1.60094,1.50,1.88
2012.09.07 20:51:19.757,1.60061,1.60094,1.50,1.88
2012.09.07 20:51:22.473,1.60059,1.60093,1.50,1.50
2012.09.07 20:51:25.424,1.60059,1.60094,2.25,1.88
2012.09.07 20:51:26.040,1.60059,1.60094,2.25,1.13
2012.09.07 20:51:31.441,1.60068,1.60094,1.78,1.50
2012.09.07 20:51:31.750,1.60068,1.60094,2.53,1.50
2012.09.07 20:51:32.399,1.60068,1.60094,2.53,1.50
2012.09.07 20:51:34.071,1.60068,1.60096,2.53,1.13
2012.09.07 20:51:35.709,1.60068,1.60096,2.53,1.13
2012.09.07 20:51:38.469,1.60068,1.60096,1.78,1.13
2012.09.07 20:51:40.109,1.60064,1.60096,1.88,1.13
2012.09.07 20:51:40.659,1.60063,1.60094,3.28,1.13
2012.09.07 20:51:41.461,1.60063,1.60091,2.53,1.50
2012.09.07 20:51:41.971,1.60063,1.60091,2.53,1.50
2012.09.07 20:51:45.888,1.60064,1.6009,1.50,1.50
2012.09.07 20:51:45.960,1.60064,1.60094,1.50,1.88
2012.09.07 20:51:46.031,1.60064,1.60094,1.50,1.88
2012.09.07 20:51:46.570,1.60063,1.60094,3.28,1.88
2012.09.07 20:51:46.700,1.60062,1.60093,1.50,2.63
2012.09.07 20:51:47.240,1.60057,1.60092,1.13,2.63
2012.09.07 20:51:47.920,1.60057,1.60091,1.13,1.50
2012.09.07 20:51:48.481,1.60061,1.60092,1.50,1.88
2012.09.07 20:51:48.812,1.60062,1.60095,1.73,1.13
2012.09.07 20:51:49.161,1.60061,1.60093,1.73,1.50
2012.09.07 20:51:49.232,1.60056,1.60087,1.35,1.13
2012.09.07 20:51:49.812,1.60055,1.60086,1.35,1.23
2012.09.07 20:51:49.892,1.60055,1.60086,1.13,1.98
2012.09.07 20:51:56.660,1.60058,1.60088,1.50,1.60
2012.09.07 20:51:56.911,1.60058,1.60086,1.50,1.60
2012.09.07 20:51:57.100,1.60058,1.60086,1.50,1.60
2012.09.07 20:51:58.052,1.60055,1.60086,1.13,1.60
2012.09.07 20:52:04.000,1.60055,1.60085,1.13,1.60
2012.09.07 20:52:07.430,1.60055,1.60087,1.13,1.98
2012.09.07 20:52:07.500,1.60056,1.60087,1.50,1.60
2012.09.07 20:52:14.920,1.60055,1.60086,1.13,2.35
2012.09.07 20:52:15.511,1.60055,1.60081,1.13,1.23
2012.09.07 20:52:21.359,1.60059,1.60087,1.50,1.60
2012.09.07 20:52:22.122,1.60055,1.60085,1.88,1.98
2012.09.07 20:52:29.081,1.60059,1.60088,1.50,1.60
2012.09.07 20:52:30.240,1.60059,1.60088,1.50,1.60
2012.09.07 20:52:32.300,1.60059,1.60088,1.50,1.60
2012.09.07 20:52:33.132,1.60059,1.60088,1.50,1.60
2012.09.07 20:52:38.811,1.60059,1.60087,1.50,1.23
2012.09.07 20:52:39.371,1.60055,1.60087,1.88,1.23
2012.09.07 20:52:39.910,1.60055,1.60085,1.88,1.23
2012.09.07 20:52:41.182,1.60055,1.60085,1.88,1.23
2012.09.07 20:52:41.252,1.60055,1.60083,1.88,1.23
2012.09.07 20:52:59.020,1.60054,1.60085,1.88,1.60
2012.09.07 20:53:02.971,1.60056,1.60086,1.50,1.23
2012.09.07 20:53:03.100,1.60056,1.60086,1.50,1.23
2012.09.07 20:53:15.106,1.60055,1.60087,1.50,1.88
2012.09.07 20:53:18.308,1.60056,1.60087,1.50,1.13
2012.09.07 20:53:18.499,1.60055,1.60087,1.50,1.88
2012.09.07 20:53:21.740,1.60056,1.60087,1.39,1.88
2012.09.07 20:53:24.242,1.60052,1.60083,1.13,1.13
2012.09.07 20:53:24.371,1.60051,1.6008,1.13,1.13
2012.09.07 20:53:24.506,1.60053,1.60084,1.50,2.25
2012.09.07 20:53:24.586,1.60053,1.60084,1.50,1.88
2012.09.07 20:53:25.289,1.60052,1.60084,1.50,1.13
2012.09.07 20:53:27.434,1.60052,1.60084,1.50,1.13
2012.09.07 20:53:30.048,1.60052,1.60084,1.50,1.13
2012.09.07 20:53:30.591,1.60052,1.60084,1.50,1.50
2012.09.07 20:53:31.069,1.60053,1.60084,1.50,1.13
2012.09.07 20:53:33.038,1.60053,1.60084,1.50,1.13
2012.09.07 20:53:33.421,1.60052,1.60084,1.50,1.88
2012.09.07 20:53:34.644,1.60052,1.60084,1.50,1.50
2012.09.07 20:53:37.659,1.60052,1.60084,1.50,1.13
2012.09.07 20:53:38.932,1.60052,1.60084,1.50,1.13
2012.09.07 20:53:40.681,1.60052,1.60083,1.50,1.13
2012.09.07 20:53:40.990,1.60051,1.60081,1.13,1.50
2012.09.07 20:53:41.239,1.60053,1.60084,1.50,1.88
2012.09.07 20:53:42.432,1.60053,1.60085,1.50,1.13
2012.09.07 20:53:43.161,1.60053,1.60084,1.50,1.13
2012.09.07 20:53:54.484,1.60054,1.60084,1.50,1.13
2012.09.07 20:53:58.760,1.60054,1.60086,1.50,1.50
2012.09.07 20:54:01.889,1.60051,1.60083,1.50,1.13
2012.09.07 20:54:08.960,1.60052,1.60081,1.50,1.13
2012.09.07 20:54:09.559,1.60051,1.60083,1.50,1.88
2012.09.07 20:54:12.300,1.60051,1.60083,1.50,1.50
2012.09.07 20:54:12.550,1.60056,1.60087,1.50,1.13
2012.09.07 20:54:12.739,1.60054,1.60086,1.50,1.50
2012.09.07 20:54:12.930,1.60054,1.60086,1.50,1.50
2012.09.07 20:54:13.061,1.60054,1.60086,1.50,1.50
2012.09.07 20:54:13.800,1.60054,1.60086,1.50,1.50
2012.09.07 20:54:14.540,1.60051,1.60083,1.50,2.25
2012.09.07 20:54:15.259,1.60051,1.60083,1.50,1.88
2012.09.07 20:54:17.800,1.60054,1.60083,1.50,1.13
2012.09.07 20:54:18.350,1.60052,1.60082,1.50,1.50
2012.09.07 20:54:18.901,1.60058,1.60084,1.78,1.50
2012.09.07 20:54:19.041,1.60058,1.60089,1.78,1.50
2012.09.07 20:54:19.114,1.60059,1.60091,2.53,1.60
2012.09.07 20:54:19.713,1.60059,1.60091,2.53,1.60
2012.09.07 20:54:20.271,1.60059,1.60091,2.53,3.10
2012.09.07 20:54:21.949,1.60059,1.60091,2.53,3.10
2012.09.07 20:54:24.396,1.60065,1.60092,1.50,2.35
2012.09.07 20:54:24.659,1.60073,1.60095,1.78,1.13
2012.09.07 20:54:25.329,1.60073,1.60095,1.78,1.13
2012.09.07 20:54:34.182,1.60073,1.60095,2.53,1.13
2012.09.07 20:54:34.816,1.60073,1.60095,1.78,1.13
2012.09.07 20:54:35.608,1.60073,1.60095,2.53,1.13
2012.09.07 20:54:37.290,1.60073,1.60095,1.78,1.13
2012.09.07 20:54:38.499,1.60073,1.60095,2.53,1.13
2012.09.07 20:54:39.061,1.60073,1.60095,1.78,1.13
2012.09.07 20:54:39.571,1.60073,1.60095,3.28,1.13
2012.09.07 20:54:40.801,1.60073,1.60095,2.53,1.13
2012.09.07 20:54:41.321,1.60073,1.60095,2.53,1.13
2012.09.07 20:54:42.291,1.60073,1.60095,1.78,1.13
2012.09.07 20:54:44.220,1.60073,1.60095,2.53,1.13
2012.09.07 20:54:44.352,1.60083,1.60097,1.78,1.13
2012.09.07 20:54:44.481,1.60078,1.60097,1.78,1.13
2012.09.07 20:54:47.540,1.60078,1.60097,1.78,1.13
2012.09.07 20:54:48.953,1.60063,1.60098,1.35,1.88
2012.09.07 20:54:49.475,1.60057,1.60091,2.10,2.25
2012.09.07 20:54:49.552,1.60057,1.60091,1.88,2.25
2012.09.07 20:54:49.873,1.60057,1.60088,1.50,1.13
2012.09.07 20:54:52.095,1.60057,1.60088,1.50,1.13
2012.09.07 20:54:53.990,1.60056,1.60088,2.25,1.13
2012.09.07 20:54:57.370,1.60055,1.60088,2.89,1.13
2012.09.07 20:55:00.790,1.60059,1.60089,1.50,1.13
2012.09.07 20:55:00.860,1.60059,1.60089,1.50,1.13
2012.09.07 20:55:03.527,1.60057,1.60088,1.50,1.13
2012.09.07 20:55:04.034,1.60056,1.60088,1.50,1.13
2012.09.07 20:55:04.610,1.60056,1.60088,1.50,1.13
2012.09.07 20:55:04.992,1.60055,1.60088,1.50,1.13
2012.09.07 20:55:08.029,1.60055,1.60088,1.50,1.13
2012.09.07 20:55:08.400,1.60055,1.60088,1.50,1.13
2012.09.07 20:55:10.491,1.60055,1.60088,1.50,1.13
2012.09.07 20:55:11.873,1.60054,1.60088,1.73,1.13
2012.09.07 20:55:13.283,1.60055,1.60088,1.73,1.13
2012.09.07 20:55:13.599,1.60056,1.60088,1.50,1.13
2012.09.07 20:55:14.249,1.60056,1.60088,2.25,1.13
2012.09.07 20:55:15.778,1.60056,1.6009,2.25,1.13
2012.09.07 20:55:17.057,1.60056,1.6009,1.50,1.13
2012.09.07 20:55:17.928,1.60055,1.6009,1.13,1.13
2012.09.07 20:55:19.879,1.60056,1.6009,1.50,1.13
2012.09.07 20:55:20.389,1.60055,1.6009,1.88,1.13
2012.09.07 20:55:22.430,1.60056,1.6009,1.50,1.13
2012.09.07 20:55:22.500,1.60055,1.6009,1.77,1.13
2012.09.07 20:55:23.646,1.60056,1.6009,1.50,1.13
2012.09.07 20:55:23.734,1.60056,1.6009,1.50,1.13
2012.09.07 20:55:23.950,1.60056,1.6009,1.50,1.13
2012.09.07 20:55:25.078,1.60056,1.6009,1.50,1.13
2012.09.07 20:55:28.209,1.60055,1.6009,1.77,1.13
2012.09.07 20:55:28.437,1.60055,1.6009,1.77,1.13
2012.09.07 20:55:32.169,1.60055,1.6009,1.77,1.13
2012.09.07 20:55:32.420,1.60055,1.6009,1.77,1.13
2012.09.07 20:55:32.640,1.60055,1.6009,1.77,1.13
2012.09.07 20:55:36.417,1.60075,1.60091,0.75,1.13
2012.09.07 20:55:36.551,1.60062,1.60093,1.13,1.50
2012.09.07 20:55:36.620,1.60058,1.60092,1.35,1.50
2012.09.07 20:55:36.689,1.60057,1.60092,2.10,1.50
2012.09.07 20:55:36.823,1.60057,1.60092,1.13,1.50
2012.09.07 20:55:43.182,1.60057,1.6009,1.50,1.13
2012.09.07 20:55:44.179,1.60056,1.60084,1.50,1.13
2012.09.07 20:55:45.052,1.60056,1.60084,1.50,1.13
2012.09.07 20:55:45.599,1.60052,1.60084,1.50,1.88
2012.09.07 20:55:51.037,1.60052,1.60084,1.50,2.25
2012.09.07 20:55:51.555,1.60052,1.60084,2.25,1.88
2012.09.07 20:55:51.809,1.6005,1.60083,3.38,1.88
2012.09.07 20:55:51.881,1.60052,1.60084,1.50,1.88
2012.09.07 20:55:51.949,1.60057,1.60084,1.73,1.88
2012.09.07 20:55:52.260,1.60058,1.60084,1.73,1.13
2012.09.07 20:55:52.332,1.60054,1.60084,1.73,1.13
2012.09.07 20:55:52.769,1.60052,1.60084,1.50,1.88
2012.09.07 20:55:53.282,1.60052,1.60084,1.50,2.25
2012.09.07 20:55:53.679,1.60052,1.60083,1.50,2.25
2012.09.07 20:55:54.280,1.60051,1.60083,1.50,2.25
2012.09.07 20:55:54.790,1.60052,1.60083,1.50,2.25
2012.09.07 20:55:54.859,1.60052,1.60083,1.50,2.25
2012.09.07 20:55:54.990,1.60051,1.60083,1.50,1.13
2012.09.07 20:55:55.059,1.60049,1.60082,1.73,1.13
2012.09.07 20:55:55.492,1.60046,1.60078,1.73,1.50
2012.09.07 20:55:56.039,1.6005,1.60075,1.50,1.13
2012.09.07 20:55:56.591,1.6005,1.60074,1.50,1.50
2012.09.07 20:55:57.110,1.60039,1.60071,1.73,1.13
2012.09.07 20:55:57.313,1.60049,1.60075,1.13,1.13
2012.09.07 20:55:57.391,1.6005,1.60075,1.73,1.13
2012.09.07 20:55:57.835,1.60052,1.60084,1.73,1.50
2012.09.07 20:55:58.090,1.60053,1.60085,1.73,1.88
2012.09.07 20:55:58.793,1.6005,1.60085,2.10,1.88
2012.09.07 20:55:58.873,1.60048,1.60082,1.35,1.50
2012.09.07 20:55:58.952,1.60043,1.60079,1.73,1.13
2012.09.07 20:55:59.570,1.60041,1.60079,1.73,1.13
2012.09.07 20:56:00.341,1.60043,1.60075,1.50,1.13
2012.09.07 20:56:01.241,1.60044,1.60075,1.50,1.13
2012.09.07 20:56:01.881,1.60044,1.60075,1.50,1.13
2012.09.07 20:56:02.429,1.60044,1.60075,1.50,1.13
2012.09.07 20:56:02.619,1.60041,1.60073,1.73,1.88
2012.09.07 20:56:02.930,1.60036,1.60067,1.73,1.88
2012.09.07 20:56:03.621,1.60037,1.60067,1.62,1.50
2012.09.07 20:56:03.750,1.60045,1.60077,1.73,1.50
2012.09.07 20:56:03.880,1.60047,1.60079,1.73,2.17
2012.09.07 20:56:03.949,1.60048,1.6008,1.73,1.13
2012.09.07 20:56:04.080,1.60048,1.60075,1.50,1.13
2012.09.07 20:56:04.399,1.60049,1.60075,2.10,1.13
2012.09.07 20:56:04.539,1.60049,1.60075,2.10,1.13
2012.09.07 20:56:05.634,1.60048,1.60075,1.73,1.13
2012.09.07 20:56:05.712,1.60048,1.60076,1.73,1.13
2012.09.07 20:56:07.148,1.60046,1.60076,1.73,1.13
2012.09.07 20:56:10.205,1.60046,1.60077,1.73,1.88
2012.09.07 20:56:17.779,1.6005,1.60075,1.50,1.13
2012.09.07 20:56:21.472,1.60045,1.60074,1.50,1.13
2012.09.07 20:56:21.540,1.60041,1.60072,1.50,1.50
2012.09.07 20:56:21.851,1.60037,1.60067,1.50,1.88
2012.09.07 20:56:22.989,1.60042,1.60067,1.50,1.88
2012.09.07 20:56:23.240,1.6004,1.60067,1.50,1.88
2012.09.07 20:56:23.309,1.6004,1.60067,1.50,1.88
2012.09.07 20:56:26.309,1.60039,1.60067,1.50,1.88
2012.09.07 20:56:28.599,1.60039,1.60067,1.50,1.88
2012.09.07 20:56:29.119,1.60039,1.60067,1.50,1.88
2012.09.07 20:56:29.939,1.60039,1.60067,1.50,1.88
2012.09.07 20:56:30.741,1.60037,1.60067,1.50,2.63
2012.09.07 20:56:30.969,1.60037,1.60067,1.50,2.63
2012.09.07 20:56:32.413,1.60037,1.60067,1.50,2.63
2012.09.07 20:56:33.578,1.60034,1.60066,2.31,1.50
2012.09.07 20:56:34.110,1.60053,1.60066,0.34,1.50
2012.09.07 20:56:34.255,1.6005,1.60077,1.50,1.60
2012.09.07 20:56:34.330,1.60047,1.60079,1.50,2.35
2012.09.07 20:56:34.461,1.60048,1.60079,2.53,1.50
2012.09.07 20:56:34.951,1.60048,1.60074,2.53,1.13
2012.09.07 20:56:35.091,1.60048,1.60074,1.78,1.88
2012.09.07 20:56:35.220,1.60037,1.60068,1.13,1.60
2012.09.07 20:56:36.729,1.60039,1.60073,1.50,1.13
2012.09.07 20:56:36.861,1.60039,1.60073,3.28,1.98
2012.09.07 20:56:38.299,1.60041,1.60072,1.50,1.60
2012.09.07 20:56:38.510,1.60041,1.60073,1.50,1.98
2012.09.07 20:56:39.160,1.60045,1.60073,1.50,1.23
2012.09.07 20:56:41.971,1.60041,1.60072,1.50,1.23
2012.09.07 20:56:42.910,1.60045,1.60076,1.50,1.50
2012.09.07 20:56:43.159,1.60046,1.60077,1.13,1.50
2012.09.07 20:56:44.824,1.60047,1.60079,1.13,1.50
2012.09.07 20:56:44.900,1.60047,1.60079,1.13,1.50
2012.09.07 20:56:44.970,1.60047,1.60079,1.13,1.50
2012.09.07 20:56:47.418,1.60047,1.60079,1.13,1.50
2012.09.07 20:56:47.489,1.60047,1.60078,1.13,1.50
2012.09.07 20:56:49.288,1.60048,1.60079,1.13,1.50
2012.09.07 20:56:49.612,1.60048,1.60079,1.13,1.50
2012.09.07 20:56:50.958,1.60048,1.60076,1.13,1.50
2012.09.07 20:56:51.471,1.60048,1.60076,1.13,1.50
2012.09.07 20:56:53.869,1.60048,1.6008,1.13,1.50
2012.09.07 20:56:55.929,1.60053,1.60082,2.16,1.50
2012.09.07 20:56:56.059,1.60053,1.60085,2.16,1.50
2012.09.07 20:56:56.250,1.60053,1.60085,2.16,2.25
2012.09.07 20:56:56.319,1.60053,1.60085,2.16,2.25
2012.09.07 20:56:56.571,1.60053,1.6008,2.16,1.50
2012.09.07 20:56:57.729,1.60053,1.60085,2.16,1.50
2012.09.07 20:56:59.660,1.60053,1.6008,2.16,1.50
2012.09.07 20:56:59.731,1.60053,1.6008,2.16,1.50
2012.09.07 20:57:00.421,1.60053,1.6008,2.16,2.25
2012.09.07 20:57:01.211,1.60053,1.6008,2.16,2.25
2012.09.07 20:57:03.959,1.60053,1.6008,2.16,1.50
2012.09.07 20:57:04.481,1.60053,1.6008,2.16,1.50
2012.09.07 20:57:05.019,1.60053,1.60081,2.16,1.50
2012.09.07 20:57:08.619,1.60053,1.60081,2.16,1.50
2012.09.07 20:57:09.138,1.60053,1.60081,2.16,1.50
2012.09.07 20:57:09.850,1.60053,1.60081,2.16,1.50
2012.09.07 20:57:11.979,1.60053,1.6008,2.16,1.50
2012.09.07 20:57:12.711,1.60053,1.6008,2.16,1.50
2012.09.07 20:57:17.271,1.60053,1.60083,2.53,1.50
2012.09.07 20:57:17.829,1.60053,1.60083,2.53,1.50
2012.09.07 20:57:19.030,1.60055,1.60084,1.42,1.50
2012.09.07 20:57:20.029,1.60053,1.60084,2.53,1.50
2012.09.07 20:57:24.091,1.60055,1.60087,1.42,1.60
2012.09.07 20:57:25.170,1.60054,1.60086,3.28,1.60
2012.09.07 20:57:29.109,1.60055,1.60087,1.42,1.60
2012.09.07 20:57:29.359,1.60055,1.60087,1.42,1.60
2012.09.07 20:57:29.494,1.60055,1.60087,1.42,2.35
2012.09.07 20:57:29.570,1.60053,1.60084,2.91,1.50
2012.09.07 20:57:30.781,1.60053,1.60066,2.91,0.75
2012.09.07 20:57:33.749,1.60053,1.60082,2.16,1.50
2012.09.07 20:57:33.939,1.60053,1.60082,2.16,1.50
2012.09.07 20:57:34.189,1.60053,1.60082,2.16,1.50
2012.09.07 20:57:34.319,1.60055,1.60082,1.42,1.50
2012.09.07 20:57:34.889,1.60055,1.60087,1.42,1.60
2012.09.07 20:57:34.959,1.60055,1.60087,1.42,1.60
2012.09.07 20:57:35.281,1.60054,1.60081,1.13,1.50
2012.09.07 20:57:35.589,1.60053,1.60067,1.78,1.13
2012.09.07 20:57:36.970,1.60053,1.60064,2.53,0.75
2012.09.07 20:57:37.042,1.60055,1.60086,1.13,2.35
2012.09.07 20:57:37.169,1.60055,1.60087,1.42,2.35
2012.09.07 20:57:37.489,1.60055,1.60087,1.42,2.35
2012.09.07 20:57:37.991,1.60055,1.60082,1.42,1.13
2012.09.07 20:57:38.179,1.60054,1.60082,1.13,1.13
2012.09.07 20:57:38.779,1.60053,1.60082,2.16,1.88
2012.09.07 20:57:39.580,1.60053,1.6008,2.16,1.13
2012.09.07 20:57:42.572,1.60053,1.6008,2.16,1.13
2012.09.07 20:57:44.171,1.60053,1.60073,2.16,1.13
2012.09.07 20:57:44.609,1.60053,1.60073,1.78,1.13
2012.09.07 20:57:45.749,1.60053,1.60073,2.16,1.13
2012.09.07 20:57:46.181,1.60053,1.60073,2.53,1.13
2012.09.07 20:57:46.798,1.60054,1.60073,1.13,1.13
2012.09.07 20:57:47.011,1.60053,1.60073,2.53,1.13
2012.09.07 20:57:47.079,1.60053,1.60073,2.53,1.13
2012.09.07 20:57:47.151,1.60053,1.60073,2.91,1.13
2012.09.07 20:57:47.221,1.60053,1.60082,2.91,1.88
2012.09.07 20:57:47.410,1.60053,1.60082,2.91,1.13
2012.09.07 20:57:47.542,1.60053,1.60082,2.91,1.13
2012.09.07 20:57:54.684,1.60053,1.60082,2.16,1.88
2012.09.07 20:57:55.333,1.60053,1.60082,2.16,3.38
2012.09.07 20:57:55.531,1.60054,1.60073,1.13,1.13
2012.09.07 20:57:57.463,1.60054,1.60073,1.13,1.13
2012.09.07 20:57:57.899,1.60054,1.60073,1.13,1.13
2012.09.07 20:57:57.970,1.60051,1.60073,1.13,1.13
2012.09.07 20:57:59.619,1.60053,1.60073,1.13,1.13
2012.09.07 20:58:00.174,1.60053,1.60068,1.13,1.13
2012.09.07 20:58:00.709,1.60054,1.60068,1.13,1.13
2012.09.07 20:58:01.050,1.60051,1.60068,1.13,1.13
2012.09.07 20:58:01.191,1.60048,1.60068,1.50,1.13
2012.09.07 20:58:01.440,1.60046,1.60068,1.13,1.13
2012.09.07 20:58:02.798,1.60046,1.60073,1.13,1.13
2012.09.07 20:58:03.050,1.60048,1.60073,1.13,1.13
2012.09.07 20:58:03.580,1.60048,1.60073,1.13,1.13
2012.09.07 20:58:04.280,1.60048,1.60073,1.13,1.13
2012.09.07 20:58:04.928,1.60048,1.60073,1.13,1.13
2012.09.07 20:58:06.210,1.60047,1.60073,1.13,1.13
2012.09.07 20:58:07.687,1.60048,1.60078,1.13,1.50
2012.09.07 20:58:09.168,1.60049,1.60081,1.13,2.25
2012.09.07 20:58:11.596,1.6005,1.60082,1.13,1.50
2012.09.07 20:58:11.667,1.6005,1.60082,1.13,1.50
2012.09.07 20:58:12.258,1.60051,1.60082,1.13,1.50
2012.09.07 20:58:12.387,1.60051,1.60082,1.13,1.50
2012.09.07 20:58:13.157,1.60051,1.60082,1.50,1.50
2012.09.07 20:58:13.777,1.60051,1.60082,1.50,1.50
2012.09.07 20:58:13.908,1.60051,1.60082,1.50,1.50
2012.09.07 20:58:19.348,1.6005,1.60082,1.13,1.50
2012.09.07 20:58:20.440,1.60053,1.60083,1.13,1.50
2012.09.07 20:58:28.429,1.60055,1.60083,1.13,1.50
2012.09.07 20:58:30.748,1.60053,1.60082,1.88,1.50
2012.09.07 20:58:31.057,1.60051,1.60082,1.50,2.25
2012.09.07 20:58:31.448,1.60049,1.60081,1.88,2.25
2012.09.07 20:58:31.519,1.60049,1.60081,1.88,3.00
2012.09.07 20:58:31.768,1.6005,1.60082,1.50,2.25
2012.09.07 20:58:35.539,1.6005,1.60082,1.50,3.00
2012.09.07 20:58:35.847,1.60051,1.60081,1.50,1.50
2012.09.07 20:58:38.049,1.6005,1.60081,1.50,1.50
2012.09.07 20:58:38.179,1.60048,1.6008,1.13,1.50
2012.09.07 20:58:38.370,1.60048,1.6008,1.13,1.50
2012.09.07 20:58:39.081,1.60049,1.6008,1.88,2.25
2012.09.07 20:58:39.588,1.60049,1.60081,1.50,2.25
2012.09.07 20:58:39.898,1.60048,1.6008,1.13,1.50
2012.09.07 20:58:40.421,1.60048,1.6008,1.13,1.50
2012.09.07 20:58:41.767,1.60049,1.6008,1.88,1.50
2012.09.07 20:58:44.777,1.60049,1.6008,1.88,1.50
2012.09.07 20:58:46.308,1.60049,1.60081,1.50,1.50
2012.09.07 20:58:46.912,1.6005,1.60081,1.50,1.50
2012.09.07 20:58:47.741,1.60057,1.60081,1.50,1.50
2012.09.07 20:58:47.869,1.60057,1.60082,1.50,4.13
2012.09.07 20:58:48.378,1.60057,1.60082,1.50,4.13
2012.09.07 20:58:52.307,1.60055,1.60076,1.50,1.13
2012.09.07 20:58:52.949,1.60054,1.60076,1.50,1.13
2012.09.07 20:58:59.247,1.60055,1.60077,1.50,1.88
2012.09.07 20:58:59.871,1.60055,1.60077,1.50,1.88
2012.09.07 20:59:00.159,1.6006,1.60077,0.75,0.75
2012.09.07 20:59:00.228,1.6006,1.6008,0.75,0.75
2012.09.07 20:59:00.789,1.6006,1.60087,0.75,0.75
2012.09.07 20:59:01.047,1.60062,1.60093,0.75,0.75
2012.09.07 20:59:01.476,1.60061,1.60091,0.75,0.75
2012.09.07 20:59:03.895,1.60061,1.60092,0.75,0.75
2012.09.07 20:59:04.401,1.60061,1.60093,0.75,0.75
2012.09.07 20:59:04.702,1.6006,1.6009,0.75,0.75
2012.09.07 20:59:07.464,1.60059,1.60088,0.75,0.75
2012.09.07 20:59:10.861,1.60057,1.60086,0.38,0.75
2012.09.07 20:59:10.926,1.60057,1.60088,0.38,0.75
2012.09.07 20:59:11.715,1.60056,1.60087,0.38,0.75
2012.09.07 20:59:14.947,1.60055,1.60086,0.38,0.75
2012.09.07 20:59:19.617,1.60053,1.60084,0.38,0.75
2012.09.07 20:59:20.694,1.60049,1.60083,0.75,1.50
2012.09.07 20:59:20.755,1.60048,1.60081,0.38,0.75
2012.09.07 20:59:21.000,1.60043,1.6008,0.75,0.75
2012.09.07 20:59:21.066,1.6004,1.60076,0.75,0.75
2012.09.07 20:59:21.375,1.6004,1.60074,0.75,0.75
2012.09.07 20:59:21.495,1.60038,1.60074,1.13,0.75
2012.09.07 20:59:21.945,1.60038,1.60078,1.13,0.75
2012.09.07 20:59:22.945,1.60038,1.60069,1.13,0.75
2012.09.07 20:59:23.065,1.60036,1.60069,0.38,0.75
2012.09.07 20:59:23.584,1.60041,1.60072,0.75,0.75
2012.09.07 20:59:24.135,1.60041,1.60073,0.75,0.75
2012.09.07 20:59:24.646,1.6004,1.60072,0.75,0.75
2012.09.07 20:59:25.125,1.60038,1.60071,0.38,1.50
2012.09.07 20:59:25.245,1.60037,1.60066,0.38,0.75
2012.09.07 20:59:30.992,1.60038,1.6007,0.38,0.75
2012.09.07 20:59:33.645,1.60045,1.60081,0.75,0.75
2012.09.07 20:59:33.835,1.60042,1.60078,0.75,0.75
2012.09.07 20:59:34.194,1.6004,1.60076,0.75,0.75
2012.09.07 20:59:34.495,1.60043,1.60079,0.75,0.75
2012.09.07 20:59:34.856,1.6004,1.60076,1.13,0.75
2012.09.07 20:59:35.266,1.60042,1.60078,0.75,0.75
2012.09.07 20:59:37.072,1.60042,1.60075,0.75,0.38
2012.09.07 20:59:37.592,1.60033,1.60064,0.75,0.75
2012.09.07 20:59:37.657,1.60028,1.60064,1.13,0.75
2012.09.07 20:59:38.375,1.60028,1.60063,0.38,0.75
2012.09.07 20:59:39.976,1.6003,1.60076,0.75,0.75
2012.09.07 20:59:40.225,1.60031,1.60086,0.75,0.75
2012.09.07 20:59:40.516,1.60036,1.60086,0.75,0.75
2012.09.07 20:59:40.865,1.60043,1.60086,0.38,0.75
2012.09.07 20:59:45.585,1.60031,1.60086,0.75,0.75
2012.09.07 20:59:46.239,1.60026,1.60081,0.75,0.75
2012.09.07 20:59:47.324,1.6003,1.60084,0.75,0.75
2012.09.07 20:59:48.258,1.60028,1.60082,0.75,0.75
2012.09.07 20:59:49.964,1.60026,1.60078,0.75,0.75
2012.09.07 20:59:51.814,1.60028,1.60082,0.75,0.75
2012.09.07 20:59:53.965,1.60026,1.60081,0.75,0.75
2012.09.07 20:59:54.034,1.60032,1.60078,0.75,0.75
2012.09.07 20:59:54.355,1.60075,1.60111,0.38,0.85
2012.09.07 20:59:54.595,1.60077,1.60119,0.38,0.75
2012.09.07 20:59:54.715,1.60087,1.60119,0.38,0.75
2012.09.07 20:59:57.345,1.60096,1.60118,0.38,0.75
2012.09.07 20:59:57.994,1.60096,1.60119,0.38,0.75
2012.09.07 20:59:58.535,1.60097,1.60119,0.38,0.75
2012.09.07 20:59:59.545,1.60097,1.6012,0.38,0.75
