2018.01.29 03:00:00.244,1.41229,1.4124,1.50,1.01
2018.01.29 03:00:00.349,1.41229,1.4124,1.12,1.57
2018.01.29 03:00:00.765,1.41229,1.4124,1.12,1.25
2018.01.29 03:00:01.110,1.41229,1.4124,3.18,1.63
2018.01.29 03:00:01.626,1.41229,1.4124,1.31,1.44
2018.01.29 03:00:02.220,1.41229,1.4124,1.31,1.62
2018.01.29 03:00:02.755,1.41229,1.4124,1.50,1.31
2018.01.29 03:00:03.063,1.41231,1.41242,1.00,2.06
2018.01.29 03:00:03.365,1.41231,1.41241,1.12,1.37
2018.01.29 03:00:03.869,1.41231,1.4124,1.00,1.37
2018.01.29 03:00:03.921,1.41229,1.4124,1.50,1.44
2018.01.29 03:00:04.584,1.41229,1.4124,2.62,1.87
2018.01.29 03:00:04.801,1.41229,1.4124,1.50,1.00
2018.01.29 03:00:05.004,1.41229,1.4124,2.81,1.19
2018.01.29 03:00:05.509,1.41229,1.4124,1.68,1.20
2018.01.29 03:00:06.229,1.41229,1.4124,2.25,3.45
2018.01.29 03:00:06.577,1.41224,1.41233,6.08,1.69
2018.01.29 03:00:06.842,1.41226,1.41235,1.00,1.01
2018.01.29 03:00:07.150,1.41226,1.41237,1.00,2.70
2018.01.29 03:00:07.201,1.41226,1.41237,1.00,2.70
2018.01.29 03:00:07.406,1.41226,1.41237,1.00,2.70
2018.01.29 03:00:07.552,1.41226,1.41237,1.00,3.07
2018.01.29 03:00:07.809,1.41226,1.41236,1.00,1.50
2018.01.29 03:00:08.493,1.41226,1.41237,1.00,2.89
2018.01.29 03:00:08.830,1.41228,1.41238,1.00,2.51
2018.01.29 03:00:09.965,1.41228,1.41238,1.00,1.66
2018.01.29 03:00:10.172,1.41228,1.41239,1.00,2.14
2018.01.29 03:00:10.567,1.41228,1.41238,1.00,1.56
2018.01.29 03:00:11.074,1.41228,1.41239,1.00,2.14
2018.01.29 03:00:11.579,1.4123,1.41239,1.12,1.20
2018.01.29 03:00:14.903,1.4123,1.41241,1.00,1.50
2018.01.29 03:00:15.435,1.41231,1.41242,1.62,1.57
2018.01.29 03:00:16.084,1.41231,1.41242,1.12,1.37
2018.01.29 03:00:16.390,1.41234,1.41243,1.00,1.47
2018.01.29 03:00:16.930,1.41234,1.41243,1.00,2.14
2018.01.29 03:00:16.982,1.41232,1.41243,1.00,1.47
2018.01.29 03:00:17.850,1.41232,1.41243,1.00,2.14
2018.01.29 03:00:18.315,1.41232,1.41241,1.00,2.06
2018.01.29 03:00:18.368,1.41229,1.41237,1.10,1.19
2018.01.29 03:00:18.529,1.41226,1.41237,1.10,2.44
2018.01.29 03:00:18.582,1.41226,1.41236,1.00,1.12
2018.01.29 03:00:20.059,1.41224,1.41235,1.87,1.69
2018.01.29 03:00:20.771,1.41222,1.41232,1.57,1.31
2018.01.29 03:00:20.823,1.4122,1.41231,3.56,1.25
2018.01.29 03:00:20.876,1.4122,1.41231,2.62,1.62
2018.01.29 03:00:21.292,1.41221,1.41231,1.50,1.00
2018.01.29 03:00:21.602,1.41221,1.41231,1.62,1.37
2018.01.29 03:00:21.706,1.41222,1.41232,2.06,1.25
2018.01.29 03:00:21.862,1.4122,1.41231,6.07,1.25
2018.01.29 03:00:22.328,1.4122,1.41231,1.50,1.25
2018.01.29 03:00:22.589,1.41221,1.41232,1.00,2.51
2018.01.29 03:00:23.096,1.41221,1.41232,1.25,1.69
2018.01.29 03:00:23.251,1.41221,1.41232,1.25,2.81
2018.01.29 03:00:23.304,1.41221,1.41232,1.25,1.69
2018.01.29 03:00:23.357,1.41221,1.41232,1.25,2.06
2018.01.29 03:00:23.412,1.41221,1.41232,1.25,1.50
2018.01.29 03:00:23.609,1.41221,1.41232,1.69,1.87
2018.01.29 03:00:24.124,1.41221,1.41232,1.13,1.87
2018.01.29 03:00:24.932,1.41221,1.41232,1.50,1.87
2018.01.29 03:00:25.452,1.41221,1.41232,1.25,1.87
2018.01.29 03:00:26.047,1.41221,1.41232,1.50,1.87
2018.01.29 03:00:26.675,1.41221,1.41232,1.31,1.87
2018.01.29 03:00:27.198,1.41221,1.41232,1.50,1.87
2018.01.29 03:00:27.732,1.41221,1.41232,1.25,1.87
2018.01.29 03:00:28.041,1.41224,1.41233,1.00,2.81
2018.01.29 03:00:28.144,1.41224,1.41235,1.69,1.69
2018.01.29 03:00:28.650,1.41224,1.41235,1.88,1.87
2018.01.29 03:00:29.126,1.41226,1.41235,1.00,1.00
2018.01.29 03:00:29.642,1.41226,1.41236,1.00,1.87
2018.01.29 03:00:30.153,1.41226,1.41236,1.00,1.19
2018.01.29 03:00:30.468,1.41228,1.41237,1.37,1.69
2018.01.29 03:00:32.031,1.41229,1.41238,1.50,2.62
2018.01.29 03:00:32.393,1.41226,1.41237,1.57,2.62
2018.01.29 03:00:32.525,1.41226,1.41236,1.00,2.25
2018.01.29 03:00:33.098,1.41226,1.41236,1.00,2.62
2018.01.29 03:00:33.635,1.41221,1.41231,1.00,1.44
2018.01.29 03:00:33.997,1.4122,1.41231,3.37,3.07
2018.01.29 03:00:34.514,1.4122,1.41231,2.25,2.32
2018.01.29 03:00:34.854,1.4122,1.41231,3.37,3.00
2018.01.29 03:00:35.395,1.4122,1.41231,1.87,1.87
2018.01.29 03:00:36.016,1.4122,1.41231,2.44,3.19
2018.01.29 03:00:36.617,1.4122,1.41231,1.87,1.87
2018.01.29 03:00:37.184,1.4122,1.41231,1.87,2.06
2018.01.29 03:00:37.703,1.4122,1.41231,1.87,2.06
2018.01.29 03:00:38.557,1.4122,1.4123,2.25,1.69
2018.01.29 03:00:39.200,1.4122,1.4123,1.87,1.50
2018.01.29 03:00:39.720,1.4122,1.4123,2.06,1.37
2018.01.29 03:00:40.242,1.4122,1.4123,1.87,1.37
2018.01.29 03:00:40.944,1.4122,1.4123,2.06,1.37
2018.01.29 03:00:41.467,1.4122,1.4123,1.50,1.37
2018.01.29 03:00:41.802,1.4122,1.4123,2.06,1.37
2018.01.29 03:00:42.393,1.4122,1.4123,1.50,1.19
2018.01.29 03:00:42.672,1.4122,1.4123,2.06,1.19
2018.01.29 03:00:43.248,1.4122,1.4123,1.50,1.37
2018.01.29 03:00:43.758,1.4122,1.41231,1.69,2.25
2018.01.29 03:00:44.275,1.4122,1.41231,1.50,1.50
2018.01.29 03:00:44.828,1.4122,1.41231,1.50,2.25
2018.01.29 03:00:45.360,1.4122,1.41231,1.50,1.50
2018.01.29 03:00:45.868,1.4122,1.41231,1.50,1.50
2018.01.29 03:00:46.179,1.4122,1.41231,1.37,2.25
2018.01.29 03:00:46.708,1.4122,1.41231,1.00,2.25
2018.01.29 03:00:48.054,1.4122,1.41231,1.31,3.07
2018.01.29 03:00:48.648,1.4122,1.41231,1.00,2.51
2018.01.29 03:00:49.196,1.4122,1.4123,1.12,1.39
2018.01.29 03:00:49.898,1.4122,1.4123,1.00,1.44
2018.01.29 03:00:50.705,1.4122,1.4123,1.31,1.63
2018.01.29 03:00:51.229,1.4122,1.4123,1.00,1.44
2018.01.29 03:00:51.764,1.4122,1.4123,1.31,1.37
2018.01.29 03:00:52.409,1.4122,1.4123,1.00,1.44
2018.01.29 03:00:52.921,1.4122,1.4123,1.31,1.37
2018.01.29 03:00:53.626,1.4122,1.4123,1.00,1.63
2018.01.29 03:00:54.121,1.41222,1.41231,1.87,1.10
2018.01.29 03:00:54.226,1.41223,1.41233,1.00,1.31
2018.01.29 03:00:54.282,1.41224,1.41233,1.19,2.44
2018.01.29 03:00:54.631,1.41223,1.41234,3.08,1.25
2018.01.29 03:00:55.044,1.41224,1.41233,1.10,2.25
2018.01.29 03:00:55.858,1.41223,1.41231,1.63,1.12
2018.01.29 03:00:55.961,1.41222,1.41231,1.13,1.25
2018.01.29 03:00:57.075,1.41222,1.41231,1.31,1.44
2018.01.29 03:00:57.433,1.4122,1.4123,2.25,1.00
2018.01.29 03:00:57.691,1.4122,1.4123,1.50,1.19
2018.01.29 03:00:58.339,1.4122,1.4123,2.06,1.37
2018.01.29 03:00:58.874,1.4122,1.4123,1.87,1.37
2018.01.29 03:00:59.502,1.4122,1.4123,2.44,1.37
2018.01.29 03:00:59.608,1.41219,1.41228,1.20,1.25
2018.01.29 03:00:59.662,1.41217,1.41228,1.00,1.69
2018.01.29 03:00:59.714,1.41217,1.41228,1.00,2.25
2018.01.29 03:00:59.849,1.41217,1.41228,1.01,1.50
2018.01.29 03:01:00.058,1.41219,1.41228,1.00,1.00
2018.01.29 03:01:02.386,1.41219,1.41228,1.25,1.44
2018.01.29 03:01:02.726,1.41221,1.41231,1.44,1.95
2018.01.29 03:01:02.886,1.41223,1.41234,2.44,1.31
2018.01.29 03:01:02.938,1.41222,1.41232,1.87,1.69
2018.01.29 03:01:03.354,1.41223,1.41234,2.06,1.10
2018.01.29 03:01:03.460,1.41224,1.41234,1.39,1.25
2018.01.29 03:01:03.596,1.41224,1.41234,1.01,1.00
2018.01.29 03:01:03.699,1.41224,1.41234,1.66,1.25
2018.01.29 03:01:03.858,1.41223,1.41232,1.00,1.25
2018.01.29 03:01:03.910,1.41222,1.41231,1.87,1.44
2018.01.29 03:01:04.119,1.41222,1.41232,1.50,1.50
2018.01.29 03:01:04.223,1.41221,1.4123,1.58,1.25
2018.01.29 03:01:04.845,1.41221,1.4123,1.50,1.12
2018.01.29 03:01:05.372,1.41221,1.41232,3.19,1.50
2018.01.29 03:01:05.424,1.41221,1.41232,1.88,1.44
2018.01.29 03:01:05.478,1.41223,1.41233,1.50,1.50
2018.01.29 03:01:05.634,1.41224,1.41234,1.58,1.00
2018.01.29 03:01:06.158,1.41224,1.41234,2.25,1.44
2018.01.29 03:01:06.262,1.41223,1.41233,2.32,2.25
2018.01.29 03:01:06.366,1.41221,1.41231,3.38,1.37
2018.01.29 03:01:06.468,1.41221,1.41232,1.87,2.44
2018.01.29 03:01:06.520,1.41221,1.41232,1.87,2.44
2018.01.29 03:01:07.121,1.41221,1.41231,1.88,1.37
2018.01.29 03:01:07.657,1.41221,1.4123,1.69,1.44
2018.01.29 03:01:08.201,1.4122,1.4123,2.06,1.25
2018.01.29 03:01:08.701,1.4122,1.4123,1.31,1.37
2018.01.29 03:01:09.441,1.4122,1.4123,1.12,1.44
2018.01.29 03:01:14.362,1.4122,1.4123,1.31,1.63
2018.01.29 03:01:14.869,1.4122,1.4123,1.31,1.63
2018.01.29 03:01:15.765,1.4122,1.4123,1.12,1.31
2018.01.29 03:01:16.702,1.41219,1.41231,3.08,2.89
2018.01.29 03:01:17.406,1.41219,1.41231,3.08,2.14
2018.01.29 03:01:17.943,1.41219,1.41231,2.33,2.70
2018.01.29 03:01:18.465,1.41219,1.41231,2.51,1.95
2018.01.29 03:01:19.015,1.4122,1.4123,1.50,1.63
2018.01.29 03:01:19.317,1.41216,1.41226,1.20,1.63
2018.01.29 03:01:19.370,1.41217,1.41227,3.08,1.69
2018.01.29 03:01:19.423,1.41219,1.41228,1.00,1.88
2018.01.29 03:01:19.475,1.41219,1.41228,1.00,1.13
2018.01.29 03:01:19.631,1.41219,1.41228,1.00,1.63
2018.01.29 03:01:20.357,1.41219,1.41228,1.00,1.44
2018.01.29 03:01:20.901,1.41219,1.41228,1.00,1.37
2018.01.29 03:01:21.449,1.41219,1.41228,1.00,1.44
2018.01.29 03:01:23.270,1.41219,1.41228,1.88,1.44
2018.01.29 03:01:23.645,1.41219,1.41229,1.88,1.12
2018.01.29 03:01:23.854,1.4122,1.4123,1.88,1.87
2018.01.29 03:01:24.504,1.41221,1.4123,1.88,1.00
2018.01.29 03:01:25.182,1.41221,1.4123,1.50,1.00
2018.01.29 03:01:25.235,1.41222,1.41233,1.88,1.12
2018.01.29 03:01:25.755,1.41224,1.41235,1.88,1.87
2018.01.29 03:01:26.272,1.41224,1.41235,1.39,1.44
2018.01.29 03:01:27.016,1.41225,1.41235,1.00,1.87
2018.01.29 03:01:28.008,1.41225,1.41235,1.50,2.62
2018.01.29 03:01:28.435,1.41224,1.41235,2.62,1.69
2018.01.29 03:01:28.978,1.41225,1.41235,1.63,2.62
2018.01.29 03:01:29.619,1.41225,1.41235,1.00,1.69
2018.01.29 03:01:30.539,1.41224,1.41235,3.26,2.62
2018.01.29 03:01:32.204,1.41224,1.41235,1.37,3.37
2018.01.29 03:01:32.739,1.41224,1.41234,2.62,2.25
2018.01.29 03:01:32.893,1.41224,1.41234,1.50,2.06
2018.01.29 03:01:32.945,1.41224,1.41233,2.44,1.75
2018.01.29 03:01:33.151,1.41225,1.41234,1.31,1.44
2018.01.29 03:01:33.679,1.41225,1.41234,1.69,1.25
2018.01.29 03:01:36.596,1.41225,1.41234,1.88,1.44
2018.01.29 03:01:37.172,1.41225,1.41235,1.50,1.25
2018.01.29 03:01:37.683,1.41226,1.41236,1.50,1.63
2018.01.29 03:01:38.174,1.41227,1.41238,1.00,1.87
2018.01.29 03:01:38.279,1.41227,1.41238,2.89,1.50
2018.01.29 03:01:38.902,1.41229,1.41238,1.19,1.09
2018.01.29 03:01:39.672,1.41227,1.41238,3.00,1.00
2018.01.29 03:01:40.315,1.41228,1.41238,1.75,1.84
2018.01.29 03:01:40.865,1.41229,1.41238,1.00,1.84
2018.01.29 03:01:43.145,1.41227,1.41239,3.83,3.34
2018.01.29 03:01:43.759,1.41228,1.41238,1.81,1.84
2018.01.29 03:01:44.275,1.41227,1.41239,4.58,3.34
2018.01.29 03:01:46.411,1.41228,1.41238,1.88,1.44
2018.01.29 03:01:47.565,1.41228,1.41238,1.88,1.34
2018.01.29 03:01:48.550,1.41227,1.41239,5.70,3.37
2018.01.29 03:01:49.704,1.41227,1.41239,2.89,3.18
2018.01.29 03:01:49.814,1.41227,1.41236,1.47,1.37
2018.01.29 03:01:49.923,1.41221,1.41231,1.69,1.87
2018.01.29 03:01:50.181,1.41221,1.4123,1.25,1.62
2018.01.29 03:01:50.285,1.41221,1.4123,1.00,1.12
2018.01.29 03:01:50.790,1.41221,1.4123,1.00,1.43
2018.01.29 03:01:52.301,1.41219,1.4123,2.25,1.43
2018.01.29 03:01:52.837,1.41219,1.4123,2.25,1.37
2018.01.29 03:01:53.452,1.41219,1.4123,2.81,1.87
2018.01.29 03:01:53.503,1.41219,1.4123,2.25,1.37
2018.01.29 03:01:54.177,1.41219,1.4123,3.00,1.87
2018.01.29 03:01:54.720,1.41219,1.4123,2.25,1.37
2018.01.29 03:01:55.250,1.41219,1.41229,1.50,1.37
2018.01.29 03:01:56.542,1.41219,1.41229,1.00,2.43
2018.01.29 03:01:56.903,1.41219,1.41229,1.00,2.44
2018.01.29 03:01:57.883,1.41219,1.41229,1.13,2.81
2018.01.29 03:01:58.038,1.41218,1.41227,1.25,2.25
2018.01.29 03:01:58.400,1.41218,1.41227,1.00,1.69
2018.01.29 03:01:58.956,1.41218,1.41227,1.00,1.69
2018.01.29 03:01:59.115,1.41216,1.41227,2.62,1.69
2018.01.29 03:01:59.168,1.41216,1.41226,1.69,2.63
2018.01.29 03:01:59.334,1.41216,1.41226,1.12,2.06
2018.01.29 03:01:59.647,1.41217,1.41226,3.19,1.88
2018.01.29 03:02:00.232,1.41217,1.41226,1.50,1.38
2018.01.29 03:02:03.486,1.41217,1.41225,3.19,1.00
2018.01.29 03:02:04.135,1.41217,1.41225,1.50,1.00
2018.01.29 03:02:04.682,1.41217,1.41226,3.19,1.88
2018.01.29 03:02:05.456,1.41217,1.41225,1.50,1.00
2018.01.29 03:02:06.220,1.41218,1.41227,1.31,1.75
2018.01.29 03:02:06.849,1.41218,1.41226,2.81,1.69
2018.01.29 03:02:07.209,1.41218,1.41228,1.50,1.44
2018.01.29 03:02:07.747,1.41218,1.41228,2.44,1.50
2018.01.29 03:02:08.418,1.41218,1.41228,1.88,1.31
2018.01.29 03:02:08.907,1.41218,1.41228,2.06,1.56
2018.01.29 03:02:09.691,1.41218,1.41228,1.87,1.63
2018.01.29 03:02:11.908,1.41219,1.41228,3.19,1.25
2018.01.29 03:02:12.064,1.4122,1.41231,1.13,3.19
2018.01.29 03:02:12.720,1.41219,1.41231,2.89,2.44
2018.01.29 03:02:13.249,1.41221,1.41231,1.00,2.44
2018.01.29 03:02:13.764,1.4122,1.41231,1.25,2.44
2018.01.29 03:02:15.099,1.4122,1.41231,1.69,2.44
2018.01.29 03:02:16.448,1.4122,1.41231,1.76,3.19
2018.01.29 03:02:17.334,1.41219,1.41231,2.25,3.19
2018.01.29 03:02:17.706,1.41219,1.4123,2.63,1.31
2018.01.29 03:02:18.299,1.41219,1.4123,2.25,1.63
2018.01.29 03:02:20.777,1.4122,1.4123,1.00,2.06
2018.01.29 03:02:21.336,1.41219,1.4123,1.88,1.31
2018.01.29 03:02:22.380,1.41219,1.4123,2.62,1.87
2018.01.29 03:02:22.998,1.41219,1.4123,2.81,1.87
2018.01.29 03:02:23.745,1.41219,1.4123,2.25,1.31
2018.01.29 03:02:25.350,1.41219,1.4123,2.33,2.06
2018.01.29 03:02:25.868,1.41219,1.4123,1.95,1.31
2018.01.29 03:02:28.470,1.41219,1.4123,2.32,1.87
2018.01.29 03:02:28.998,1.41219,1.4123,1.69,1.44
2018.01.29 03:02:29.515,1.41219,1.4123,3.00,1.44
2018.01.29 03:02:29.726,1.41222,1.41233,3.19,1.57
2018.01.29 03:02:29.779,1.41223,1.41234,2.89,1.19
2018.01.29 03:02:30.421,1.41224,1.41234,1.00,1.63
2018.01.29 03:02:30.837,1.41225,1.41234,1.31,1.25
2018.01.29 03:02:31.149,1.41227,1.41236,1.37,1.69
2018.01.29 03:02:31.290,1.41228,1.41238,1.50,2.25
2018.01.29 03:02:31.726,1.41228,1.41239,2.32,2.81
2018.01.29 03:02:32.228,1.41228,1.41239,1.20,2.62
2018.01.29 03:02:32.790,1.41228,1.41238,1.95,1.37
2018.01.29 03:02:33.365,1.41228,1.41239,1.20,2.62
2018.01.29 03:02:33.915,1.41228,1.41238,2.33,1.37
2018.01.29 03:02:34.526,1.41228,1.41239,1.39,2.62
2018.01.29 03:02:35.061,1.41228,1.41238,2.33,1.37
2018.01.29 03:02:35.612,1.41228,1.41239,1.39,2.62
2018.01.29 03:02:36.294,1.41228,1.41238,2.33,1.37
2018.01.29 03:02:36.854,1.41228,1.41239,1.39,2.81
2018.01.29 03:02:37.368,1.41228,1.41239,1.20,2.62
2018.01.29 03:02:37.676,1.41228,1.41238,2.51,1.37
2018.01.29 03:02:38.221,1.41228,1.41239,1.20,2.62
2018.01.29 03:02:39.185,1.41228,1.41238,3.83,1.37
2018.01.29 03:02:39.375,1.41228,1.41239,2.51,1.87
2018.01.29 03:02:40.462,1.41228,1.41239,3.82,2.62
2018.01.29 03:02:40.966,1.41228,1.41239,2.32,1.87
2018.01.29 03:02:41.605,1.41228,1.41239,4.76,2.81
2018.01.29 03:02:42.113,1.41228,1.41239,1.12,2.62
2018.01.29 03:02:42.400,1.41228,1.41235,1.50,1.25
2018.01.29 03:02:42.456,1.41225,1.41235,2.14,1.37
2018.01.29 03:02:42.507,1.41226,1.41237,1.12,1.95
2018.01.29 03:02:42.712,1.41227,1.41237,1.69,1.19
2018.01.29 03:02:43.222,1.41227,1.41237,2.06,1.13
2018.01.29 03:02:43.600,1.41229,1.41238,1.44,1.00
2018.01.29 03:02:44.103,1.41229,1.41238,1.25,1.00
2018.01.29 03:02:44.621,1.41229,1.41238,1.44,1.00
2018.01.29 03:02:45.131,1.41229,1.41238,1.00,1.00
2018.01.29 03:02:45.478,1.41229,1.41238,1.50,1.25
2018.01.29 03:02:45.582,1.41229,1.41238,1.00,1.00
2018.01.29 03:02:46.043,1.41229,1.41238,1.69,1.44
2018.01.29 03:02:46.441,1.41229,1.41238,1.31,1.00
2018.01.29 03:02:47.089,1.41229,1.41238,1.63,1.00
2018.01.29 03:02:47.626,1.41229,1.41238,1.31,1.25
2018.01.29 03:02:48.128,1.4123,1.41239,1.00,1.44
2018.01.29 03:02:49.618,1.4123,1.41239,1.00,1.87
2018.01.29 03:02:50.441,1.4123,1.41239,1.00,1.44
2018.01.29 03:02:50.943,1.41229,1.41239,1.31,1.87
2018.01.29 03:02:51.554,1.41229,1.41239,1.00,1.44
2018.01.29 03:02:52.265,1.41229,1.41239,1.31,1.63
2018.01.29 03:02:52.779,1.41229,1.41239,1.00,1.44
2018.01.29 03:02:53.317,1.41229,1.41239,1.12,1.87
2018.01.29 03:02:53.867,1.41229,1.41239,1.00,1.44
2018.01.29 03:02:54.387,1.41229,1.41239,1.88,1.63
2018.01.29 03:02:54.919,1.41229,1.41239,1.12,1.31
2018.01.29 03:02:55.528,1.41229,1.41239,1.31,1.37
2018.01.29 03:02:55.854,1.41229,1.4124,1.50,1.44
2018.01.29 03:02:56.430,1.41229,1.4124,1.50,1.44
2018.01.29 03:02:56.698,1.41229,1.4124,2.06,1.87
2018.01.29 03:02:57.400,1.41231,1.41241,1.00,3.00
2018.01.29 03:02:58.247,1.41231,1.4124,1.25,1.56
2018.01.29 03:02:58.428,1.4123,1.4124,1.10,1.12
2018.01.29 03:02:58.532,1.41236,1.41244,1.00,1.20
2018.01.29 03:02:58.895,1.41237,1.41246,1.00,1.31
2018.01.29 03:02:59.416,1.41237,1.41246,1.25,1.63
2018.01.29 03:02:59.468,1.41238,1.41247,1.00,2.25
2018.01.29 03:02:59.978,1.41238,1.41247,1.69,1.31
2018.01.29 03:03:00.427,1.41238,1.41249,1.50,2.14
2018.01.29 03:03:00.963,1.41238,1.41248,1.87,1.63
2018.01.29 03:03:01.171,1.4124,1.4125,1.12,2.81
2018.01.29 03:03:01.558,1.41241,1.4125,1.87,1.19
2018.01.29 03:03:02.136,1.41241,1.41251,1.69,2.81
2018.01.29 03:03:02.806,1.41241,1.4125,1.00,1.00
2018.01.29 03:03:03.377,1.41241,1.41251,1.00,2.25
2018.01.29 03:03:03.711,1.41242,1.41252,1.69,2.19
2018.01.29 03:03:03.919,1.41244,1.41255,5.06,2.06
2018.01.29 03:03:04.070,1.41241,1.41251,2.06,1.63
2018.01.29 03:03:04.177,1.41244,1.41251,1.00,2.25
2018.01.29 03:03:04.230,1.41244,1.41251,1.00,1.31
2018.01.29 03:03:05.216,1.41244,1.41252,1.00,2.25
2018.01.29 03:03:05.319,1.41242,1.41252,2.62,1.88
2018.01.29 03:03:05.828,1.41243,1.41253,1.00,1.94
2018.01.29 03:03:06.342,1.41242,1.41252,1.12,1.13
2018.01.29 03:03:07.877,1.41245,1.41253,2.06,2.51
2018.01.29 03:03:08.333,1.41245,1.41253,1.87,1.00
2018.01.29 03:03:08.436,1.41245,1.41255,1.50,1.31
2018.01.29 03:03:08.539,1.41245,1.41254,5.25,1.31
2018.01.29 03:03:09.065,1.41245,1.41255,1.69,1.69
2018.01.29 03:03:09.376,1.41245,1.41251,3.75,1.00
2018.01.29 03:03:09.529,1.41245,1.41254,1.00,2.25
2018.01.29 03:03:09.581,1.41245,1.41252,2.25,1.44
2018.01.29 03:03:09.684,1.41242,1.41251,1.00,2.06
2018.01.29 03:03:09.890,1.4124,1.4125,1.31,2.06
2018.01.29 03:03:10.400,1.4124,1.4125,2.29,1.12
2018.01.29 03:03:11.032,1.4124,1.4125,2.48,1.50
2018.01.29 03:03:11.757,1.4124,1.4125,1.50,1.31
2018.01.29 03:03:12.363,1.41241,1.4125,1.44,2.62
2018.01.29 03:03:12.869,1.41241,1.4125,1.00,1.12
2018.01.29 03:03:13.385,1.41241,1.4125,1.19,1.12
2018.01.29 03:03:13.931,1.41241,1.4125,1.25,1.25
2018.01.29 03:03:14.457,1.41241,1.4125,1.19,1.12
2018.01.29 03:03:15.698,1.41241,1.4125,1.12,2.06
2018.01.29 03:03:16.425,1.41241,1.4125,1.25,1.31
2018.01.29 03:03:16.969,1.41241,1.4125,1.12,2.06
2018.01.29 03:03:17.748,1.41241,1.4125,1.25,1.25
2018.01.29 03:03:18.208,1.41241,1.4125,1.12,1.88
2018.01.29 03:03:18.587,1.41241,1.4125,1.12,1.00
2018.01.29 03:03:19.102,1.41241,1.4125,1.25,1.44
2018.01.29 03:03:19.636,1.41241,1.4125,1.25,1.13
2018.01.29 03:03:20.525,1.41241,1.4125,1.12,1.63
2018.01.29 03:03:21.073,1.41241,1.4125,1.12,1.13
2018.01.29 03:03:22.178,1.41241,1.4125,1.31,1.44
2018.01.29 03:03:22.797,1.41241,1.4125,1.12,1.00
2018.01.29 03:03:23.360,1.41241,1.4125,1.31,1.44
2018.01.29 03:03:23.902,1.41241,1.4125,1.31,1.44
2018.01.29 03:03:24.612,1.41241,1.4125,1.12,1.31
2018.01.29 03:03:25.220,1.41241,1.4125,1.31,1.31
2018.01.29 03:03:25.758,1.41241,1.4125,1.00,1.88
2018.01.29 03:03:26.358,1.41241,1.4125,1.25,1.69
2018.01.29 03:03:26.885,1.41241,1.4125,1.25,2.44
2018.01.29 03:03:27.398,1.41241,1.4125,1.00,1.69
2018.01.29 03:03:27.828,1.41241,1.4125,1.12,2.44
2018.01.29 03:03:28.120,1.41241,1.4125,1.00,1.50
2018.01.29 03:03:28.639,1.41241,1.4125,1.44,1.25
2018.01.29 03:03:29.163,1.41241,1.4125,1.44,1.63
2018.01.29 03:03:29.670,1.41241,1.4125,1.25,1.25
2018.01.29 03:03:31.936,1.41241,1.4125,1.62,1.25
2018.01.29 03:03:32.518,1.41241,1.4125,1.25,1.00
2018.01.29 03:03:33.212,1.41241,1.41251,2.06,3.19
2018.01.29 03:03:33.872,1.41241,1.41251,1.31,1.69
2018.01.29 03:03:33.924,1.41241,1.41251,1.87,2.44
2018.01.29 03:03:34.546,1.41241,1.41251,1.31,1.69
2018.01.29 03:03:35.653,1.41241,1.41251,2.25,1.87
2018.01.29 03:03:36.178,1.41241,1.41252,2.81,7.20
2018.01.29 03:03:36.884,1.41241,1.41249,2.44,1.38
2018.01.29 03:03:36.937,1.41241,1.41249,1.50,1.69
2018.01.29 03:03:37.042,1.41241,1.41248,1.00,1.50
2018.01.29 03:03:37.094,1.41241,1.41248,1.00,1.25
2018.01.29 03:03:37.147,1.41241,1.41248,1.00,1.37
2018.01.29 03:03:37.464,1.41239,1.41249,1.69,2.51
2018.01.29 03:03:37.517,1.41236,1.41242,1.25,1.12
2018.01.29 03:03:37.570,1.41234,1.41242,1.00,2.06
2018.01.29 03:03:37.624,1.41234,1.41241,1.00,2.62
2018.01.29 03:03:38.808,1.41231,1.41239,1.25,1.25
2018.01.29 03:03:38.981,1.41231,1.41242,2.25,1.50
2018.01.29 03:03:39.343,1.41235,1.41243,1.00,1.69
2018.01.29 03:03:39.703,1.41237,1.41244,1.00,2.06
2018.01.29 03:03:39.819,1.41232,1.41241,1.00,1.25
2018.01.29 03:03:40.132,1.41232,1.41241,1.00,1.87
2018.01.29 03:03:40.236,1.41232,1.41241,1.00,1.00
2018.01.29 03:03:41.145,1.41232,1.41242,1.44,1.87
2018.01.29 03:03:41.915,1.41232,1.41242,1.12,1.87
2018.01.29 03:03:42.457,1.41232,1.41242,1.13,2.62
2018.01.29 03:03:42.670,1.41233,1.41242,1.00,1.31
2018.01.29 03:03:42.824,1.41237,1.41245,1.00,1.57
2018.01.29 03:03:43.359,1.41237,1.41245,1.00,1.00
2018.01.29 03:03:43.829,1.41237,1.41242,1.00,1.25
2018.01.29 03:03:43.881,1.41234,1.41242,1.00,3.75
2018.01.29 03:03:43.934,1.41232,1.41242,1.00,2.44
2018.01.29 03:03:44.533,1.41232,1.41241,1.44,1.31
2018.01.29 03:03:45.068,1.41232,1.41242,1.25,2.62
2018.01.29 03:03:45.624,1.41232,1.41241,1.25,1.50
2018.01.29 03:03:46.139,1.41232,1.41241,1.44,1.44
2018.01.29 03:03:46.713,1.41232,1.41241,1.25,1.25
2018.01.29 03:03:47.223,1.41231,1.41241,1.69,1.25
2018.01.29 03:03:47.858,1.41231,1.41241,1.25,1.50
2018.01.29 03:03:48.409,1.41231,1.41241,1.31,1.31
2018.01.29 03:03:48.884,1.41231,1.41241,1.63,1.69
2018.01.29 03:03:49.297,1.41231,1.41241,1.31,1.31
2018.01.29 03:03:49.664,1.41231,1.41241,1.44,1.76
2018.01.29 03:03:50.014,1.41235,1.41241,1.00,1.25
2018.01.29 03:03:50.066,1.41232,1.41241,1.25,1.25
2018.01.29 03:03:50.633,1.41232,1.41242,1.63,1.88
2018.01.29 03:03:50.685,1.41232,1.41242,1.13,1.12
2018.01.29 03:03:50.885,1.41232,1.41242,1.63,1.88
2018.01.29 03:03:50.987,1.41232,1.41242,1.13,1.25
2018.01.29 03:03:51.292,1.41232,1.41242,1.63,1.88
2018.01.29 03:03:51.802,1.41232,1.4124,1.50,1.31
2018.01.29 03:03:52.660,1.41232,1.4124,1.50,1.63
2018.01.29 03:03:53.217,1.41232,1.4124,1.50,1.25
2018.01.29 03:03:53.822,1.41232,1.4124,1.50,1.19
2018.01.29 03:03:54.966,1.41232,1.41239,1.00,1.44
2018.01.29 03:03:55.479,1.41232,1.41239,1.00,1.25
2018.01.29 03:03:56.071,1.41232,1.41239,1.00,1.44
2018.01.29 03:03:56.590,1.41232,1.41239,1.00,1.25
2018.01.29 03:03:57.586,1.41232,1.41239,1.00,1.44
2018.01.29 03:03:58.090,1.41232,1.41239,1.00,1.25
2018.01.29 03:03:58.603,1.41231,1.4124,1.00,1.25
2018.01.29 03:03:59.109,1.41231,1.4124,1.13,1.44
2018.01.29 03:03:59.624,1.41231,1.4124,1.25,1.25
2018.01.29 03:04:00.341,1.41231,1.4124,1.00,1.19
2018.01.29 03:04:00.393,1.41231,1.4124,1.00,1.00
2018.01.29 03:04:00.898,1.41231,1.4124,1.00,1.37
2018.01.29 03:04:01.402,1.41231,1.4124,1.00,1.44
2018.01.29 03:04:01.660,1.41229,1.41239,1.50,1.50
2018.01.29 03:04:01.920,1.41229,1.41239,1.00,2.06
2018.01.29 03:04:02.515,1.41229,1.41239,1.00,1.76
2018.01.29 03:04:02.824,1.41229,1.41239,1.00,2.51
2018.01.29 03:04:03.584,1.41229,1.41239,1.25,2.14
2018.01.29 03:04:04.115,1.41229,1.41239,1.25,1.95
2018.01.29 03:04:04.658,1.41228,1.41236,1.00,1.25
2018.01.29 03:04:05.493,1.41228,1.41238,1.44,2.32
2018.01.29 03:04:05.697,1.41228,1.41238,1.25,2.25
2018.01.29 03:04:05.844,1.41228,1.41238,1.19,2.44
2018.01.29 03:04:06.101,1.41228,1.41238,1.00,2.06
2018.01.29 03:04:07.007,1.41228,1.41238,1.25,2.25
2018.01.29 03:04:07.565,1.41228,1.41238,1.25,2.06
2018.01.29 03:04:08.079,1.41228,1.41238,1.25,1.69
2018.01.29 03:04:08.611,1.41228,1.41238,1.24,1.69
2018.01.29 03:04:09.294,1.41228,1.41238,1.43,1.69
2018.01.29 03:04:09.871,1.41228,1.41238,1.00,1.88
2018.01.29 03:04:10.416,1.41227,1.41238,1.68,2.14
2018.01.29 03:04:11.041,1.41227,1.41238,1.68,2.14
2018.01.29 03:04:11.658,1.41227,1.41238,1.68,2.89
2018.01.29 03:04:12.179,1.41227,1.41238,1.50,2.14
2018.01.29 03:04:12.763,1.41227,1.41238,1.87,2.14
2018.01.29 03:04:12.866,1.41227,1.41238,1.68,2.14
2018.01.29 03:04:13.560,1.41227,1.41237,1.68,1.29
2018.01.29 03:04:14.074,1.41227,1.41237,1.68,1.20
2018.01.29 03:04:14.954,1.41227,1.41237,1.68,1.29
2018.01.29 03:04:15.484,1.41228,1.41237,1.00,1.25
2018.01.29 03:04:15.903,1.41228,1.41237,1.00,1.63
2018.01.29 03:04:16.445,1.41227,1.41236,1.00,1.64
2018.01.29 03:04:16.961,1.41226,1.41236,1.69,1.66
2018.01.29 03:04:17.497,1.41226,1.41235,1.00,1.25
2018.01.29 03:04:18.013,1.41226,1.41235,1.00,1.31
2018.01.29 03:04:18.529,1.41226,1.41235,1.00,1.25
2018.01.29 03:04:19.052,1.41226,1.41235,1.25,1.31
2018.01.29 03:04:19.414,1.41227,1.41238,1.87,1.39
2018.01.29 03:04:19.948,1.41229,1.41238,1.00,1.00
2018.01.29 03:04:20.052,1.41229,1.41238,1.00,1.19
2018.01.29 03:04:20.155,1.41229,1.41239,1.00,1.95
2018.01.29 03:04:20.690,1.41229,1.41239,1.00,1.95
2018.01.29 03:04:21.300,1.41229,1.41239,1.00,1.95
2018.01.29 03:04:21.837,1.41229,1.41239,1.25,2.70
2018.01.29 03:04:22.354,1.41229,1.41239,1.00,1.95
2018.01.29 03:04:22.895,1.41229,1.41239,1.25,2.70
2018.01.29 03:04:23.266,1.41229,1.41238,1.00,2.14
2018.01.29 03:04:23.655,1.41229,1.41238,1.00,1.44
2018.01.29 03:04:25.440,1.41229,1.41238,1.50,1.63
2018.01.29 03:04:26.220,1.41229,1.41238,1.50,1.44
2018.01.29 03:04:26.748,1.41229,1.41238,1.50,1.63
2018.01.29 03:04:27.448,1.41229,1.41238,1.50,1.44
2018.01.29 03:04:28.019,1.41229,1.41238,1.50,1.37
2018.01.29 03:04:28.631,1.41229,1.41238,1.50,1.44
2018.01.29 03:04:29.146,1.41229,1.41238,1.50,1.63
2018.01.29 03:04:29.691,1.41229,1.41238,1.50,1.44
2018.01.29 03:04:30.721,1.41229,1.41238,1.69,2.06
2018.01.29 03:04:31.375,1.41229,1.41238,1.69,1.31
2018.01.29 03:04:32.044,1.41227,1.41237,1.20,1.19
2018.01.29 03:04:32.096,1.41227,1.41238,1.20,2.44
2018.01.29 03:04:33.368,1.41227,1.41238,1.12,3.08
2018.01.29 03:04:33.503,1.41227,1.41238,1.25,4.20
2018.01.29 03:04:33.563,1.41227,1.41235,1.25,1.13
2018.01.29 03:04:33.618,1.41222,1.41231,2.62,1.38
2018.01.29 03:04:33.727,1.41221,1.41231,1.00,2.89
2018.01.29 03:04:33.883,1.41219,1.41229,1.50,1.63
2018.01.29 03:04:34.459,1.41219,1.41229,1.69,1.38
2018.01.29 03:04:35.043,1.41219,1.41229,2.25,1.63
2018.01.29 03:04:35.095,1.41219,1.41229,1.87,1.25
2018.01.29 03:04:35.959,1.41219,1.41229,2.25,1.31
2018.01.29 03:04:36.515,1.41219,1.41229,1.87,1.25
2018.01.29 03:04:36.618,1.41219,1.41229,2.25,1.63
2018.01.29 03:04:36.721,1.41219,1.41229,1.87,1.13
2018.01.29 03:04:36.773,1.41219,1.41229,2.25,1.63
2018.01.29 03:04:36.876,1.41219,1.41229,1.69,1.25
2018.01.29 03:04:37.489,1.41219,1.41229,2.25,1.63
2018.01.29 03:04:37.593,1.41219,1.41229,1.69,1.44
2018.01.29 03:04:38.204,1.41219,1.41229,1.69,1.44
2018.01.29 03:04:39.318,1.41219,1.41229,1.50,1.63
2018.01.29 03:04:39.575,1.41219,1.41229,1.87,2.81
2018.01.29 03:04:39.884,1.41215,1.41221,1.00,2.44
2018.01.29 03:04:39.936,1.41212,1.41219,1.00,1.38
2018.01.29 03:04:40.090,1.41211,1.4122,1.87,1.25
2018.01.29 03:04:40.214,1.41211,1.4122,1.19,1.63
2018.01.29 03:04:40.265,1.41211,1.4122,1.00,1.25
2018.01.29 03:04:40.368,1.41209,1.41218,1.25,1.75
2018.01.29 03:04:40.903,1.41208,1.41218,1.31,2.00
2018.01.29 03:04:41.435,1.41208,1.41219,1.00,4.31
2018.01.29 03:04:41.670,1.41208,1.41218,1.69,1.50
2018.01.29 03:04:42.120,1.41208,1.41218,1.00,1.75
2018.01.29 03:04:42.333,1.41208,1.41218,1.68,1.50
2018.01.29 03:04:42.838,1.41208,1.41218,1.68,1.87
2018.01.29 03:04:43.397,1.41208,1.41219,2.32,3.38
2018.01.29 03:04:43.759,1.41208,1.41219,1.50,2.25
2018.01.29 03:04:44.066,1.41208,1.41219,1.12,1.50
2018.01.29 03:04:44.544,1.41208,1.41219,1.12,2.25
2018.01.29 03:04:44.697,1.41208,1.41219,1.00,3.00
2018.01.29 03:04:45.294,1.41208,1.41218,1.69,1.63
2018.01.29 03:04:45.508,1.41208,1.41219,1.25,1.87
2018.01.29 03:04:46.055,1.41208,1.41219,1.20,1.50
2018.01.29 03:04:46.583,1.41208,1.41219,1.00,1.44
2018.01.29 03:04:47.090,1.41208,1.41219,1.50,1.44
2018.01.29 03:04:48.369,1.41208,1.41219,2.63,2.14
2018.01.29 03:04:48.915,1.41208,1.41219,2.06,1.39
2018.01.29 03:04:49.432,1.41208,1.41219,1.88,1.20
2018.01.29 03:04:49.936,1.41208,1.41219,2.63,1.37
2018.01.29 03:04:50.301,1.41208,1.41219,1.88,1.25
2018.01.29 03:04:50.493,1.41208,1.41219,2.63,1.37
2018.01.29 03:04:51.011,1.41209,1.41219,1.00,1.31
2018.01.29 03:04:51.625,1.41208,1.41219,2.63,1.62
2018.01.29 03:04:51.861,1.41212,1.41223,2.63,3.08
2018.01.29 03:04:51.912,1.41212,1.41223,3.45,1.25
2018.01.29 03:04:51.964,1.41213,1.41223,1.69,1.88
2018.01.29 03:04:52.272,1.41218,1.41226,1.00,1.44
2018.01.29 03:04:52.672,1.41214,1.41224,2.32,1.38
2018.01.29 03:04:53.194,1.41216,1.41225,1.00,1.44
2018.01.29 03:04:53.963,1.41216,1.41225,1.00,1.44
2018.01.29 03:04:54.805,1.41216,1.41225,1.00,1.56
2018.01.29 03:04:55.012,1.41216,1.41225,1.00,1.44
2018.01.29 03:04:55.902,1.41216,1.41225,1.00,1.19
2018.01.29 03:04:57.516,1.41216,1.41225,1.00,1.63
2018.01.29 03:04:58.047,1.41216,1.41225,1.00,1.37
2018.01.29 03:04:58.960,1.41216,1.41225,1.00,1.37
2018.01.29 03:04:59.933,1.41216,1.41225,1.00,1.37
2018.01.29 03:05:11.548,1.41216,1.41225,1.50,1.37
2018.01.29 03:05:12.178,1.41216,1.41225,1.50,1.37
2018.01.29 03:05:14.565,1.41216,1.41225,1.50,1.44
2018.01.29 03:05:14.846,1.41218,1.41227,1.00,1.39
2018.01.29 03:05:15.384,1.41218,1.41228,1.00,2.25
2018.01.29 03:05:15.904,1.41218,1.41228,1.00,3.19
2018.01.29 03:05:16.432,1.41218,1.41228,1.00,2.44
2018.01.29 03:05:17.699,1.41218,1.41228,1.00,2.44
2018.01.29 03:05:18.125,1.41219,1.41229,1.00,1.37
2018.01.29 03:05:18.176,1.41219,1.41229,1.69,1.00
2018.01.29 03:05:18.430,1.41221,1.4123,2.25,1.44
2018.01.29 03:05:18.998,1.41221,1.41231,1.00,1.63
2018.01.29 03:05:19.447,1.41221,1.41231,1.00,1.37
2018.01.29 03:05:19.971,1.4122,1.41229,1.50,1.44
2018.01.29 03:05:20.937,1.4122,1.41229,1.50,1.37
2018.01.29 03:05:21.537,1.4122,1.41229,1.50,1.44
2018.01.29 03:05:21.880,1.41222,1.41229,1.00,1.12
2018.01.29 03:05:22.094,1.41224,1.41233,1.00,1.25
2018.01.29 03:05:22.251,1.41224,1.41233,1.00,2.06
2018.01.29 03:05:22.355,1.41224,1.41233,1.00,1.31
2018.01.29 03:05:22.622,1.41224,1.41233,1.25,2.06
2018.01.29 03:05:22.675,1.41224,1.41233,1.00,1.31
2018.01.29 03:05:22.781,1.41224,1.4123,1.00,1.13
2018.01.29 03:05:22.834,1.41222,1.41229,1.00,1.00
2018.01.29 03:05:23.398,1.41221,1.41229,1.31,1.44
2018.01.29 03:05:23.915,1.41221,1.41229,1.00,1.25
2018.01.29 03:05:24.448,1.41221,1.41229,1.00,1.44
2018.01.29 03:05:24.978,1.41221,1.41229,1.12,1.75
2018.01.29 03:05:25.558,1.41221,1.41229,1.00,1.50
2018.01.29 03:05:26.836,1.41221,1.41229,1.00,1.81
2018.01.29 03:05:27.571,1.41221,1.41229,1.00,1.50
2018.01.29 03:05:30.920,1.41221,1.41229,1.12,1.75
2018.01.29 03:05:31.433,1.41221,1.41229,1.00,1.50
2018.01.29 03:05:32.243,1.41221,1.41229,1.00,1.75
2018.01.29 03:05:33.354,1.41221,1.41229,1.00,1.50
2018.01.29 03:05:33.898,1.41223,1.41231,2.44,1.62
2018.01.29 03:05:33.951,1.41227,1.41236,1.00,3.38
2018.01.29 03:05:34.107,1.41226,1.41237,1.31,1.87
2018.01.29 03:05:34.218,1.41226,1.41237,1.88,2.33
2018.01.29 03:05:34.746,1.41226,1.41236,1.13,1.13
2018.01.29 03:05:35.249,1.41226,1.41237,1.00,2.14
2018.01.29 03:05:35.567,1.41228,1.41237,1.00,1.75
2018.01.29 03:05:36.322,1.41228,1.41237,1.00,1.94
2018.01.29 03:05:36.835,1.41228,1.41237,1.00,2.00
2018.01.29 03:05:37.495,1.41228,1.41237,1.00,1.94
2018.01.29 03:05:38.100,1.41228,1.41237,1.00,1.75
2018.01.29 03:05:38.938,1.41228,1.41236,1.00,2.25
2018.01.29 03:05:39.480,1.41228,1.41236,1.00,1.19
2018.01.29 03:05:40.136,1.41228,1.41236,1.00,2.44
2018.01.29 03:05:41.115,1.41228,1.41236,1.00,2.44
2018.01.29 03:05:42.265,1.41228,1.41238,1.63,1.69
2018.01.29 03:05:42.447,1.41229,1.41239,1.13,1.69
2018.01.29 03:05:42.856,1.4123,1.41239,1.69,1.88
2018.01.29 03:05:43.405,1.4123,1.41239,1.50,1.31
2018.01.29 03:05:43.939,1.4123,1.41239,1.69,1.50
2018.01.29 03:05:44.496,1.4123,1.41239,1.50,1.44
2018.01.29 03:05:45.118,1.4123,1.41239,1.69,1.63
2018.01.29 03:05:45.737,1.4123,1.41239,1.50,1.31
2018.01.29 03:05:46.247,1.4123,1.41239,1.50,1.31
2018.01.29 03:05:48.244,1.4123,1.41239,2.06,1.88
2018.01.29 03:05:48.950,1.4123,1.41239,1.00,1.50
2018.01.29 03:05:49.484,1.4123,1.41239,1.25,1.88
2018.01.29 03:05:50.046,1.4123,1.41239,1.00,1.31
2018.01.29 03:05:51.197,1.41228,1.41239,2.51,2.06
2018.01.29 03:05:52.025,1.41228,1.41239,1.88,2.06
2018.01.29 03:05:52.527,1.41228,1.41239,1.63,1.69
2018.01.29 03:05:53.167,1.41228,1.41239,1.37,1.69
2018.01.29 03:05:54.488,1.41228,1.41239,1.69,2.25
2018.01.29 03:05:54.813,1.41228,1.41239,1.00,2.70
2018.01.29 03:05:54.968,1.41226,1.41236,1.00,1.63
2018.01.29 03:05:55.944,1.41226,1.41236,1.00,1.56
2018.01.29 03:05:56.460,1.41226,1.41236,1.00,1.37
2018.01.29 03:05:57.297,1.41226,1.41236,1.00,1.56
2018.01.29 03:05:58.272,1.41226,1.41236,1.00,1.63
2018.01.29 03:05:59.280,1.41226,1.41236,1.25,1.69
2018.01.29 03:06:00.005,1.41226,1.41236,1.00,1.62
2018.01.29 03:06:00.561,1.41226,1.41236,1.00,1.44
2018.01.29 03:06:01.086,1.41226,1.41237,1.50,1.95
2018.01.29 03:06:01.887,1.41226,1.41237,1.50,1.94
2018.01.29 03:06:02.647,1.41226,1.41237,1.50,2.14
2018.01.29 03:06:03.590,1.41226,1.41237,1.50,1.87
2018.01.29 03:06:04.296,1.41226,1.41237,1.50,1.87
2018.01.29 03:06:10.541,1.41226,1.41237,1.50,1.56
2018.01.29 03:06:10.593,1.41226,1.41237,1.50,1.69
2018.01.29 03:06:10.850,1.41226,1.41237,1.50,1.75
2018.01.29 03:06:11.240,1.41226,1.41237,1.50,1.37
2018.01.29 03:06:11.607,1.41226,1.41237,1.69,1.56
2018.01.29 03:06:12.539,1.41226,1.41237,1.50,1.56
2018.01.29 03:06:13.130,1.41226,1.41237,1.50,1.56
2018.01.29 03:06:14.133,1.41226,1.41237,1.50,1.56
2018.01.29 03:06:14.439,1.41226,1.41237,1.50,1.63
2018.01.29 03:06:14.647,1.41226,1.41237,1.50,1.69
2018.01.29 03:06:14.956,1.41227,1.41237,1.00,2.44
2018.01.29 03:06:15.112,1.41227,1.41237,1.00,2.25
2018.01.29 03:06:15.286,1.41228,1.41238,3.37,1.81
2018.01.29 03:06:15.799,1.41229,1.41239,1.00,1.69
2018.01.29 03:06:16.302,1.41229,1.41239,1.12,2.25
2018.01.29 03:06:16.839,1.4123,1.41239,1.00,2.25
2018.01.29 03:06:17.352,1.4123,1.41239,1.00,1.31
2018.01.29 03:06:17.889,1.41229,1.41238,1.00,1.56
2018.01.29 03:06:18.430,1.41229,1.41238,1.00,2.44
2018.01.29 03:06:18.973,1.41229,1.41238,1.00,1.66
2018.01.29 03:06:19.707,1.41229,1.41238,1.00,1.56
2018.01.29 03:06:20.296,1.41229,1.41238,1.00,1.56
2018.01.29 03:06:21.090,1.41229,1.41238,1.00,1.88
2018.01.29 03:06:21.632,1.41228,1.41237,1.00,1.56
2018.01.29 03:06:22.221,1.41228,1.41237,1.00,1.56
2018.01.29 03:06:23.078,1.41228,1.41237,1.00,1.56
2018.01.29 03:06:23.919,1.41228,1.41237,1.00,1.56
2018.01.29 03:06:23.970,1.41228,1.41237,1.00,1.56
2018.01.29 03:06:25.725,1.41228,1.41237,1.00,1.56
2018.01.29 03:06:26.240,1.41228,1.41237,1.00,1.63
2018.01.29 03:06:26.536,1.41228,1.41237,1.00,1.56
2018.01.29 03:06:26.715,1.41228,1.41237,1.00,1.63
2018.01.29 03:06:27.178,1.41228,1.41237,1.00,1.56
2018.01.29 03:06:27.414,1.41228,1.41237,1.00,1.56
2018.01.29 03:06:29.647,1.41228,1.41237,1.00,1.56
2018.01.29 03:06:30.298,1.41228,1.41237,1.00,1.63
2018.01.29 03:06:31.421,1.41228,1.41237,1.00,1.56
2018.01.29 03:06:31.931,1.41228,1.41237,1.00,1.63
2018.01.29 03:06:32.666,1.41228,1.41237,1.00,1.56
2018.01.29 03:06:33.534,1.41228,1.41237,1.00,1.63
2018.01.29 03:06:34.443,1.41228,1.41237,1.00,1.56
2018.01.29 03:06:34.973,1.41228,1.41237,1.00,1.63
2018.01.29 03:06:35.566,1.41228,1.41237,1.00,1.63
2018.01.29 03:06:36.118,1.41228,1.41237,1.00,1.56
2018.01.29 03:06:37.275,1.41228,1.41237,1.00,1.63
2018.01.29 03:06:38.130,1.41228,1.41237,1.00,1.56
2018.01.29 03:06:38.698,1.41228,1.41237,1.00,1.56
2018.01.29 03:06:38.866,1.41226,1.41237,2.62,3.56
2018.01.29 03:06:38.919,1.41224,1.41234,1.07,4.69
2018.01.29 03:06:38.971,1.41222,1.41232,1.50,4.31
2018.01.29 03:06:39.332,1.41222,1.41231,1.00,1.12
2018.01.29 03:06:39.868,1.41222,1.41232,1.00,5.63
2018.01.29 03:06:40.302,1.41223,1.41232,1.00,1.44
2018.01.29 03:06:40.806,1.41223,1.41232,1.00,1.12
2018.01.29 03:06:42.457,1.41223,1.41233,2.81,1.00
2018.01.29 03:06:42.508,1.41226,1.41236,1.25,4.20
2018.01.29 03:06:42.560,1.41226,1.41236,1.00,1.13
2018.01.29 03:06:42.754,1.41229,1.41238,1.00,2.33
2018.01.29 03:06:42.858,1.41229,1.41238,1.00,1.31
2018.01.29 03:06:44.508,1.41229,1.41239,1.00,1.81
2018.01.29 03:06:45.032,1.41229,1.41239,1.00,1.19
2018.01.29 03:06:45.591,1.41229,1.41239,1.25,1.38
2018.01.29 03:06:46.193,1.41229,1.4124,1.00,3.08
2018.01.29 03:06:46.905,1.41229,1.4124,1.00,2.33
2018.01.29 03:06:47.487,1.41229,1.4124,1.00,2.33
2018.01.29 03:06:48.161,1.41229,1.4124,1.00,3.08
2018.01.29 03:06:48.792,1.41229,1.41239,1.00,1.63
2018.01.29 03:06:49.379,1.41229,1.4124,1.00,4.20
2018.01.29 03:06:49.934,1.41229,1.4124,1.00,4.58
2018.01.29 03:06:50.527,1.41229,1.4124,1.00,4.58
2018.01.29 03:06:51.169,1.41229,1.4124,1.00,4.58
2018.01.29 03:06:51.683,1.41229,1.41239,1.00,1.38
2018.01.29 03:06:52.192,1.41229,1.41239,1.00,1.13
2018.01.29 03:06:52.640,1.41229,1.4124,1.00,1.95
2018.01.29 03:06:53.468,1.4123,1.4124,1.00,2.33
2018.01.29 03:06:54.014,1.4123,1.4124,1.00,3.64
2018.01.29 03:06:54.689,1.4123,1.4124,1.00,2.33
2018.01.29 03:06:55.757,1.4123,1.4124,1.00,4.20
2018.01.29 03:06:56.263,1.4123,1.4124,1.00,1.95
2018.01.29 03:06:56.775,1.41229,1.41239,1.00,1.01
2018.01.29 03:06:56.981,1.41229,1.41239,1.00,1.10
2018.01.29 03:06:57.084,1.41229,1.41239,1.25,1.48
2018.01.29 03:06:57.634,1.41229,1.41239,1.00,1.29
2018.01.29 03:06:58.736,1.41229,1.41239,1.25,1.01
2018.01.29 03:06:59.270,1.41229,1.4124,1.00,1.95
2018.01.29 03:07:00.036,1.41229,1.4124,1.50,2.14
2018.01.29 03:07:00.272,1.41229,1.4124,1.00,1.76
2018.01.29 03:07:00.781,1.41229,1.4124,1.00,2.14
2018.01.29 03:07:01.750,1.41229,1.4124,1.00,2.33
2018.01.29 03:07:02.287,1.41229,1.4124,1.00,2.14
2018.01.29 03:07:03.938,1.41229,1.41239,1.50,1.38
2018.01.29 03:07:07.476,1.41229,1.41239,1.87,2.44
2018.01.29 03:07:07.815,1.41229,1.41239,1.50,1.50
2018.01.29 03:07:07.917,1.41229,1.41239,3.00,1.76
2018.01.29 03:07:08.457,1.41229,1.41239,1.50,1.76
2018.01.29 03:07:09.103,1.41229,1.41239,2.44,1.48
2018.01.29 03:07:09.649,1.41229,1.41239,1.50,1.20
2018.01.29 03:07:10.989,1.41229,1.41239,2.25,1.48
2018.01.29 03:07:11.294,1.41232,1.41239,1.00,1.01
2018.01.29 03:07:11.793,1.41234,1.41242,1.00,5.51
2018.01.29 03:07:12.111,1.41241,1.41249,1.00,1.44
2018.01.29 03:07:12.537,1.41241,1.41248,1.00,1.81
2018.01.29 03:07:13.053,1.41241,1.41249,1.00,2.70
2018.01.29 03:07:14.686,1.41241,1.41248,1.00,1.50
2018.01.29 03:07:15.195,1.41241,1.41249,1.00,1.88
2018.01.29 03:07:16.066,1.41241,1.41248,1.00,1.12
2018.01.29 03:07:16.379,1.41241,1.41249,1.00,2.63
2018.01.29 03:07:16.431,1.41241,1.41249,1.00,1.50
2018.01.29 03:07:16.801,1.41241,1.41249,1.00,1.81
2018.01.29 03:07:16.904,1.41241,1.41249,1.00,1.81
2018.01.29 03:07:17.418,1.41242,1.41249,1.00,1.19
2018.01.29 03:07:18.260,1.41242,1.41249,1.00,1.13
2018.01.29 03:07:18.801,1.41242,1.41249,1.00,1.44
2018.01.29 03:07:19.836,1.41242,1.41249,1.00,1.69
2018.01.29 03:07:20.427,1.41242,1.41249,1.00,1.19
2018.01.29 03:07:20.957,1.41242,1.4125,1.00,1.13
2018.01.29 03:07:21.650,1.41242,1.4125,1.00,1.81
2018.01.29 03:07:22.235,1.41242,1.4125,1.00,1.13
2018.01.29 03:07:22.814,1.41242,1.4125,1.00,1.13
2018.01.29 03:07:23.546,1.41242,1.4125,1.00,1.81
2018.01.29 03:07:24.068,1.41242,1.4125,1.00,1.38
2018.01.29 03:07:25.252,1.41242,1.41251,1.00,3.26
2018.01.29 03:07:25.304,1.41244,1.41251,1.00,1.13
2018.01.29 03:07:25.833,1.41244,1.41251,1.00,1.19
2018.01.29 03:07:26.169,1.41243,1.4125,1.00,1.38
2018.01.29 03:07:26.744,1.41243,1.4125,1.00,1.85
2018.01.29 03:07:27.430,1.41243,1.4125,1.00,1.48
2018.01.29 03:07:28.199,1.41243,1.4125,1.00,1.29
2018.01.29 03:07:28.697,1.41243,1.4125,1.00,1.48
2018.01.29 03:07:29.152,1.41243,1.4125,1.00,1.48
2018.01.29 03:07:30.110,1.41243,1.4125,1.00,1.20
2018.01.29 03:07:30.659,1.41243,1.4125,1.00,1.12
2018.01.29 03:07:31.184,1.41243,1.4125,1.00,1.12
2018.01.29 03:07:31.700,1.41243,1.4125,1.00,1.01
2018.01.29 03:07:31.752,1.41243,1.41251,1.00,3.45
2018.01.29 03:07:32.072,1.41243,1.41251,1.00,4.57
2018.01.29 03:07:32.573,1.41243,1.4125,1.00,1.01
2018.01.29 03:07:33.212,1.41243,1.4125,1.00,1.85
2018.01.29 03:07:33.610,1.41243,1.41249,1.00,1.12
2018.01.29 03:07:34.118,1.41243,1.4125,1.00,1.20
2018.01.29 03:07:34.630,1.41243,1.4125,1.00,1.87
2018.01.29 03:07:34.785,1.41243,1.41249,1.00,1.00
2018.01.29 03:07:34.997,1.41243,1.4125,1.00,2.00
2018.01.29 03:07:35.601,1.41243,1.41249,1.00,1.00
2018.01.29 03:07:37.413,1.41243,1.4125,1.00,1.20
2018.01.29 03:07:38.132,1.41243,1.41251,1.00,1.95
2018.01.29 03:07:38.575,1.41247,1.41253,1.00,1.66
2018.01.29 03:07:38.780,1.41251,1.41258,1.00,1.29
2018.01.29 03:07:38.992,1.41251,1.41261,1.00,1.01
2018.01.29 03:07:39.097,1.41251,1.41262,1.00,2.14
2018.01.29 03:07:39.150,1.41251,1.41262,1.00,2.51
2018.01.29 03:07:39.459,1.41252,1.41262,1.00,1.31
2018.01.29 03:07:39.894,1.41254,1.41262,1.00,1.31
2018.01.29 03:07:41.004,1.41254,1.41261,1.00,1.37
2018.01.29 03:07:41.611,1.41254,1.41262,1.00,2.32
2018.01.29 03:07:42.114,1.41254,1.41262,1.00,1.95
2018.01.29 03:07:42.692,1.41254,1.41262,1.00,1.95
2018.01.29 03:07:43.736,1.41254,1.41262,1.00,2.51
2018.01.29 03:07:44.923,1.41254,1.41262,1.00,2.33
2018.01.29 03:07:50.217,1.41254,1.41262,1.00,2.33
2018.01.29 03:07:50.802,1.41254,1.41262,1.00,2.33
2018.01.29 03:07:51.702,1.41254,1.41262,1.00,1.76
2018.01.29 03:07:52.253,1.41254,1.41262,1.00,2.89
2018.01.29 03:07:53.287,1.41254,1.41261,1.00,1.37
2018.01.29 03:07:55.537,1.41253,1.41261,1.00,1.39
2018.01.29 03:07:57.736,1.41253,1.41261,1.00,1.39
2018.01.29 03:07:58.242,1.41253,1.41261,1.00,1.56
2018.01.29 03:07:59.145,1.41253,1.41261,1.00,1.56
2018.01.29 03:07:59.248,1.41253,1.41261,1.00,1.25
2018.01.29 03:07:59.837,1.41253,1.41261,1.00,1.19
2018.01.29 03:08:00.127,1.41253,1.41261,1.00,1.56
2018.01.29 03:08:00.708,1.41252,1.41261,1.00,2.81
2018.01.29 03:08:01.244,1.41252,1.41261,1.00,1.66
2018.01.29 03:08:04.542,1.41252,1.41261,1.00,2.13
2018.01.29 03:08:05.053,1.41252,1.41261,1.00,1.66
2018.01.29 03:08:05.564,1.41252,1.41261,1.00,1.38
2018.01.29 03:08:06.199,1.41252,1.41261,1.00,1.38
2018.01.29 03:08:06.529,1.41252,1.41261,1.00,1.20
2018.01.29 03:08:07.131,1.41252,1.41261,1.00,1.50
2018.01.29 03:08:07.182,1.4125,1.41259,1.00,1.69
2018.01.29 03:08:07.234,1.4125,1.41258,1.00,1.75
2018.01.29 03:08:07.390,1.41254,1.41259,1.00,1.00
2018.01.29 03:08:10.195,1.41254,1.41259,1.00,1.63
2018.01.29 03:08:10.760,1.41254,1.4126,1.00,1.63
2018.01.29 03:08:10.811,1.41252,1.41259,1.00,1.38
2018.01.29 03:08:10.862,1.41254,1.4126,1.00,1.25
2018.01.29 03:08:11.375,1.41254,1.41259,1.00,1.00
2018.01.29 03:08:11.784,1.41259,1.4126,1.00,1.00
2018.01.29 03:08:12.205,1.41258,1.41264,1.00,1.00
2018.01.29 03:08:12.730,1.41258,1.41263,1.00,1.31
2018.01.29 03:08:13.273,1.41257,1.41264,1.00,1.13
2018.01.29 03:08:13.443,1.41254,1.41259,1.50,1.25
2018.01.29 03:08:13.964,1.41254,1.41262,1.00,1.75
2018.01.29 03:08:14.360,1.41254,1.41262,1.00,1.25
2018.01.29 03:08:14.413,1.41256,1.41262,1.00,1.00
2018.01.29 03:08:14.723,1.41258,1.41264,1.00,1.00
2018.01.29 03:08:16.301,1.41259,1.41266,1.00,1.01
2018.01.29 03:08:16.856,1.4126,1.41266,1.50,1.00
2018.01.29 03:08:17.011,1.4126,1.41268,1.00,1.00
2018.01.29 03:08:17.270,1.41262,1.41268,1.00,1.00
2018.01.29 03:08:17.893,1.41262,1.41269,1.00,1.69
2018.01.29 03:08:22.837,1.41262,1.41268,1.00,1.50
2018.01.29 03:08:23.802,1.41262,1.41269,1.00,1.50
2018.01.29 03:08:26.508,1.41262,1.41268,1.00,1.50
2018.01.29 03:08:27.620,1.41262,1.41269,1.00,1.50
2018.01.29 03:08:28.263,1.41262,1.41268,1.00,1.50
2018.01.29 03:08:28.900,1.41262,1.41269,1.00,1.50
2018.01.29 03:08:29.542,1.41262,1.41268,1.00,1.50
2018.01.29 03:08:30.262,1.41262,1.41269,1.00,1.50
2018.01.29 03:08:30.717,1.41262,1.41268,1.00,3.00
2018.01.29 03:08:32.668,1.41262,1.41268,1.00,2.25
2018.01.29 03:08:33.778,1.41262,1.41268,1.00,2.81
2018.01.29 03:08:37.601,1.41262,1.41266,1.00,1.00
2018.01.29 03:08:38.197,1.41262,1.41267,1.00,1.12
2018.01.29 03:08:38.850,1.41262,1.41266,1.00,1.00
2018.01.29 03:08:39.531,1.41262,1.41267,1.00,1.12
2018.01.29 03:08:40.332,1.41262,1.41266,1.00,1.00
2018.01.29 03:08:40.676,1.41254,1.41259,1.50,1.31
2018.01.29 03:08:41.196,1.41254,1.4126,1.00,1.44
2018.01.29 03:08:42.026,1.41254,1.41259,1.00,1.38
2018.01.29 03:08:42.571,1.41254,1.4126,1.00,1.38
2018.01.29 03:08:43.199,1.41254,1.4126,1.00,1.38
2018.01.29 03:08:43.719,1.41254,1.41259,1.00,1.38
2018.01.29 03:08:43.822,1.41254,1.4126,1.00,1.38
2018.01.29 03:08:44.342,1.41255,1.41259,1.00,1.00
2018.01.29 03:08:44.444,1.41255,1.41262,1.50,1.31
2018.01.29 03:08:44.887,1.41256,1.41261,1.00,1.44
2018.01.29 03:08:45.302,1.41256,1.41261,1.00,1.38
2018.01.29 03:08:45.354,1.41256,1.41262,1.00,1.69
2018.01.29 03:08:45.407,1.41254,1.41262,1.00,1.75
2018.01.29 03:08:46.211,1.41254,1.41261,1.00,1.50
2018.01.29 03:08:46.419,1.41255,1.41262,1.00,1.13
2018.01.29 03:08:46.922,1.41256,1.41262,1.00,1.13
2018.01.29 03:08:47.129,1.41255,1.41261,1.00,1.44
2018.01.29 03:08:47.389,1.41253,1.41261,1.50,1.50
2018.01.29 03:08:47.442,1.41255,1.41261,1.00,1.50
2018.01.29 03:08:47.962,1.41256,1.41261,1.00,1.50
2018.01.29 03:08:48.015,1.41257,1.41261,1.00,1.00
2018.01.29 03:08:48.583,1.41254,1.41261,1.50,1.44
2018.01.29 03:08:48.842,1.41257,1.41262,1.00,1.44
2018.01.29 03:08:49.228,1.41255,1.41261,1.00,1.31
2018.01.29 03:08:49.747,1.41254,1.41261,1.12,1.13
2018.01.29 03:08:50.253,1.41254,1.4126,1.00,1.00
2018.01.29 03:08:51.356,1.41254,1.4126,1.12,1.38
2018.01.29 03:08:51.890,1.41255,1.41261,1.00,1.38
2018.01.29 03:08:52.414,1.41255,1.41261,1.00,1.63
2018.01.29 03:08:52.954,1.41255,1.4126,1.00,1.38
2018.01.29 03:08:54.164,1.41255,1.41261,1.00,1.50
2018.01.29 03:08:54.900,1.41255,1.4126,1.00,1.38
2018.01.29 03:08:55.432,1.41255,1.41261,1.00,1.69
2018.01.29 03:08:56.220,1.41255,1.4126,1.00,1.63
2018.01.29 03:08:56.819,1.41255,1.41261,1.00,1.69
2018.01.29 03:08:57.338,1.41255,1.41262,1.00,1.01
2018.01.29 03:08:58.349,1.41255,1.4126,1.00,1.44
2018.01.29 03:08:58.713,1.41255,1.41259,1.00,1.38
2018.01.29 03:08:59.232,1.41255,1.4126,1.00,1.38
2018.01.29 03:08:59.574,1.41255,1.4126,1.00,1.13
2018.01.29 03:08:59.891,1.41255,1.4126,1.00,1.38
2018.01.29 03:09:00.497,1.41255,1.41259,1.00,1.44
2018.01.29 03:09:01.046,1.41255,1.4126,1.00,1.38
2018.01.29 03:09:01.933,1.41255,1.4126,1.00,1.50
2018.01.29 03:09:02.456,1.41255,1.4126,1.00,1.63
2018.01.29 03:09:03.060,1.41255,1.4126,1.00,1.63
2018.01.29 03:09:03.711,1.41255,1.41259,1.00,1.63
2018.01.29 03:09:05.136,1.41255,1.4126,1.00,1.50
2018.01.29 03:09:06.502,1.41255,1.41259,1.00,1.38
2018.01.29 03:09:06.707,1.41252,1.41258,1.00,1.50
2018.01.29 03:09:07.298,1.41252,1.41258,1.00,1.69
2018.01.29 03:09:08.484,1.41252,1.41257,1.00,1.13
2018.01.29 03:09:08.537,1.4125,1.41253,1.00,1.00
2018.01.29 03:09:08.591,1.41247,1.41253,1.00,1.38
2018.01.29 03:09:08.644,1.41244,1.41251,2.25,1.00
2018.01.29 03:09:08.750,1.41245,1.4125,1.00,1.63
2018.01.29 03:09:09.105,1.41245,1.41249,1.00,1.38
2018.01.29 03:09:09.157,1.41243,1.41249,1.00,1.38
2018.01.29 03:09:09.365,1.41243,1.4125,1.00,1.63
2018.01.29 03:09:09.587,1.41243,1.41249,1.00,1.38
2018.01.29 03:09:10.189,1.41243,1.4125,1.00,1.63
2018.01.29 03:09:10.722,1.41243,1.41249,1.00,1.25
2018.01.29 03:09:11.137,1.41243,1.4125,1.00,1.50
2018.01.29 03:09:11.679,1.41243,1.41248,1.00,1.38
2018.01.29 03:09:12.198,1.41243,1.41249,1.00,1.38
2018.01.29 03:09:12.753,1.41247,1.41249,1.00,1.00
2018.01.29 03:09:12.806,1.41247,1.41252,1.12,1.00
2018.01.29 03:09:12.962,1.41245,1.41252,1.00,1.88
2018.01.29 03:09:13.014,1.41245,1.41251,1.00,1.50
2018.01.29 03:09:13.638,1.41245,1.41252,1.00,1.88
2018.01.29 03:09:13.949,1.41245,1.41251,1.00,1.50
2018.01.29 03:09:14.002,1.41245,1.41252,1.00,1.87
2018.01.29 03:09:14.054,1.41245,1.41252,1.00,2.06
2018.01.29 03:09:14.477,1.41245,1.41251,1.00,1.31
2018.01.29 03:09:14.531,1.41243,1.4125,1.00,1.00
2018.01.29 03:09:14.790,1.41244,1.41249,1.12,1.38
2018.01.29 03:09:15.332,1.41244,1.4125,1.00,1.38
2018.01.29 03:09:15.899,1.41244,1.41249,1.00,1.00
2018.01.29 03:09:16.211,1.41243,1.4125,1.00,1.63
2018.01.29 03:09:16.741,1.41243,1.41248,1.00,1.00
2018.01.29 03:09:17.152,1.41245,1.41251,1.00,1.88
2018.01.29 03:09:17.752,1.41245,1.41252,1.00,1.50
2018.01.29 03:09:18.406,1.41245,1.41251,1.00,1.38
2018.01.29 03:09:19.045,1.41245,1.41251,1.00,1.00
2018.01.29 03:09:19.700,1.41245,1.4125,1.00,1.13
2018.01.29 03:09:20.219,1.41246,1.41251,1.00,1.38
2018.01.29 03:09:21.045,1.41246,1.41251,1.00,1.38
2018.01.29 03:09:21.571,1.41246,1.41252,1.00,1.38
2018.01.29 03:09:23.237,1.41246,1.41251,1.00,1.38
2018.01.29 03:09:23.748,1.41246,1.41252,1.00,1.38
2018.01.29 03:09:24.261,1.41246,1.41251,1.00,1.38
2018.01.29 03:09:24.690,1.41246,1.41251,1.00,1.13
2018.01.29 03:09:24.742,1.41249,1.41255,1.00,1.69
2018.01.29 03:09:24.848,1.41249,1.41256,1.00,1.31
2018.01.29 03:09:25.397,1.4125,1.41256,1.00,1.13
2018.01.29 03:09:25.906,1.4125,1.41256,1.00,1.50
2018.01.29 03:09:27.041,1.4125,1.41255,1.00,1.00
2018.01.29 03:09:27.625,1.41249,1.41255,1.00,1.38
2018.01.29 03:09:28.625,1.4125,1.41255,1.00,1.38
2018.01.29 03:09:33.202,1.4125,1.41256,1.00,1.13
2018.01.29 03:09:33.357,1.4125,1.41255,1.00,1.38
2018.01.29 03:09:33.409,1.41249,1.41256,1.00,1.12
2018.01.29 03:09:33.462,1.41249,1.41255,1.00,1.44
2018.01.29 03:09:33.754,1.41249,1.41256,1.00,1.12
2018.01.29 03:09:33.860,1.41249,1.41255,1.00,1.38
2018.01.29 03:09:34.402,1.41249,1.41257,1.00,2.06
2018.01.29 03:09:35.728,1.41249,1.41256,1.00,1.69
2018.01.29 03:09:36.274,1.41249,1.41256,1.00,1.69
2018.01.29 03:09:36.808,1.41249,1.41256,1.00,1.38
2018.01.29 03:09:37.340,1.41249,1.41255,1.00,1.63
2018.01.29 03:09:37.949,1.41249,1.41255,1.00,1.38
2018.01.29 03:09:40.639,1.41249,1.41254,1.00,1.38
2018.01.29 03:09:41.008,1.41248,1.41252,1.00,1.38
2018.01.29 03:09:41.266,1.41246,1.41251,1.00,1.38
2018.01.29 03:09:42.016,1.41244,1.4125,1.00,1.38
2018.01.29 03:09:42.560,1.41243,1.41251,1.00,1.50
2018.01.29 03:09:42.892,1.41244,1.41251,1.00,1.50
2018.01.29 03:09:42.944,1.41244,1.41251,1.00,1.50
2018.01.29 03:09:46.358,1.41244,1.41249,1.00,1.13
2018.01.29 03:09:46.876,1.41244,1.41251,1.00,1.75
2018.01.29 03:09:48.264,1.41244,1.41249,1.00,1.38
2018.01.29 03:09:48.867,1.41244,1.4125,1.00,1.50
2018.01.29 03:09:49.415,1.41244,1.41249,1.00,1.38
2018.01.29 03:09:49.927,1.41244,1.4125,1.00,1.50
2018.01.29 03:09:52.060,1.41244,1.41249,1.00,1.38
2018.01.29 03:09:52.662,1.41244,1.4125,1.00,1.50
2018.01.29 03:09:53.743,1.41244,1.41249,1.00,1.00
2018.01.29 03:09:54.161,1.41244,1.41248,1.00,1.44
2018.01.29 03:09:54.748,1.41244,1.41248,1.00,1.38
2018.01.29 03:09:55.256,1.41244,1.4125,1.00,1.50
2018.01.29 03:09:55.909,1.41244,1.4125,1.00,1.50
2018.01.29 03:09:56.689,1.41244,1.41251,1.00,1.88
2018.01.29 03:09:57.091,1.41244,1.41251,1.50,1.00
2018.01.29 03:09:57.143,1.41246,1.41253,1.00,1.38
2018.01.29 03:09:57.673,1.41247,1.41254,1.00,1.50
2018.01.29 03:09:57.931,1.41248,1.41257,1.00,3.19
2018.01.29 03:09:58.614,1.41248,1.41256,1.87,1.63
2018.01.29 03:09:59.160,1.41251,1.41257,1.00,1.25
2018.01.29 03:09:59.213,1.41249,1.41257,1.00,1.38
2018.01.29 03:09:59.461,1.41249,1.41256,1.00,1.38
2018.01.29 03:09:59.970,1.41249,1.41256,1.00,1.38
2018.01.29 03:10:00.865,1.41249,1.41255,1.00,1.38
2018.01.29 03:10:01.299,1.41251,1.41256,1.00,1.44
2018.01.29 03:10:02.142,1.41251,1.41255,1.00,1.44
2018.01.29 03:10:02.684,1.41251,1.41256,1.00,1.44
2018.01.29 03:10:04.492,1.41249,1.41257,1.00,1.63
2018.01.29 03:10:05.726,1.41249,1.41255,1.00,1.63
2018.01.29 03:10:06.804,1.41249,1.41256,1.00,1.13
2018.01.29 03:10:07.317,1.4125,1.41255,1.00,1.00
2018.01.29 03:10:07.853,1.4125,1.41256,1.00,1.13
2018.01.29 03:10:08.300,1.41252,1.41257,1.00,1.50
2018.01.29 03:10:08.719,1.41255,1.41261,1.00,2.51
2018.01.29 03:10:08.809,1.41252,1.41261,1.50,1.69
2018.01.29 03:10:08.862,1.41253,1.41262,1.00,1.50
2018.01.29 03:10:08.914,1.41255,1.4126,1.00,1.25
2018.01.29 03:10:09.119,1.41255,1.41262,1.00,1.31
2018.01.29 03:10:09.274,1.41258,1.41262,1.00,1.00
2018.01.29 03:10:09.431,1.41259,1.41266,1.00,1.69
2018.01.29 03:10:09.782,1.41256,1.41265,1.50,1.50
2018.01.29 03:10:09.834,1.41256,1.41263,1.00,1.44
2018.01.29 03:10:10.147,1.41257,1.41263,1.00,1.75
2018.01.29 03:10:10.713,1.41257,1.41263,1.00,1.75
2018.01.29 03:10:11.305,1.41258,1.41264,1.00,1.31
2018.01.29 03:10:11.410,1.41257,1.41265,1.00,1.50
2018.01.29 03:10:11.462,1.41256,1.41264,1.00,1.44
2018.01.29 03:10:12.084,1.41257,1.41264,1.00,1.38
2018.01.29 03:10:12.911,1.41257,1.41263,1.00,1.38
2018.01.29 03:10:13.459,1.41257,1.41264,1.00,1.38
2018.01.29 03:10:14.755,1.41256,1.41267,1.31,2.25
2018.01.29 03:10:15.339,1.41256,1.41265,1.10,1.38
2018.01.29 03:10:15.444,1.41256,1.41265,1.12,1.13
2018.01.29 03:10:15.704,1.41256,1.41264,1.25,1.38
2018.01.29 03:10:16.253,1.41256,1.41265,1.12,1.44
2018.01.29 03:10:16.836,1.41256,1.41265,1.12,1.25
2018.01.29 03:10:17.255,1.41255,1.41263,2.06,1.13
2018.01.29 03:10:17.595,1.41258,1.41265,1.00,1.38
2018.01.29 03:10:17.870,1.41258,1.41266,1.00,1.50
2018.01.29 03:10:19.677,1.41258,1.41266,1.12,1.44
2018.01.29 03:10:20.400,1.41258,1.41267,1.00,1.88
2018.01.29 03:10:22.262,1.41259,1.41267,1.25,1.50
2018.01.29 03:10:22.316,1.41262,1.41267,1.00,1.25
2018.01.29 03:10:22.628,1.41268,1.41275,1.87,1.50
2018.01.29 03:10:23.246,1.41268,1.41279,3.07,1.31
2018.01.29 03:10:23.754,1.41268,1.41279,3.82,1.31
2018.01.29 03:10:24.276,1.41269,1.41279,1.50,1.50
2018.01.29 03:10:24.514,1.41269,1.4128,1.25,1.81
2018.01.29 03:10:25.015,1.41269,1.4128,2.25,2.25
2018.01.29 03:10:25.576,1.41269,1.41279,1.00,1.00
2018.01.29 03:10:27.262,1.41269,1.4128,1.31,2.25
2018.01.29 03:10:27.801,1.41269,1.4128,1.25,1.56
2018.01.29 03:10:28.765,1.41269,1.4128,1.76,2.25
2018.01.29 03:10:30.051,1.41269,1.4128,1.20,1.50
2018.01.29 03:10:31.954,1.41269,1.4128,1.57,2.44
2018.01.29 03:10:32.591,1.41269,1.4128,1.01,1.69
2018.01.29 03:10:33.581,1.41269,1.4128,1.00,2.00
2018.01.29 03:10:33.791,1.41262,1.41273,1.50,2.44
2018.01.29 03:10:33.845,1.41261,1.41271,1.00,2.44
2018.01.29 03:10:34.163,1.41261,1.4127,1.00,1.50
2018.01.29 03:10:34.678,1.4126,1.4127,1.00,2.06
2018.01.29 03:10:34.874,1.4126,1.41269,1.00,1.00
2018.01.29 03:10:35.029,1.4126,1.41269,1.12,1.56
2018.01.29 03:10:35.544,1.4126,1.41269,1.00,1.56
2018.01.29 03:10:35.943,1.41258,1.41267,1.50,1.13
2018.01.29 03:10:36.045,1.41258,1.41267,1.87,1.56
2018.01.29 03:10:36.603,1.41258,1.41267,1.87,1.56
2018.01.29 03:10:37.144,1.41258,1.41267,1.87,1.56
2018.01.29 03:10:37.896,1.41258,1.41267,1.50,1.38
2018.01.29 03:10:38.212,1.41258,1.41267,1.87,1.62
2018.01.29 03:10:38.324,1.4126,1.41269,1.00,2.00
2018.01.29 03:10:38.430,1.4126,1.4127,1.00,3.26
2018.01.29 03:10:38.796,1.4126,1.4127,1.00,2.32
2018.01.29 03:10:40.263,1.4126,1.4127,1.00,2.25
2018.01.29 03:10:40.892,1.4126,1.4127,1.00,2.44
2018.01.29 03:10:41.421,1.4126,1.4127,1.00,2.25
2018.01.29 03:10:41.740,1.4126,1.4127,1.00,1.69
2018.01.29 03:10:42.282,1.4126,1.4127,1.00,1.88
2018.01.29 03:10:42.892,1.4126,1.4127,1.00,1.88
2018.01.29 03:10:43.829,1.4126,1.4127,1.00,1.88
2018.01.29 03:10:44.364,1.4126,1.4127,1.00,1.88
2018.01.29 03:10:46.039,1.4126,1.4127,1.00,1.69
2018.01.29 03:10:46.574,1.4126,1.4127,1.00,1.88
2018.01.29 03:10:47.233,1.4126,1.4127,1.00,1.88
2018.01.29 03:10:47.667,1.41259,1.41268,1.00,1.81
2018.01.29 03:10:47.979,1.41255,1.41264,1.00,1.19
2018.01.29 03:10:48.676,1.41255,1.41264,1.00,1.13
2018.01.29 03:10:49.153,1.41257,1.41265,1.00,1.63
2018.01.29 03:10:49.259,1.41255,1.41265,1.00,1.58
2018.01.29 03:10:49.311,1.41255,1.41265,2.63,1.63
2018.01.29 03:10:49.675,1.41255,1.41264,1.00,1.38
2018.01.29 03:10:51.388,1.41255,1.41264,1.00,1.62
2018.01.29 03:10:52.376,1.41255,1.41264,1.00,1.25
2018.01.29 03:10:52.951,1.41255,1.41264,1.00,1.31
2018.01.29 03:10:53.502,1.41255,1.41264,1.00,1.13
2018.01.29 03:10:54.547,1.41255,1.41264,1.50,1.25
2018.01.29 03:10:54.654,1.41258,1.41265,1.00,1.00
2018.01.29 03:10:56.874,1.41258,1.41265,1.00,1.62
2018.01.29 03:10:57.490,1.41258,1.41265,1.00,1.12
2018.01.29 03:10:58.238,1.41258,1.41265,1.00,1.62
2018.01.29 03:10:58.854,1.41258,1.41265,1.00,1.12
2018.01.29 03:10:59.227,1.4126,1.41265,1.00,1.00
2018.01.29 03:10:59.279,1.4126,1.41268,1.25,1.25
2018.01.29 03:11:01.036,1.4126,1.41267,1.00,2.00
2018.01.29 03:11:01.346,1.41254,1.4126,1.00,1.12
2018.01.29 03:11:01.451,1.4125,1.4126,1.62,1.12
2018.01.29 03:11:02.140,1.41249,1.4126,2.06,1.50
2018.01.29 03:11:02.643,1.41249,1.4126,4.12,1.50
2018.01.29 03:11:03.146,1.41249,1.4126,4.12,1.50
2018.01.29 03:11:03.690,1.41249,1.41258,2.44,1.00
2018.01.29 03:11:04.000,1.4125,1.41258,1.37,1.00
2018.01.29 03:11:04.506,1.41249,1.41258,1.87,1.00
2018.01.29 03:11:05.240,1.41249,1.41258,3.00,1.12
2018.01.29 03:11:07.341,1.41249,1.41258,1.87,1.00
2018.01.29 03:11:08.034,1.41249,1.41258,3.19,1.00
2018.01.29 03:11:08.696,1.41249,1.41258,1.50,1.00
2018.01.29 03:11:10.946,1.41247,1.41257,1.95,1.44
2018.01.29 03:11:11.290,1.41238,1.41249,4.01,1.44
2018.01.29 03:11:11.769,1.41238,1.41249,3.00,1.63
2018.01.29 03:11:12.353,1.41238,1.41249,1.88,1.44
2018.01.29 03:11:12.885,1.41241,1.41249,1.00,1.13
2018.01.29 03:11:13.094,1.41239,1.41249,1.25,1.00
2018.01.29 03:11:14.484,1.41239,1.41249,2.25,1.13
2018.01.29 03:11:15.066,1.41241,1.4125,2.06,1.50
2018.01.29 03:11:15.589,1.4124,1.4125,2.89,1.50
2018.01.29 03:11:16.136,1.41241,1.4125,1.00,1.13
2018.01.29 03:11:17.047,1.41239,1.4125,1.95,1.56
2018.01.29 03:11:17.557,1.41239,1.4125,1.12,1.56
2018.01.29 03:11:18.323,1.41238,1.41249,1.87,1.38
2018.01.29 03:11:18.855,1.41238,1.41249,2.63,1.63
2018.01.29 03:11:19.543,1.41238,1.41249,2.33,1.50
2018.01.29 03:11:20.094,1.41239,1.41249,1.50,1.69
2018.01.29 03:11:20.606,1.41238,1.41249,2.89,1.50
2018.01.29 03:11:21.441,1.41239,1.41249,1.31,1.69
2018.01.29 03:11:21.805,1.41238,1.41249,3.00,1.31
2018.01.29 03:11:21.908,1.41239,1.41249,1.50,1.88
2018.01.29 03:11:22.124,1.41238,1.41249,3.00,1.50
2018.01.29 03:11:23.229,1.41239,1.41249,1.50,1.88
2018.01.29 03:11:23.806,1.41238,1.41249,3.08,1.69
2018.01.29 03:11:24.014,1.41241,1.41249,1.25,1.44
2018.01.29 03:11:24.554,1.4124,1.41249,1.69,1.00
2018.01.29 03:11:24.906,1.4124,1.41249,4.12,1.00
2018.01.29 03:11:25.063,1.41242,1.41251,1.37,1.25
2018.01.29 03:11:25.840,1.41242,1.41251,2.25,1.13
2018.01.29 03:11:26.353,1.41242,1.41251,1.37,1.00
2018.01.29 03:11:27.007,1.41246,1.41252,1.00,1.00
2018.01.29 03:11:27.061,1.41246,1.41256,1.69,2.89
2018.01.29 03:11:27.607,1.41246,1.41255,1.50,1.25
2018.01.29 03:11:28.487,1.41245,1.41255,1.10,1.31
2018.01.29 03:11:29.003,1.41245,1.41255,1.50,1.81
2018.01.29 03:11:29.517,1.41245,1.41255,1.69,1.81
2018.01.29 03:11:30.022,1.41245,1.41255,1.31,1.50
2018.01.29 03:11:30.555,1.41246,1.41255,1.00,1.31
2018.01.29 03:11:31.086,1.41246,1.41256,1.50,2.06
2018.01.29 03:11:34.897,1.41246,1.41256,1.50,2.06
2018.01.29 03:11:34.950,1.41247,1.41256,2.44,1.50
2018.01.29 03:11:35.264,1.41247,1.41256,1.12,1.88
2018.01.29 03:11:35.824,1.41246,1.41256,2.44,1.88
2018.01.29 03:11:36.614,1.41247,1.41256,1.12,2.06
2018.01.29 03:11:37.163,1.41246,1.41256,6.83,1.44
2018.01.29 03:11:37.691,1.41246,1.41256,6.64,1.31
2018.01.29 03:11:40.879,1.41247,1.41256,2.14,1.31
2018.01.29 03:11:42.479,1.41247,1.41256,1.01,1.25
2018.01.29 03:11:44.257,1.41246,1.41256,3.82,1.25
2018.01.29 03:11:44.568,1.41246,1.41256,2.51,1.63
2018.01.29 03:11:44.982,1.41246,1.41256,2.32,1.38
2018.01.29 03:11:45.367,1.41246,1.41256,2.51,1.63
2018.01.29 03:11:45.932,1.41246,1.41256,2.44,1.63
2018.01.29 03:11:46.092,1.41245,1.41254,1.39,1.44
2018.01.29 03:11:46.957,1.41245,1.41254,1.31,1.37
2018.01.29 03:11:47.707,1.41245,1.41254,1.00,1.37
2018.01.29 03:11:48.611,1.41247,1.41255,1.50,1.25
2018.01.29 03:11:49.154,1.41247,1.41255,1.87,1.00
2018.01.29 03:11:49.666,1.41246,1.41254,1.25,1.12
2018.01.29 03:11:50.272,1.41246,1.41255,1.31,1.00
2018.01.29 03:11:50.801,1.41246,1.41255,1.87,1.62
2018.01.29 03:11:51.337,1.41246,1.41255,1.69,1.37
2018.01.29 03:11:52.890,1.41246,1.41255,1.50,1.62
2018.01.29 03:11:53.406,1.41246,1.41255,1.15,1.62
2018.01.29 03:11:54.134,1.41245,1.41255,2.81,2.24
2018.01.29 03:11:55.535,1.41245,1.41256,4.50,2.06
2018.01.29 03:11:56.068,1.41246,1.41256,1.42,1.44
2018.01.29 03:11:56.623,1.41246,1.41256,2.06,1.13
2018.01.29 03:11:57.137,1.41245,1.41256,4.05,1.50
2018.01.29 03:11:58.654,1.41245,1.41256,6.00,1.88
2018.01.29 03:11:59.200,1.41245,1.41256,4.61,1.31
2018.01.29 03:12:00.068,1.41245,1.41256,3.19,1.69
2018.01.29 03:12:00.418,1.41245,1.41254,3.38,1.00
2018.01.29 03:12:00.473,1.41245,1.41254,1.00,1.88
2018.01.29 03:12:00.737,1.41242,1.4125,1.57,1.31
2018.01.29 03:12:00.842,1.41239,1.4125,1.47,2.44
2018.01.29 03:12:01.529,1.41239,1.4125,2.44,2.44
2018.01.29 03:12:02.415,1.41239,1.4125,1.95,2.81
2018.01.29 03:12:02.467,1.4124,1.4125,1.25,2.81
2018.01.29 03:12:02.986,1.4124,1.4125,1.00,3.56
2018.01.29 03:12:03.538,1.41239,1.4125,1.50,2.81
2018.01.29 03:12:04.075,1.41239,1.4125,1.50,2.44
2018.01.29 03:12:04.692,1.41239,1.4125,1.88,3.19
2018.01.29 03:12:06.421,1.41239,1.4125,1.50,3.26
2018.01.29 03:12:06.937,1.41239,1.4125,1.63,2.89
2018.01.29 03:12:07.445,1.41239,1.4125,1.12,3.26
2018.01.29 03:12:15.821,1.41239,1.4125,2.25,3.08
2018.01.29 03:12:16.428,1.41239,1.4125,1.12,2.44
2018.01.29 03:12:19.521,1.4124,1.4125,1.50,2.44
2018.01.29 03:12:20.214,1.41239,1.4125,2.25,2.25
2018.01.29 03:12:21.400,1.41238,1.41249,3.19,1.63
2018.01.29 03:12:22.044,1.41238,1.41249,2.25,1.63
2018.01.29 03:12:22.679,1.41238,1.41249,2.44,1.56
2018.01.29 03:12:23.357,1.41238,1.41249,3.19,1.63
2018.01.29 03:12:23.859,1.41238,1.41249,3.19,1.31
2018.01.29 03:12:24.875,1.41239,1.41249,1.31,1.56
2018.01.29 03:12:26.122,1.41238,1.41249,3.00,1.63
2018.01.29 03:12:26.891,1.41239,1.41249,1.50,1.56
2018.01.29 03:12:26.944,1.41238,1.41249,3.19,1.00
2018.01.29 03:12:27.273,1.41241,1.4125,4.12,1.31
2018.01.29 03:12:27.483,1.41239,1.41248,1.12,1.13
2018.01.29 03:12:28.030,1.4124,1.4125,1.25,2.51
2018.01.29 03:12:29.641,1.41239,1.4125,1.50,2.32
2018.01.29 03:12:30.830,1.4124,1.4125,1.00,1.95
2018.01.29 03:12:31.341,1.41239,1.4125,1.50,1.95
2018.01.29 03:12:31.855,1.4124,1.4125,1.00,1.12
2018.01.29 03:12:32.170,1.41241,1.41251,1.37,2.62
2018.01.29 03:12:32.712,1.41243,1.41252,1.12,1.00
2018.01.29 03:12:33.471,1.41243,1.41252,1.62,1.44
2018.01.29 03:12:34.060,1.41245,1.41255,2.25,1.20
2018.01.29 03:12:34.112,1.41248,1.41255,1.12,1.01
2018.01.29 03:12:34.664,1.41248,1.41257,1.00,2.63
2018.01.29 03:12:35.611,1.41248,1.41257,1.25,1.69
2018.01.29 03:12:37.798,1.41248,1.41257,1.50,1.13
2018.01.29 03:12:38.330,1.41248,1.41257,1.25,1.00
2018.01.29 03:12:40.275,1.41248,1.41257,1.31,1.13
2018.01.29 03:12:40.798,1.41248,1.41257,1.00,1.13
2018.01.29 03:12:41.936,1.41248,1.41257,1.12,1.63
2018.01.29 03:12:42.525,1.41248,1.41257,1.12,1.31
2018.01.29 03:12:45.565,1.41248,1.41257,2.25,1.50
2018.01.29 03:12:46.159,1.41248,1.41257,1.69,1.12
2018.01.29 03:12:48.836,1.41248,1.41258,1.50,1.50
2018.01.29 03:12:49.976,1.41248,1.41257,2.63,1.25
2018.01.29 03:12:50.291,1.41251,1.41261,1.31,1.20
2018.01.29 03:12:50.832,1.41252,1.41261,2.06,1.44
2018.01.29 03:12:51.544,1.41251,1.41261,1.00,2.14
2018.01.29 03:12:51.856,1.4125,1.41259,1.13,1.19
2018.01.29 03:12:52.412,1.41249,1.41259,1.69,1.00
2018.01.29 03:12:55.894,1.4125,1.4126,1.25,2.25
2018.01.29 03:12:56.449,1.41249,1.41259,1.69,1.25
2018.01.29 03:12:57.964,1.41249,1.4126,1.00,3.19
2018.01.29 03:12:59.040,1.41248,1.41259,1.69,1.56
2018.01.29 03:12:59.738,1.41245,1.41252,1.69,1.13
2018.01.29 03:12:59.843,1.41243,1.4125,1.00,1.12
2018.01.29 03:12:59.947,1.4124,1.41249,1.00,1.00
2018.01.29 03:13:00.514,1.41239,1.41249,1.50,1.00
2018.01.29 03:13:01.701,1.41239,1.41249,3.56,1.63
2018.01.29 03:13:02.474,1.41239,1.41249,1.50,1.13
2018.01.29 03:13:03.365,1.41239,1.41249,2.44,1.00
2018.01.29 03:13:03.574,1.4124,1.41249,1.69,1.63
2018.01.29 03:13:04.096,1.41238,1.41249,3.64,1.31
2018.01.29 03:13:06.333,1.41238,1.41249,3.45,1.25
2018.01.29 03:13:07.871,1.41239,1.41249,3.00,1.63
2018.01.29 03:13:08.415,1.41238,1.41249,4.58,1.13
2018.01.29 03:13:08.951,1.41238,1.41248,2.81,1.31
2018.01.29 03:13:09.578,1.41239,1.41248,1.13,1.00
2018.01.29 03:13:10.108,1.41238,1.41249,3.64,1.00
2018.01.29 03:13:10.160,1.41239,1.41249,1.00,1.37
2018.01.29 03:13:10.316,1.41238,1.41249,2.81,1.25
2018.01.29 03:13:10.531,1.41238,1.41249,2.06,1.87
2018.01.29 03:13:10.984,1.41238,1.41249,1.00,2.06
2018.01.29 03:13:11.628,1.41238,1.41249,1.00,2.06
2018.01.29 03:13:12.295,1.41239,1.41249,1.00,2.06
2018.01.29 03:13:12.809,1.41238,1.41249,1.50,2.06
2018.01.29 03:13:13.359,1.41239,1.41248,1.00,1.01
2018.01.29 03:13:14.746,1.41238,1.41248,1.50,1.10
2018.01.29 03:13:15.329,1.41239,1.41248,1.00,1.39
2018.01.29 03:13:15.893,1.41238,1.41248,1.00,1.20
2018.01.29 03:13:20.198,1.41238,1.41248,2.44,1.20
2018.01.29 03:13:20.722,1.41238,1.41249,1.50,2.51
2018.01.29 03:13:21.317,1.41238,1.41248,3.19,1.29
2018.01.29 03:13:21.980,1.41238,1.41248,1.50,1.10
2018.01.29 03:13:22.589,1.41238,1.41248,1.00,1.33
2018.01.29 03:13:28.855,1.41237,1.41248,5.06,1.76
2018.01.29 03:13:32.268,1.41238,1.41248,2.25,2.14
2018.01.29 03:13:32.809,1.41237,1.41248,4.88,1.58
2018.01.29 03:13:33.853,1.41238,1.41248,1.50,1.20
2018.01.29 03:13:35.139,1.41239,1.41248,1.87,1.20
2018.01.29 03:13:35.643,1.41239,1.41248,1.88,1.20
2018.01.29 03:13:37.885,1.41239,1.41248,1.87,1.20
2018.01.29 03:13:38.412,1.41239,1.41248,1.00,1.20
2018.01.29 03:13:39.215,1.4124,1.41248,1.00,1.58
2018.01.29 03:13:39.875,1.41239,1.41248,1.50,1.20
2018.01.29 03:13:40.388,1.4124,1.41248,1.25,1.57
2018.01.29 03:13:40.880,1.41239,1.41248,2.06,1.89
2018.01.29 03:13:43.139,1.41239,1.41248,1.00,1.45
2018.01.29 03:13:44.082,1.41239,1.41248,1.50,1.45
2018.01.29 03:13:44.627,1.41239,1.41248,1.12,1.57
2018.01.29 03:13:52.731,1.41239,1.41248,1.44,1.57
2018.01.29 03:13:53.410,1.41239,1.41248,1.00,1.45
2018.01.29 03:13:59.489,1.41239,1.41247,1.00,1.01
2018.01.29 03:14:01.332,1.41239,1.41248,1.00,1.58
2018.01.29 03:14:02.250,1.41239,1.41248,1.00,1.76
2018.01.29 03:14:02.754,1.41239,1.41248,1.00,1.58
2018.01.29 03:14:03.311,1.41239,1.41248,1.00,1.58
2018.01.29 03:14:05.017,1.41239,1.41248,1.00,1.76
2018.01.29 03:14:05.070,1.41239,1.41247,1.00,1.39
2018.01.29 03:14:05.123,1.41239,1.41247,1.00,1.48
2018.01.29 03:14:05.663,1.41239,1.41247,1.00,1.58
2018.01.29 03:14:06.160,1.41239,1.41247,1.00,1.58
2018.01.29 03:14:06.943,1.41239,1.41247,1.00,1.58
2018.01.29 03:14:08.576,1.41239,1.41247,1.00,1.20
2018.01.29 03:14:09.176,1.41239,1.41247,1.00,1.76
2018.01.29 03:14:09.722,1.41239,1.41247,1.00,1.58
2018.01.29 03:14:10.945,1.41239,1.41247,1.00,1.39
2018.01.29 03:14:11.742,1.41239,1.41247,1.00,1.76
2018.01.29 03:14:12.256,1.41239,1.41247,1.00,1.58
2018.01.29 03:14:12.771,1.41239,1.41247,1.00,1.76
2018.01.29 03:14:13.514,1.41239,1.41247,1.00,1.58
2018.01.29 03:14:15.621,1.41239,1.41247,1.00,1.76
2018.01.29 03:14:16.221,1.41239,1.41247,1.00,1.58
2018.01.29 03:14:16.854,1.41238,1.41247,2.06,1.20
2018.01.29 03:14:17.375,1.41237,1.41247,3.94,1.20
2018.01.29 03:14:18.406,1.41238,1.41247,2.06,1.39
2018.01.29 03:14:18.686,1.4124,1.41248,2.06,1.20
2018.01.29 03:14:18.802,1.41243,1.41251,3.00,1.50
2018.01.29 03:14:18.907,1.41246,1.41254,1.00,1.10
2018.01.29 03:14:18.960,1.41243,1.41252,5.06,1.00
2018.01.29 03:14:19.472,1.41247,1.41256,1.81,2.32
2018.01.29 03:14:19.526,1.41247,1.41256,1.37,1.95
2018.01.29 03:14:20.181,1.41247,1.41256,3.38,1.10
2018.01.29 03:14:20.826,1.41248,1.41256,1.87,1.39
2018.01.29 03:14:21.428,1.41247,1.41256,5.63,1.00
2018.01.29 03:14:21.967,1.41247,1.41256,2.44,1.00
2018.01.29 03:14:22.599,1.41247,1.41255,2.06,1.10
2018.01.29 03:14:22.653,1.41246,1.41255,1.00,1.20
2018.01.29 03:14:23.057,1.41247,1.41257,2.25,3.45
2018.01.29 03:14:23.161,1.41246,1.41256,1.31,1.85
2018.01.29 03:14:23.317,1.41244,1.41255,3.00,2.70
2018.01.29 03:14:23.369,1.41243,1.41252,1.62,1.37
2018.01.29 03:14:23.422,1.41241,1.41251,1.37,1.25
2018.01.29 03:14:23.474,1.4124,1.41251,1.87,2.51
2018.01.29 03:14:23.526,1.4124,1.41249,1.50,1.69
2018.01.29 03:14:24.164,1.41239,1.41249,1.69,2.70
2018.01.29 03:14:24.749,1.41239,1.41249,1.69,2.70
2018.01.29 03:14:25.292,1.41239,1.41249,1.69,2.70
2018.01.29 03:14:25.818,1.41239,1.41249,1.69,3.45
2018.01.29 03:14:26.351,1.4124,1.41249,1.00,2.32
2018.01.29 03:14:27.251,1.4124,1.41249,1.12,2.89
2018.01.29 03:14:28.687,1.4124,1.41249,1.00,1.95
2018.01.29 03:14:30.632,1.4124,1.41249,2.25,2.32
2018.01.29 03:14:31.298,1.4124,1.41249,1.25,1.95
2018.01.29 03:14:33.547,1.41239,1.41248,1.12,2.32
2018.01.29 03:14:34.078,1.41239,1.41248,2.63,1.95
2018.01.29 03:14:34.543,1.41241,1.41248,3.56,1.00
2018.01.29 03:14:34.807,1.41245,1.41255,5.81,1.58
2018.01.29 03:14:35.014,1.41244,1.41255,3.19,1.20
2018.01.29 03:14:35.376,1.41245,1.41255,5.25,1.10
2018.01.29 03:14:35.482,1.41242,1.41252,1.12,1.37
2018.01.29 03:14:35.713,1.4124,1.4125,2.06,2.51
2018.01.29 03:14:36.262,1.41238,1.41249,2.25,2.32
2018.01.29 03:14:36.856,1.41239,1.41249,1.31,2.89
2018.01.29 03:14:37.431,1.41238,1.41249,2.25,2.32
2018.01.29 03:14:38.054,1.41238,1.41249,2.44,2.89
2018.01.29 03:14:38.319,1.41238,1.41249,1.31,2.51
2018.01.29 03:14:38.865,1.41238,1.41249,1.81,3.45
2018.01.29 03:14:39.379,1.41238,1.41249,1.31,3.26
2018.01.29 03:14:39.895,1.41238,1.41249,1.87,2.51
2018.01.29 03:14:40.439,1.41238,1.41249,2.81,3.64
2018.01.29 03:14:40.960,1.41238,1.41249,2.25,3.08
2018.01.29 03:14:41.462,1.41238,1.41249,3.19,2.70
2018.01.29 03:14:41.651,1.41241,1.41249,1.69,1.45
2018.01.29 03:14:41.704,1.41241,1.41249,2.00,1.01
2018.01.29 03:14:42.221,1.4124,1.41249,5.25,1.20
2018.01.29 03:14:43.235,1.41241,1.41249,1.00,1.10
2018.01.29 03:14:43.788,1.41242,1.41249,1.00,1.01
2018.01.29 03:14:44.293,1.4124,1.41249,2.44,1.10
2018.01.29 03:14:44.811,1.4124,1.4125,1.69,1.01
2018.01.29 03:14:44.966,1.4124,1.4125,3.00,1.01
2018.01.29 03:14:45.577,1.4124,1.4125,1.87,1.10
2018.01.29 03:14:46.042,1.41243,1.41251,1.00,1.95
2018.01.29 03:14:46.651,1.41243,1.41251,2.06,1.00
2018.01.29 03:14:47.268,1.41243,1.41251,1.25,1.00
2018.01.29 03:14:47.373,1.41241,1.41251,1.00,1.50
2018.01.29 03:14:47.497,1.41241,1.41251,1.25,3.83
2018.01.29 03:14:48.017,1.41239,1.41249,1.44,1.95
2018.01.29 03:14:48.793,1.41239,1.41249,1.25,2.33
2018.01.29 03:14:49.319,1.41239,1.41249,1.56,2.33
2018.01.29 03:14:49.423,1.4124,1.41249,1.44,2.14
2018.01.29 03:14:49.630,1.4124,1.41249,1.25,2.33
2018.01.29 03:14:49.785,1.41239,1.41249,1.13,1.95
2018.01.29 03:14:50.374,1.41239,1.41249,1.13,1.95
2018.01.29 03:14:50.890,1.4124,1.41249,1.25,2.33
2018.01.29 03:14:51.586,1.41238,1.41249,4.31,2.33
2018.01.29 03:14:52.132,1.4124,1.41249,1.25,2.33
2018.01.29 03:14:52.889,1.41238,1.41249,4.50,2.33
2018.01.29 03:14:53.447,1.41239,1.41249,1.13,2.14
2018.01.29 03:14:54.134,1.41239,1.41249,1.44,1.95
2018.01.29 03:14:54.651,1.41239,1.41249,1.00,2.33
2018.01.29 03:14:55.169,1.41239,1.41248,1.88,1.08
2018.01.29 03:14:55.699,1.41239,1.41249,1.00,2.33
2018.01.29 03:14:56.297,1.41239,1.41248,1.88,1.08
2018.01.29 03:14:56.349,1.41239,1.41249,1.00,2.33
2018.01.29 03:14:56.876,1.4124,1.41249,1.37,2.51
2018.01.29 03:14:57.433,1.41239,1.41249,2.25,1.95
2018.01.29 03:14:57.937,1.4124,1.41249,1.50,2.33
2018.01.29 03:14:58.477,1.41239,1.41249,2.06,2.33
2018.01.29 03:14:59.173,1.4124,1.41249,1.63,2.51
2018.01.29 03:14:59.379,1.41239,1.41249,2.06,2.33
2018.01.29 03:15:00.279,1.4124,1.41249,1.37,2.51
2018.01.29 03:15:00.894,1.41239,1.41249,1.87,2.33
2018.01.29 03:15:01.471,1.4124,1.41249,1.63,2.06
2018.01.29 03:15:02.081,1.41239,1.41249,1.87,1.88
2018.01.29 03:15:02.622,1.4124,1.41249,1.37,2.06
2018.01.29 03:15:03.146,1.41241,1.41249,1.13,1.00
2018.01.29 03:15:03.250,1.41242,1.41251,1.19,1.00
2018.01.29 03:15:03.416,1.41244,1.41253,1.00,1.00
2018.01.29 03:15:04.133,1.41244,1.41253,1.69,1.13
2018.01.29 03:15:04.649,1.41244,1.41254,3.56,1.31
2018.01.29 03:15:05.187,1.41244,1.41254,5.06,1.69
2018.01.29 03:15:05.719,1.41244,1.41254,3.75,1.31
2018.01.29 03:15:05.788,1.41247,1.41256,2.06,1.50
2018.01.29 03:15:05.894,1.41247,1.41257,1.69,2.63
2018.01.29 03:15:06.113,1.41247,1.41257,2.32,1.69
2018.01.29 03:15:06.484,1.41246,1.41256,1.19,2.25
2018.01.29 03:15:07.060,1.41244,1.41255,2.81,1.63
2018.01.29 03:15:07.751,1.41244,1.41255,2.81,1.88
2018.01.29 03:15:10.011,1.41242,1.41252,1.57,1.13
2018.01.29 03:15:10.063,1.41241,1.41252,2.51,2.44
2018.01.29 03:15:10.116,1.4124,1.4125,1.57,1.88
2018.01.29 03:15:10.170,1.41239,1.4125,1.95,3.19
2018.01.29 03:15:10.761,1.41238,1.41249,4.95,1.63
2018.01.29 03:15:11.286,1.41238,1.41249,2.70,1.63
2018.01.29 03:15:12.402,1.41238,1.41249,2.51,1.38
2018.01.29 03:15:12.802,1.41237,1.41246,1.47,2.25
2018.01.29 03:15:12.959,1.41233,1.41242,1.12,1.13
2018.01.29 03:15:13.322,1.41231,1.41241,1.00,2.25
2018.01.29 03:15:14.002,1.41231,1.41241,1.25,1.69
2018.01.29 03:15:14.530,1.41231,1.41241,1.00,1.50
2018.01.29 03:15:15.648,1.41231,1.41241,1.13,1.50
2018.01.29 03:15:16.289,1.41231,1.41241,1.00,1.31
2018.01.29 03:15:16.587,1.41232,1.41242,2.44,1.76
2018.01.29 03:15:17.103,1.41232,1.41242,1.69,1.50
2018.01.29 03:15:17.918,1.41232,1.41242,2.51,1.50
2018.01.29 03:15:18.022,1.41231,1.41242,1.12,2.06
2018.01.29 03:15:18.151,1.4123,1.41239,1.00,1.88
2018.01.29 03:15:18.671,1.41228,1.41239,1.87,3.00
2018.01.29 03:15:19.500,1.41228,1.41238,1.87,2.06
2018.01.29 03:15:20.000,1.41228,1.41238,1.87,1.69
2018.01.29 03:15:20.053,1.41229,1.41238,1.00,3.19
2018.01.29 03:15:20.484,1.41226,1.41235,2.62,1.01
2018.01.29 03:15:20.641,1.41226,1.41236,1.12,1.70
2018.01.29 03:15:20.956,1.41227,1.41237,3.00,1.82
2018.01.29 03:15:21.008,1.41227,1.41237,4.31,2.14
2018.01.29 03:15:21.622,1.41228,1.41237,2.06,2.14
2018.01.29 03:15:22.304,1.41228,1.41237,1.00,1.47
2018.01.29 03:15:22.908,1.41229,1.41237,1.00,1.47
2018.01.29 03:15:26.044,1.41231,1.41237,1.00,1.50
2018.01.29 03:15:26.146,1.41229,1.41237,1.00,1.39
2018.01.29 03:15:27.079,1.41229,1.41237,1.88,1.50
2018.01.29 03:15:27.594,1.41229,1.41237,1.31,1.37
2018.01.29 03:15:28.121,1.41229,1.41237,2.63,1.87
2018.01.29 03:15:29.071,1.41229,1.41237,1.31,1.37
2018.01.29 03:15:31.020,1.41229,1.41238,1.00,1.70
2018.01.29 03:15:34.311,1.41229,1.41237,1.00,1.07
2018.01.29 03:15:34.856,1.41229,1.41237,1.00,1.10
2018.01.29 03:15:36.642,1.41229,1.41238,1.69,1.01
2018.01.29 03:15:36.746,1.41229,1.41239,1.69,2.89
2018.01.29 03:15:36.798,1.41231,1.41239,1.50,1.76
2018.01.29 03:15:37.124,1.41238,1.41247,1.69,1.32
2018.01.29 03:15:37.440,1.41239,1.41248,1.00,1.20
2018.01.29 03:15:37.674,1.41239,1.41248,1.00,1.66
2018.01.29 03:15:38.360,1.41238,1.41248,2.62,1.20
2018.01.29 03:15:39.971,1.41238,1.41249,1.87,3.07
2018.01.29 03:15:40.985,1.41238,1.41248,3.56,1.66
2018.01.29 03:15:41.141,1.41236,1.41245,1.19,1.01
2018.01.29 03:15:41.499,1.41235,1.41245,3.38,1.01
2018.01.29 03:15:42.042,1.41235,1.41245,3.38,1.58
2018.01.29 03:15:42.500,1.41235,1.41245,2.06,1.45
2018.01.29 03:15:43.316,1.41235,1.41244,2.44,1.29
2018.01.29 03:15:44.066,1.41235,1.41245,1.87,1.20
2018.01.29 03:15:45.014,1.41235,1.41244,2.44,1.29
2018.01.29 03:15:45.420,1.41233,1.41241,1.00,1.10
2018.01.29 03:15:45.732,1.41231,1.41238,1.00,2.14
2018.01.29 03:15:45.785,1.41229,1.41238,1.50,2.14
2018.01.29 03:15:46.139,1.41229,1.41236,1.00,1.44
2018.01.29 03:15:46.191,1.41229,1.41237,1.00,1.95
2018.01.29 03:15:46.347,1.41229,1.41236,1.00,1.38
2018.01.29 03:15:46.450,1.41227,1.41236,1.69,1.95
2018.01.29 03:15:46.503,1.41224,1.41232,1.00,1.31
2018.01.29 03:15:46.555,1.41222,1.4123,1.12,1.00
2018.01.29 03:15:46.660,1.4122,1.41229,1.31,1.12
2018.01.29 03:15:51.261,1.41221,1.41229,1.69,1.10
2018.01.29 03:15:51.365,1.41226,1.41234,1.12,1.20
2018.01.29 03:15:51.418,1.41227,1.41236,1.50,1.95
2018.01.29 03:15:51.883,1.41228,1.41236,1.00,1.39
2018.01.29 03:15:52.978,1.41228,1.41236,1.00,1.20
2018.01.29 03:15:54.026,1.41226,1.41236,3.38,2.51
2018.01.29 03:15:54.132,1.41226,1.41236,1.87,2.33
2018.01.29 03:15:54.341,1.41228,1.41236,1.31,1.10
2018.01.29 03:15:54.849,1.41228,1.41238,2.25,1.64
2018.01.29 03:15:55.257,1.41228,1.41238,2.25,2.08
2018.01.29 03:15:55.308,1.41228,1.41238,2.06,1.64
2018.01.29 03:15:55.613,1.41228,1.41238,2.25,2.08
2018.01.29 03:15:55.715,1.41228,1.41238,2.06,1.64
2018.01.29 03:15:56.252,1.41228,1.41237,2.63,1.01
2018.01.29 03:15:57.753,1.41229,1.41237,1.12,1.07
2018.01.29 03:16:02.302,1.41229,1.41238,1.12,1.01
2018.01.29 03:16:02.817,1.41229,1.41239,1.12,3.64
2018.01.29 03:16:03.808,1.41229,1.41237,1.31,1.00
2018.01.29 03:16:07.142,1.41229,1.41239,1.13,2.14
2018.01.29 03:16:07.670,1.41229,1.41239,1.00,2.14
2018.01.29 03:16:07.889,1.41229,1.41239,1.00,1.95
2018.01.29 03:16:08.438,1.41229,1.41239,1.00,1.39
2018.01.29 03:16:09.017,1.41229,1.41239,1.13,1.39
2018.01.29 03:16:09.519,1.41229,1.41239,1.13,1.39
2018.01.29 03:16:10.246,1.41229,1.41239,1.44,1.20
2018.01.29 03:16:10.374,1.41229,1.41239,1.25,1.01
2018.01.29 03:16:10.478,1.41231,1.4124,1.00,2.63
2018.01.29 03:16:10.583,1.41232,1.41243,2.25,1.95
2018.01.29 03:16:10.635,1.41234,1.41243,1.50,2.33
2018.01.29 03:16:10.689,1.41236,1.41246,2.06,2.06
2018.01.29 03:16:10.794,1.41239,1.41247,1.37,1.31
2018.01.29 03:16:10.847,1.41241,1.41249,1.00,1.95
2018.01.29 03:16:11.371,1.4124,1.4125,6.19,1.00
2018.01.29 03:16:12.823,1.41242,1.41251,2.44,1.87
2018.01.29 03:16:13.105,1.41242,1.41251,1.69,1.87
2018.01.29 03:16:13.209,1.41243,1.41251,1.50,2.62
2018.01.29 03:16:13.882,1.41243,1.41251,1.00,2.62
2018.01.29 03:16:15.261,1.41242,1.41251,1.50,1.00
2018.01.29 03:16:16.646,1.41242,1.41252,1.31,1.87
2018.01.29 03:16:17.158,1.41243,1.41251,1.00,1.44
2018.01.29 03:16:18.064,1.41242,1.41252,1.31,2.06
2018.01.29 03:16:18.888,1.41243,1.41253,1.88,1.12
2018.01.29 03:16:19.418,1.41244,1.41254,1.12,1.25
2018.01.29 03:16:20.173,1.41244,1.41255,1.12,1.25
2018.01.29 03:16:22.359,1.41244,1.41256,1.76,3.19
2018.01.29 03:16:23.268,1.41244,1.41256,3.64,3.56
2018.01.29 03:16:23.793,1.41244,1.41255,1.76,1.19
2018.01.29 03:16:24.141,1.41243,1.41252,1.31,2.25
2018.01.29 03:16:25.007,1.41243,1.41252,2.25,3.00
2018.01.29 03:16:25.508,1.41243,1.41251,1.87,1.50
2018.01.29 03:16:26.052,1.41242,1.41252,3.37,4.31
2018.01.29 03:16:26.571,1.41243,1.41251,1.00,1.44
2018.01.29 03:16:27.135,1.41242,1.41252,1.69,4.50
2018.01.29 03:16:27.623,1.41243,1.41252,1.69,2.25
2018.01.29 03:16:27.778,1.41244,1.41253,1.12,1.50
2018.01.29 03:16:27.832,1.41242,1.41252,2.70,1.69
2018.01.29 03:16:28.401,1.41242,1.41252,2.63,3.37
2018.01.29 03:16:28.954,1.41242,1.41252,2.06,2.44
2018.01.29 03:16:30.897,1.41243,1.41251,1.00,1.50
2018.01.29 03:16:31.476,1.41242,1.41252,1.31,5.44
2018.01.29 03:16:32.196,1.41242,1.41252,1.25,5.44
2018.01.29 03:16:32.715,1.41242,1.41252,1.25,4.69
2018.01.29 03:16:33.378,1.41242,1.41252,1.31,3.19
2018.01.29 03:16:33.975,1.41243,1.41251,1.00,1.37
2018.01.29 03:16:34.503,1.41242,1.41252,1.12,3.00
2018.01.29 03:16:35.020,1.41242,1.41252,1.12,3.00
2018.01.29 03:16:35.612,1.41243,1.41251,1.00,1.37
2018.01.29 03:16:35.664,1.41242,1.41252,1.31,2.06
2018.01.29 03:16:36.451,1.41242,1.41252,2.14,1.87
2018.01.29 03:16:36.993,1.41243,1.41252,2.63,1.00
2018.01.29 03:16:37.302,1.41244,1.41251,1.00,1.50
2018.01.29 03:16:37.803,1.41244,1.41251,1.00,1.50
2018.01.29 03:16:38.114,1.41243,1.4125,1.87,1.44
2018.01.29 03:16:39.698,1.41242,1.41251,2.81,1.44
2018.01.29 03:16:40.343,1.41242,1.41251,2.81,1.69
2018.01.29 03:16:41.033,1.41242,1.41251,2.81,1.87
2018.01.29 03:16:42.724,1.41242,1.41251,2.81,1.69
2018.01.29 03:16:44.636,1.41243,1.41251,2.06,1.37
2018.01.29 03:16:45.208,1.41242,1.41251,3.56,1.00
2018.01.29 03:16:45.982,1.41243,1.41251,2.44,2.06
2018.01.29 03:16:46.532,1.41242,1.41251,3.56,1.31
2018.01.29 03:16:47.145,1.41243,1.41251,1.69,2.25
2018.01.29 03:16:47.790,1.41242,1.41251,2.81,1.31
2018.01.29 03:16:49.798,1.41242,1.41252,2.62,3.56
2018.01.29 03:16:50.314,1.41243,1.41252,1.75,2.06
2018.01.29 03:16:51.421,1.41243,1.41252,3.19,3.00
2018.01.29 03:16:52.084,1.41243,1.41252,1.87,1.87
2018.01.29 03:16:52.587,1.41243,1.41252,3.19,2.62
2018.01.29 03:16:54.424,1.41243,1.41252,2.81,3.00
2018.01.29 03:16:55.309,1.41243,1.41252,1.87,1.31
2018.01.29 03:16:56.859,1.41243,1.41252,3.38,1.50
2018.01.29 03:17:00.431,1.41243,1.41251,1.50,1.37
2018.01.29 03:17:02.648,1.41241,1.4125,1.00,2.32
2018.01.29 03:17:02.753,1.41241,1.4125,1.00,1.57
2018.01.29 03:17:02.961,1.41239,1.41249,1.00,2.70
2018.01.29 03:17:03.013,1.41237,1.41247,1.31,1.31
2018.01.29 03:17:03.119,1.41239,1.41248,1.25,2.14
2018.01.29 03:17:03.648,1.41239,1.4125,1.31,3.64
2018.01.29 03:17:04.191,1.41239,1.4125,1.69,3.64
2018.01.29 03:17:08.758,1.41239,1.4125,2.25,2.14
2018.01.29 03:17:09.259,1.41239,1.41249,3.19,1.07
2018.01.29 03:17:09.785,1.41239,1.4125,2.25,2.32
2018.01.29 03:17:10.578,1.41239,1.41249,3.19,1.07
2018.01.29 03:17:11.087,1.41239,1.4125,2.25,2.70
2018.01.29 03:17:11.937,1.41239,1.4125,1.88,2.70
2018.01.29 03:17:12.484,1.41239,1.41249,1.88,1.07
2018.01.29 03:17:13.523,1.41239,1.4125,1.69,2.70
2018.01.29 03:17:14.600,1.41239,1.41249,1.69,1.01
2018.01.29 03:17:17.082,1.41239,1.4125,1.88,3.07
2018.01.29 03:17:17.589,1.41239,1.4125,2.81,4.20
2018.01.29 03:17:20.172,1.41239,1.4125,2.06,2.89
2018.01.29 03:17:23.561,1.41239,1.41249,3.19,1.20
2018.01.29 03:17:24.339,1.41239,1.4125,1.69,3.45
2018.01.29 03:17:25.303,1.41239,1.4125,1.50,3.64
2018.01.29 03:17:26.971,1.4124,1.41249,1.00,2.51
2018.01.29 03:17:27.559,1.4124,1.41249,1.00,1.32
2018.01.29 03:17:28.946,1.41239,1.4125,1.87,2.32
2018.01.29 03:17:29.452,1.41239,1.4125,1.87,2.32
2018.01.29 03:17:34.762,1.41239,1.41249,1.87,2.08
2018.01.29 03:17:35.285,1.4124,1.41248,1.00,1.01
2018.01.29 03:17:35.502,1.4124,1.41249,1.00,4.01
2018.01.29 03:17:36.212,1.41239,1.41248,1.87,1.45
2018.01.29 03:17:36.756,1.41239,1.41249,1.87,2.70
2018.01.29 03:17:38.311,1.41239,1.41248,1.87,1.45
2018.01.29 03:17:40.510,1.41239,1.41249,1.87,2.70
2018.01.29 03:17:41.969,1.41239,1.41247,1.00,2.06
2018.01.29 03:17:42.087,1.41236,1.41244,1.00,2.32
2018.01.29 03:17:42.396,1.41235,1.41244,1.37,1.58
2018.01.29 03:17:42.926,1.41235,1.41244,1.62,1.58
2018.01.29 03:17:44.429,1.41235,1.41244,1.62,1.58
2018.01.29 03:17:45.057,1.41234,1.41244,2.81,1.58
2018.01.29 03:17:45.971,1.41234,1.41244,3.00,1.58
2018.01.29 03:17:47.374,1.41235,1.41244,1.50,1.20
2018.01.29 03:17:48.148,1.41235,1.41244,1.69,1.76
2018.01.29 03:17:48.810,1.41235,1.41244,1.50,1.58
2018.01.29 03:17:52.094,1.41235,1.41244,1.69,1.58
2018.01.29 03:17:52.596,1.41235,1.41244,1.50,1.39
2018.01.29 03:17:52.856,1.41237,1.41245,1.62,1.51
2018.01.29 03:17:53.277,1.41238,1.41246,1.00,1.10
2018.01.29 03:17:54.378,1.41238,1.41248,1.00,2.89
2018.01.29 03:17:54.895,1.41238,1.41248,2.44,2.33
2018.01.29 03:17:55.409,1.41238,1.41248,1.50,2.51
2018.01.29 03:17:56.087,1.41238,1.41248,1.50,1.95
2018.01.29 03:17:56.600,1.41238,1.41247,1.12,1.10
2018.01.29 03:17:57.116,1.41238,1.41247,1.87,1.10
2018.01.29 03:17:57.374,1.41238,1.41248,1.87,2.33
2018.01.29 03:17:57.669,1.41238,1.41248,1.50,1.95
2018.01.29 03:17:57.722,1.41238,1.41248,2.44,2.89
2018.01.29 03:17:58.263,1.41238,1.41248,1.87,1.58
2018.01.29 03:17:58.894,1.41238,1.41248,2.81,2.51
2018.01.29 03:17:58.997,1.41238,1.41248,1.87,1.39
2018.01.29 03:17:59.533,1.41238,1.41249,2.25,2.32
2018.01.29 03:18:00.083,1.41238,1.41249,2.62,3.26
2018.01.29 03:18:01.787,1.41238,1.41247,1.87,1.01
2018.01.29 03:18:03.019,1.41238,1.41248,2.06,2.14
2018.01.29 03:18:03.839,1.41238,1.41248,2.06,1.76
2018.01.29 03:18:08.546,1.41238,1.41249,2.44,1.57
2018.01.29 03:18:09.658,1.41238,1.41249,2.44,1.70
2018.01.29 03:18:20.649,1.41239,1.4125,1.12,3.82
2018.01.29 03:18:21.164,1.41239,1.4125,2.06,4.57
2018.01.29 03:18:23.905,1.41239,1.4125,1.12,3.64
2018.01.29 03:18:24.345,1.41239,1.4125,1.12,4.01
2018.01.29 03:18:25.527,1.41239,1.4125,1.12,3.94
2018.01.29 03:18:27.835,1.41239,1.4125,1.12,5.44
2018.01.29 03:18:28.446,1.41239,1.4125,1.12,3.94
2018.01.29 03:18:29.800,1.41239,1.4125,2.06,5.06
2018.01.29 03:18:30.191,1.4124,1.4125,1.00,3.45
2018.01.29 03:18:30.364,1.4124,1.4125,2.06,3.26
2018.01.29 03:18:31.674,1.4124,1.4125,5.25,1.69
2018.01.29 03:18:32.439,1.4124,1.41251,3.19,3.19
2018.01.29 03:18:32.751,1.41249,1.41257,2.81,1.13
2018.01.29 03:18:33.318,1.41249,1.41257,2.06,1.25
2018.01.29 03:18:33.984,1.41249,1.4126,1.87,1.69
2018.01.29 03:18:34.501,1.41249,1.4126,2.06,2.25
2018.01.29 03:18:35.029,1.4125,1.41261,2.81,2.06
2018.01.29 03:18:35.547,1.41258,1.41264,1.50,2.51
2018.01.29 03:18:35.600,1.41259,1.41268,2.25,3.34
2018.01.29 03:18:35.704,1.41259,1.41269,1.12,2.63
2018.01.29 03:18:36.368,1.41259,1.41269,2.62,2.06
2018.01.29 03:18:37.626,1.41259,1.41268,5.06,1.13
2018.01.29 03:18:40.489,1.41259,1.41268,5.06,1.38
2018.01.29 03:18:41.013,1.41259,1.41269,4.12,1.44
2018.01.29 03:18:41.583,1.41259,1.41268,3.19,1.44
2018.01.29 03:18:42.372,1.41259,1.41269,2.25,1.44
2018.01.29 03:18:42.938,1.41259,1.4127,1.69,2.44
2018.01.29 03:18:44.182,1.41259,1.41269,1.87,1.63
2018.01.29 03:18:44.783,1.41259,1.4127,1.50,2.44
2018.01.29 03:18:45.340,1.4126,1.4127,1.00,2.25
2018.01.29 03:18:45.895,1.4126,1.4127,1.00,2.06
2018.01.29 03:18:46.703,1.4126,1.41269,2.06,1.25
2018.01.29 03:18:47.363,1.4126,1.4127,1.00,2.06
2018.01.29 03:18:47.416,1.41261,1.4127,1.75,2.06
2018.01.29 03:18:47.468,1.41261,1.4127,2.62,1.50
2018.01.29 03:18:47.521,1.41262,1.4127,1.57,1.00
2018.01.29 03:18:48.308,1.41263,1.4127,1.44,1.00
2018.01.29 03:18:48.828,1.41263,1.4127,1.25,1.00
2018.01.29 03:18:50.077,1.41263,1.4127,1.19,1.00
2018.01.29 03:18:50.335,1.41268,1.41276,1.00,2.32
2018.01.29 03:18:50.441,1.4127,1.41277,1.50,1.00
2018.01.29 03:18:50.493,1.41271,1.4128,4.87,1.00
2018.01.29 03:18:51.038,1.41272,1.4128,1.00,1.00
2018.01.29 03:18:51.599,1.41271,1.4128,2.44,1.00
2018.01.29 03:18:52.132,1.41271,1.4128,3.00,1.00
2018.01.29 03:18:52.186,1.41276,1.41286,4.12,2.06
2018.01.29 03:18:52.239,1.41276,1.41283,1.00,1.12
2018.01.29 03:18:52.397,1.41272,1.41283,2.62,2.89
2018.01.29 03:18:54.707,1.41272,1.41282,1.62,2.00
2018.01.29 03:18:54.875,1.41273,1.41284,2.25,2.89
2018.01.29 03:18:55.465,1.41273,1.41284,2.62,2.70
2018.01.29 03:18:55.978,1.41274,1.41284,1.12,2.25
2018.01.29 03:18:56.331,1.41274,1.41284,1.57,2.25
2018.01.29 03:18:56.387,1.41277,1.41285,1.00,1.12
2018.01.29 03:18:56.496,1.41277,1.41287,2.62,1.39
2018.01.29 03:18:56.547,1.41279,1.41287,1.37,1.00
2018.01.29 03:18:57.007,1.41281,1.4129,2.25,1.00
2018.01.29 03:18:57.526,1.4128,1.41291,2.32,1.69
2018.01.29 03:18:58.062,1.41281,1.4129,1.31,1.00
2018.01.29 03:18:58.573,1.4128,1.41291,2.70,1.50
2018.01.29 03:18:59.166,1.41281,1.4129,1.31,1.00
2018.01.29 03:18:59.780,1.4128,1.41291,2.51,1.50
2018.01.29 03:19:00.692,1.41281,1.4129,1.31,1.00
2018.01.29 03:19:01.246,1.41281,1.41291,1.00,1.69
2018.01.29 03:19:01.873,1.41281,1.41291,1.44,1.69
2018.01.29 03:19:02.377,1.41281,1.41291,1.13,1.69
2018.01.29 03:19:02.553,1.41281,1.4129,1.88,1.00
2018.01.29 03:19:02.605,1.41281,1.41291,1.25,1.69
2018.01.29 03:19:03.429,1.41281,1.41291,1.19,1.69
2018.01.29 03:19:03.968,1.41281,1.41291,1.25,1.69
2018.01.29 03:19:04.332,1.41281,1.4129,1.88,1.00
2018.01.29 03:19:04.473,1.41281,1.41291,1.25,1.69
2018.01.29 03:19:04.675,1.41281,1.4129,1.88,1.00
2018.01.29 03:19:05.033,1.41281,1.41291,1.13,1.69
2018.01.29 03:19:05.159,1.41281,1.4129,1.88,1.00
2018.01.29 03:19:05.211,1.41281,1.41291,1.13,1.69
2018.01.29 03:19:05.341,1.41281,1.4129,1.88,1.00
2018.01.29 03:19:05.518,1.41281,1.41291,1.25,1.69
2018.01.29 03:19:05.732,1.41281,1.4129,1.88,1.00
2018.01.29 03:19:05.865,1.41281,1.41291,1.25,1.69
2018.01.29 03:19:06.071,1.41281,1.4129,1.50,1.00
2018.01.29 03:19:06.205,1.4128,1.41291,3.75,1.69
2018.01.29 03:19:06.671,1.41281,1.4129,2.25,1.00
2018.01.29 03:19:06.727,1.41281,1.41291,1.31,1.50
2018.01.29 03:19:07.425,1.41281,1.41291,1.31,1.50
2018.01.29 03:19:08.132,1.41281,1.41291,1.31,1.50
2018.01.29 03:19:08.520,1.41281,1.4129,2.25,1.00
2018.01.29 03:19:09.129,1.41281,1.4129,2.25,1.00
2018.01.29 03:19:09.453,1.41283,1.41291,1.88,1.00
2018.01.29 03:19:09.981,1.41284,1.41293,1.13,1.31
2018.01.29 03:19:10.647,1.41284,1.41293,1.88,3.00
2018.01.29 03:19:11.195,1.41284,1.41293,1.50,3.00
2018.01.29 03:19:11.616,1.41283,1.41293,2.63,1.50
2018.01.29 03:19:12.138,1.41284,1.41293,1.13,2.14
2018.01.29 03:19:15.054,1.41284,1.41292,1.88,1.10
2018.01.29 03:19:15.573,1.41284,1.41293,1.13,1.95
2018.01.29 03:19:16.087,1.41283,1.41292,2.63,1.10
2018.01.29 03:19:16.626,1.41283,1.41293,1.88,2.14
2018.01.29 03:19:17.330,1.41283,1.41293,1.50,1.95
2018.01.29 03:19:17.853,1.41283,1.41293,1.50,1.95
2018.01.29 03:19:18.006,1.41283,1.41292,2.25,1.20
2018.01.29 03:19:18.557,1.41283,1.41293,1.50,1.95
2018.01.29 03:19:18.609,1.41283,1.41292,3.38,1.20
2018.01.29 03:19:19.100,1.41283,1.41293,2.06,2.14
2018.01.29 03:19:19.641,1.41283,1.41293,2.06,2.14
2018.01.29 03:19:19.744,1.41283,1.41292,5.44,1.10
2018.01.29 03:19:20.481,1.41283,1.41292,4.50,1.20
2018.01.29 03:19:21.538,1.41283,1.41293,3.75,1.95
2018.01.29 03:19:22.041,1.41283,1.41292,2.81,1.00
2018.01.29 03:19:22.315,1.41283,1.41293,3.94,1.69
2018.01.29 03:19:22.367,1.41283,1.41292,4.31,1.00
2018.01.29 03:19:22.829,1.41289,1.41297,1.12,1.07
2018.01.29 03:19:22.882,1.41291,1.41298,1.00,1.25
2018.01.29 03:19:23.601,1.41291,1.413,3.56,1.31
2018.01.29 03:19:24.678,1.41291,1.413,1.00,1.19
2018.01.29 03:19:25.206,1.41291,1.41301,1.19,1.69
2018.01.29 03:19:25.762,1.41291,1.41302,1.13,2.33
2018.01.29 03:19:26.342,1.41291,1.413,1.00,1.33
2018.01.29 03:19:26.854,1.41291,1.41302,1.44,3.45
2018.01.29 03:19:27.355,1.41291,1.41302,1.69,2.25
2018.01.29 03:19:28.108,1.41291,1.41302,1.50,2.25
2018.01.29 03:19:28.921,1.41291,1.41302,1.50,2.70
2018.01.29 03:19:29.444,1.41291,1.41302,2.25,2.74
2018.01.29 03:19:29.925,1.41291,1.41302,2.25,2.55
2018.01.29 03:19:29.977,1.41291,1.41302,2.25,2.55
2018.01.29 03:19:30.500,1.41291,1.41302,1.50,2.14
2018.01.29 03:19:31.016,1.41291,1.41302,1.50,3.11
2018.01.29 03:19:31.709,1.41291,1.41302,1.50,2.51
2018.01.29 03:19:32.350,1.41291,1.41302,1.50,2.51
2018.01.29 03:19:32.928,1.41291,1.41301,1.31,1.01
2018.01.29 03:19:33.511,1.41291,1.413,1.00,1.39
2018.01.29 03:19:35.702,1.41291,1.41301,1.56,1.58
2018.01.29 03:19:36.278,1.41292,1.41302,1.63,1.76
2018.01.29 03:19:36.820,1.41292,1.41302,1.23,1.76
2018.01.29 03:19:37.113,1.41302,1.4131,1.00,1.69
2018.01.29 03:19:37.270,1.41303,1.41312,1.98,1.69
2018.01.29 03:19:37.800,1.41304,1.41313,4.04,1.12
2018.01.29 03:19:38.529,1.41309,1.41317,4.31,1.37
2018.01.29 03:19:38.582,1.41311,1.41318,1.44,1.50
2018.01.29 03:19:38.839,1.41311,1.41319,1.50,1.00
2018.01.29 03:19:39.011,1.41313,1.41321,1.25,1.50
2018.01.29 03:19:39.524,1.41314,1.41322,1.00,1.31
2018.01.29 03:19:40.044,1.41314,1.41321,1.31,1.00
2018.01.29 03:19:40.559,1.41314,1.41322,1.25,1.00
2018.01.29 03:19:41.007,1.41314,1.4132,2.06,1.00
2018.01.29 03:19:41.216,1.41312,1.4132,1.23,1.00
2018.01.29 03:19:41.811,1.41312,1.4132,1.23,1.00
2018.01.29 03:19:42.346,1.41312,1.4132,1.10,1.00
2018.01.29 03:19:42.863,1.41311,1.4132,1.98,1.00
2018.01.29 03:19:43.655,1.41312,1.4132,2.92,1.00
2018.01.29 03:19:43.822,1.41312,1.4132,2.17,1.00
2018.01.29 03:19:43.978,1.41312,1.41321,1.98,1.50
2018.01.29 03:19:44.507,1.41313,1.4132,1.10,1.00
2018.01.29 03:19:45.098,1.41312,1.41321,1.98,1.50
2018.01.29 03:19:45.683,1.41312,1.4132,1.04,1.00
2018.01.29 03:19:46.218,1.41312,1.41321,1.10,1.50
2018.01.29 03:19:47.479,1.41312,1.4132,1.04,1.00
2018.01.29 03:19:48.187,1.41312,1.41321,1.36,1.50
2018.01.29 03:19:49.224,1.41311,1.41321,1.36,1.50
2018.01.29 03:19:49.277,1.41311,1.41319,1.79,1.00
2018.01.29 03:19:49.593,1.41309,1.41318,2.06,1.00
2018.01.29 03:19:49.907,1.4131,1.41316,1.50,1.00
2018.01.29 03:19:50.039,1.41309,1.41319,1.88,1.50
2018.01.29 03:19:50.665,1.41309,1.41319,3.75,1.50
2018.01.29 03:19:51.284,1.4131,1.41318,1.63,1.00
2018.01.29 03:19:51.823,1.41309,1.41319,3.64,1.00
2018.01.29 03:19:52.333,1.4131,1.41318,1.00,1.00
2018.01.29 03:19:52.386,1.4131,1.4132,3.00,1.50
2018.01.29 03:19:52.494,1.4131,1.41318,1.00,1.00
2018.01.29 03:19:53.542,1.4131,1.41318,2.25,1.00
2018.01.29 03:19:54.318,1.4131,1.41318,1.25,1.00
2018.01.29 03:19:55.042,1.4131,1.41318,1.50,1.00
2018.01.29 03:19:56.285,1.4131,1.41318,1.25,1.00
2018.01.29 03:20:01.120,1.4131,1.41319,1.00,1.00
2018.01.29 03:20:05.297,1.4131,1.41317,1.12,1.00
2018.01.29 03:20:05.814,1.41309,1.41319,1.12,1.87
2018.01.29 03:20:06.318,1.41308,1.41317,2.89,1.69
2018.01.29 03:20:06.630,1.41304,1.41312,1.69,1.50
2018.01.29 03:20:07.152,1.41304,1.41313,1.50,1.50
2018.01.29 03:20:07.719,1.41304,1.41314,1.37,3.19
2018.01.29 03:20:09.170,1.41304,1.41313,3.53,1.69
2018.01.29 03:20:09.718,1.41304,1.41314,1.50,2.81
2018.01.29 03:20:10.220,1.41304,1.41313,3.37,1.69
2018.01.29 03:20:10.987,1.41304,1.41314,1.50,2.25
2018.01.29 03:20:11.799,1.41304,1.41314,1.37,2.81
2018.01.29 03:20:12.138,1.41307,1.41314,1.00,2.44
2018.01.29 03:20:12.462,1.41304,1.41312,1.87,1.25
2018.01.29 03:20:13.136,1.41304,1.41313,1.00,1.25
2018.01.29 03:20:16.955,1.41304,1.41312,2.25,1.00
2018.01.29 03:20:17.499,1.41304,1.41313,1.12,1.25
2018.01.29 03:20:18.669,1.41302,1.41312,1.25,1.00
2018.01.29 03:20:19.240,1.41302,1.41312,1.38,1.00
2018.01.29 03:20:20.008,1.41302,1.41312,1.38,1.50
2018.01.29 03:20:20.366,1.41305,1.41311,1.44,1.00
2018.01.29 03:20:22.286,1.41305,1.41311,1.13,1.00
2018.01.29 03:20:23.110,1.41305,1.41311,1.38,1.00
2018.01.29 03:20:23.654,1.41305,1.41312,1.00,1.50
2018.01.29 03:20:34.920,1.41307,1.41313,1.00,1.50
2018.01.29 03:20:34.973,1.41305,1.41314,1.50,1.69
2018.01.29 03:20:35.589,1.41305,1.41314,1.69,1.69
2018.01.29 03:20:38.719,1.41305,1.41314,1.50,1.87
2018.01.29 03:20:40.331,1.41305,1.41311,1.00,1.00
2018.01.29 03:20:40.589,1.41303,1.4131,1.50,1.25
2018.01.29 03:20:41.240,1.41303,1.41311,1.50,1.25
2018.01.29 03:20:45.323,1.41303,1.4131,1.50,1.25
2018.01.29 03:20:45.864,1.41303,1.41311,1.50,1.31
2018.01.29 03:20:48.539,1.41303,1.4131,1.50,1.00
2018.01.29 03:20:48.650,1.41303,1.41312,1.88,1.00
2018.01.29 03:20:48.807,1.41307,1.41315,1.25,1.39
2018.01.29 03:20:48.945,1.4131,1.41317,1.50,1.00
2018.01.29 03:20:49.487,1.4131,1.41316,1.69,1.00
2018.01.29 03:20:51.252,1.4131,1.41317,1.50,1.12
2018.01.29 03:20:53.248,1.4131,1.41316,1.69,1.00
2018.01.29 03:20:53.300,1.41311,1.4132,1.50,1.39
2018.01.29 03:20:53.353,1.41311,1.41318,1.00,1.50
2018.01.29 03:20:56.946,1.41311,1.41316,1.00,1.00
2018.01.29 03:20:57.638,1.41311,1.41317,1.00,1.00
2018.01.29 03:20:58.641,1.41311,1.41316,1.00,1.00
2018.01.29 03:20:59.287,1.4131,1.41316,1.00,1.00
2018.01.29 03:20:59.822,1.41309,1.41317,1.50,1.12
2018.01.29 03:21:00.398,1.41309,1.41316,1.50,1.00
2018.01.29 03:21:00.984,1.41309,1.41317,1.50,1.12
2018.01.29 03:21:01.664,1.41309,1.41316,1.50,1.00
2018.01.29 03:21:02.421,1.41309,1.41317,1.50,1.12
2018.01.29 03:21:04.555,1.41309,1.41316,1.50,1.00
2018.01.29 03:21:05.661,1.41309,1.41317,1.50,1.31
2018.01.29 03:21:06.170,1.41309,1.41317,1.50,1.69
2018.01.29 03:21:06.918,1.41309,1.41317,1.50,1.25
2018.01.29 03:21:08.036,1.41309,1.41316,1.50,1.25
2018.01.29 03:21:08.608,1.41309,1.41317,1.50,1.31
2018.01.29 03:21:09.388,1.41309,1.41316,1.50,1.25
2018.01.29 03:21:09.897,1.41309,1.41317,1.50,1.31
2018.01.29 03:21:10.540,1.41309,1.41316,1.50,1.25
2018.01.29 03:21:11.084,1.41309,1.41317,1.50,1.50
2018.01.29 03:21:12.172,1.41309,1.41316,1.50,1.25
2018.01.29 03:21:12.688,1.41309,1.41317,1.50,1.69
2018.01.29 03:21:13.206,1.41309,1.41317,1.50,2.06
2018.01.29 03:21:13.523,1.41306,1.41313,1.00,1.31
2018.01.29 03:21:13.835,1.41305,1.41309,1.00,1.00
2018.01.29 03:21:13.941,1.41303,1.41309,1.50,1.00
2018.01.29 03:21:14.304,1.41303,1.41311,1.50,1.10
2018.01.29 03:21:15.790,1.41303,1.4131,1.50,1.00
2018.01.29 03:21:16.313,1.41303,1.4131,1.50,1.19
2018.01.29 03:21:16.839,1.41303,1.41311,1.50,1.31
2018.01.29 03:21:17.538,1.41303,1.4131,1.50,1.19
2018.01.29 03:21:17.695,1.41303,1.41311,1.50,1.88
2018.01.29 03:21:18.229,1.41303,1.41311,1.50,1.88
2018.01.29 03:21:18.281,1.41303,1.41311,1.50,1.25
2018.01.29 03:21:18.436,1.41303,1.4131,1.00,1.44
2018.01.29 03:21:19.285,1.41303,1.41311,1.00,4.13
2018.01.29 03:21:19.807,1.41303,1.41309,1.00,1.00
2018.01.29 03:21:21.356,1.41304,1.41311,1.00,3.07
2018.01.29 03:21:22.988,1.41304,1.41312,1.00,1.95
2018.01.29 03:21:23.222,1.41303,1.41305,1.00,1.00
2018.01.29 03:21:23.387,1.41294,1.41302,1.69,1.69
2018.01.29 03:21:23.934,1.41293,1.41302,1.76,2.06
2018.01.29 03:21:24.260,1.41297,1.41306,2.32,2.62
2018.01.29 03:21:24.580,1.41302,1.4131,1.95,1.00
2018.01.29 03:21:24.940,1.41304,1.41311,1.20,1.00
2018.01.29 03:21:25.247,1.41299,1.41306,1.01,1.87
2018.01.29 03:21:25.405,1.41295,1.41303,1.45,1.50
2018.01.29 03:21:25.706,1.41295,1.41301,2.32,1.00
2018.01.29 03:21:26.281,1.41297,1.41301,1.00,1.00
2018.01.29 03:21:26.385,1.41297,1.41303,1.00,1.00
2018.01.29 03:21:27.058,1.41301,1.41309,1.00,2.44
2018.01.29 03:21:27.120,1.41301,1.4131,1.12,2.25
2018.01.29 03:21:27.223,1.413,1.4131,1.20,1.13
2018.01.29 03:21:27.840,1.413,1.4131,2.51,1.63
2018.01.29 03:21:28.423,1.413,1.4131,1.57,1.31
2018.01.29 03:21:29.247,1.41303,1.4131,1.00,1.13
2018.01.29 03:21:29.768,1.41303,1.4131,1.00,1.50
2018.01.29 03:21:30.304,1.41303,1.4131,1.00,1.25
2018.01.29 03:21:31.937,1.41303,1.4131,1.00,1.88
2018.01.29 03:21:32.571,1.41302,1.4131,1.00,1.50
2018.01.29 03:21:42.375,1.41302,1.4131,1.00,2.00
2018.01.29 03:21:43.076,1.41302,1.4131,1.00,1.50
2018.01.29 03:21:44.664,1.413,1.41308,1.00,1.31
2018.01.29 03:21:45.427,1.413,1.41308,1.00,1.00
2018.01.29 03:21:47.588,1.413,1.41309,1.00,3.64
2018.01.29 03:21:48.338,1.41299,1.41307,1.50,1.00
2018.01.29 03:21:51.267,1.41297,1.41302,1.87,1.00
2018.01.29 03:21:51.320,1.41295,1.41302,1.00,3.19
2018.01.29 03:21:51.530,1.41294,1.41297,1.00,1.00
2018.01.29 03:21:51.686,1.41291,1.41296,3.75,1.00
2018.01.29 03:21:52.220,1.41291,1.41297,1.31,1.25
2018.01.29 03:21:52.324,1.41291,1.41299,1.00,1.31
2018.01.29 03:21:52.866,1.41291,1.41298,1.00,1.25
2018.01.29 03:21:52.970,1.41287,1.41293,1.37,1.69
2018.01.29 03:21:53.023,1.41286,1.41293,1.12,1.31
2018.01.29 03:21:53.132,1.41284,1.41291,1.66,1.69
2018.01.29 03:21:53.184,1.41278,1.41288,2.06,1.31
2018.01.29 03:21:53.701,1.41279,1.41288,1.31,2.51
2018.01.29 03:21:54.216,1.41279,1.41288,2.25,4.01
2018.01.29 03:21:54.741,1.41278,1.41288,3.75,1.00
2018.01.29 03:21:55.308,1.41279,1.41288,2.44,1.50
2018.01.29 03:21:58.888,1.41278,1.41289,3.94,2.25
2018.01.29 03:21:59.634,1.41279,1.41288,2.44,1.25
2018.01.29 03:22:00.921,1.41282,1.41289,1.12,2.44
2018.01.29 03:22:01.130,1.41286,1.41295,1.44,1.10
2018.01.29 03:22:01.601,1.41286,1.41295,2.44,1.00
2018.01.29 03:22:02.325,1.41286,1.41296,3.26,1.00
2018.01.29 03:22:03.049,1.41288,1.41297,1.10,1.69
2018.01.29 03:22:03.397,1.4129,1.41298,1.70,1.00
2018.01.29 03:22:03.605,1.4129,1.413,1.01,1.69
2018.01.29 03:22:05.127,1.4129,1.41301,1.58,2.06
2018.01.29 03:22:05.630,1.4129,1.41301,3.08,2.06
2018.01.29 03:22:08.288,1.41291,1.41301,1.20,2.06
2018.01.29 03:22:08.789,1.4129,1.41301,2.33,1.88
2018.01.29 03:22:09.782,1.4129,1.41301,4.58,2.44
2018.01.29 03:22:10.296,1.4129,1.41301,4.58,2.25
2018.01.29 03:22:12.627,1.41291,1.41301,1.08,2.25
2018.01.29 03:22:13.238,1.4129,1.41301,5.33,2.44
2018.01.29 03:22:16.204,1.4129,1.41301,3.83,2.25
2018.01.29 03:22:16.971,1.4129,1.41301,4.58,2.06
2018.01.29 03:22:17.528,1.4129,1.41301,4.39,2.06
2018.01.29 03:22:18.433,1.4129,1.41301,4.39,2.06
2018.01.29 03:22:20.834,1.4129,1.41301,5.14,2.25
