2009.10.13 02:00:00.789,1.57775,1.57785,1.00,1.00
2009.10.13 02:00:01.019,1.57755,1.5776,2.60,4.80
2009.10.13 02:00:01.189,1.5775,1.5776,1.10,7.90
2009.10.13 02:00:01.359,1.57755,1.5776,1.00,2.50
2009.10.13 02:00:01.889,1.57755,1.5776,1.00,1.00
2009.10.13 02:00:02.398,1.5775,1.57755,1.00,1.00
2009.10.13 02:00:02.809,1.5775,1.57755,1.00,1.00
2009.10.13 02:00:03.148,1.57755,1.5776,1.00,5.10
2009.10.13 02:00:03.488,1.57755,1.5776,1.00,5.00
2009.10.13 02:00:03.668,1.57755,1.5776,1.00,1.00
2009.10.13 02:00:04.078,1.57745,1.5775,1.00,1.00
2009.10.13 02:00:04.258,1.57745,1.5775,1.00,2.50
2009.10.13 02:00:04.828,1.5773,1.5774,1.00,4.00
2009.10.13 02:00:05.008,1.5772,1.57735,2.60,6.50
2009.10.13 02:00:06.598,1.5769,1.57725,5.90,1.00
2009.10.13 02:00:06.777,1.57725,1.5773,1.00,2.45
2009.10.13 02:00:07.297,1.5772,1.57725,1.00,1.00
2009.10.13 02:00:07.647,1.5772,1.5773,1.00,3.20
2009.10.13 02:00:08.057,1.57735,1.5774,1.00,12.30
2009.10.13 02:00:08.177,1.5773,1.5774,1.00,10.00
2009.10.13 02:00:08.297,1.5773,1.57735,1.00,3.60
2009.10.13 02:00:08.407,1.57735,1.5774,1.00,1.20
2009.10.13 02:00:08.517,1.57735,1.5774,1.00,1.00
2009.10.13 02:00:09.627,1.5772,1.5774,1.10,1.00
2009.10.13 02:00:09.977,1.57715,1.5774,8.70,1.00
2009.10.13 02:00:10.337,1.57715,1.57745,9.50,4.00
2009.10.13 02:00:10.556,1.57715,1.57745,9.40,3.60
2009.10.13 02:00:10.736,1.5772,1.57745,2.90,1.00
2009.10.13 02:00:10.907,1.5772,1.57735,2.90,1.00
2009.10.13 02:00:11.366,1.5772,1.57735,3.20,1.00
2009.10.13 02:00:11.716,1.5772,1.5774,3.20,1.00
2009.10.13 02:00:12.056,1.5772,1.5774,1.00,1.00
2009.10.13 02:00:15.785,1.5772,1.5774,3.20,1.00
2009.10.13 02:00:16.065,1.5772,1.5774,4.80,1.00
2009.10.13 02:00:16.745,1.5773,1.5775,1.00,2.90
2009.10.13 02:00:17.095,1.57725,1.57745,1.00,1.00
2009.10.13 02:00:17.505,1.57725,1.5775,1.20,3.00
2009.10.13 02:00:17.915,1.5773,1.5775,1.00,1.00
2009.10.13 02:00:18.205,1.5773,1.5775,1.00,1.00
2009.10.13 02:00:18.495,1.5773,1.5775,1.00,2.90
2009.10.13 02:00:20.194,1.5773,1.5775,1.00,1.00
2009.10.13 02:00:22.873,1.5773,1.5775,1.00,1.00
2009.10.13 02:00:27.862,1.5772,1.57745,3.00,3.00
2009.10.13 02:00:28.262,1.57715,1.57735,7.40,1.00
2009.10.13 02:00:28.442,1.57715,1.57735,7.30,1.00
2009.10.13 02:00:34.111,1.5772,1.57735,1.00,1.00
2009.10.13 02:00:39.589,1.5772,1.57735,1.00,1.00
2009.10.13 02:00:43.049,1.5772,1.57735,2.80,1.00
2009.10.13 02:00:43.229,1.5772,1.57735,5.20,1.00
2009.10.13 02:00:43.768,1.5772,1.57735,6.00,1.00
2009.10.13 02:00:53.816,1.5772,1.5774,6.00,1.00
2009.10.13 02:01:00.454,1.5772,1.5774,6.00,1.00
2009.10.13 02:01:16.821,1.5772,1.5774,5.60,1.00
2009.10.13 02:01:22.109,1.5772,1.5774,5.60,1.00
2009.10.13 02:01:41.644,1.5772,1.5774,5.50,1.00
2009.10.13 02:01:43.414,1.5772,1.5774,3.10,1.00
2009.10.13 02:01:45.634,1.5772,1.5774,1.00,1.00
2009.10.13 02:01:47.253,1.57735,1.5774,1.00,1.00
2009.10.13 02:01:47.423,1.5774,1.57755,1.00,2.90
2009.10.13 02:01:47.643,1.5773,1.57745,2.40,1.00
2009.10.13 02:01:47.813,1.57725,1.57745,7.10,1.00
2009.10.13 02:01:48.463,1.57725,1.57745,7.30,1.00
2009.10.13 02:01:48.943,1.57725,1.57745,11.30,1.00
2009.10.13 02:01:49.063,1.57735,1.57745,2.40,1.00
2009.10.13 02:01:49.113,1.57735,1.57755,3.20,4.70
2009.10.13 02:01:49.223,1.5775,1.57755,1.00,1.60
2009.10.13 02:01:49.683,1.5774,1.57755,2.40,1.00
2009.10.13 02:01:50.033,1.57735,1.57755,5.60,1.00
2009.10.13 02:01:50.383,1.5774,1.5776,1.00,1.00
2009.10.13 02:01:50.622,1.5774,1.57755,2.40,1.00
2009.10.13 02:01:50.852,1.5774,1.5776,3.20,1.00
2009.10.13 02:01:51.382,1.5774,1.57755,2.40,1.00
2009.10.13 02:01:51.442,1.57735,1.57755,5.60,1.00
2009.10.13 02:01:52.192,1.5774,1.5776,3.20,1.00
2009.10.13 02:01:53.502,1.57745,1.57765,1.00,2.70
2009.10.13 02:01:53.962,1.5775,1.57765,1.00,2.70
2009.10.13 02:01:57.141,1.57745,1.57765,1.00,2.70
2009.10.13 02:01:57.261,1.57745,1.57765,1.00,2.70
2009.10.13 02:01:57.841,1.57745,1.57765,1.00,2.30
2009.10.13 02:02:00.710,1.57745,1.57765,1.00,2.70
2009.10.13 02:02:03.100,1.5774,1.5776,2.60,1.00
2009.10.13 02:02:03.450,1.57735,1.57755,2.60,1.00
2009.10.13 02:02:03.569,1.5773,1.5775,2.60,1.00
2009.10.13 02:02:03.740,1.5773,1.5775,1.00,1.00
2009.10.13 02:02:04.269,1.57735,1.57755,1.00,1.10
2009.10.13 02:02:05.319,1.5773,1.5775,2.60,1.00
2009.10.13 02:02:08.288,1.5773,1.5775,3.20,2.30
2009.10.13 02:02:09.198,1.5773,1.57745,2.40,1.00
2009.10.13 02:02:09.548,1.57725,1.57745,4.00,1.00
2009.10.13 02:02:09.718,1.5773,1.57745,1.00,1.00
2009.10.13 02:02:09.888,1.5773,1.57745,2.40,1.10
2009.10.13 02:02:10.068,1.57725,1.57745,4.00,1.10
2009.10.13 02:02:10.298,1.5773,1.57745,3.20,1.00
2009.10.13 02:02:10.647,1.57725,1.5774,2.40,1.00
2009.10.13 02:02:11.677,1.57725,1.5774,4.80,1.00
2009.10.13 02:02:11.847,1.57725,1.57745,7.90,1.00
2009.10.13 02:02:11.967,1.5773,1.5775,3.10,1.00
2009.10.13 02:02:12.847,1.5773,1.57755,2.40,2.70
2009.10.13 02:02:13.267,1.57735,1.57755,1.00,2.70
2009.10.13 02:02:13.677,1.57735,1.57755,1.00,1.10
2009.10.13 02:02:16.246,1.57735,1.57755,3.00,1.10
2009.10.13 02:02:16.646,1.57735,1.57755,2.90,1.10
2009.10.13 02:02:18.466,1.57735,1.57755,2.90,1.10
2009.10.13 02:02:22.015,1.57735,1.57755,2.90,1.00
2009.10.13 02:02:26.204,1.57735,1.57755,2.90,1.10
2009.10.13 02:02:26.314,1.57735,1.57755,1.00,1.10
2009.10.13 02:02:26.754,1.57735,1.57755,2.90,1.10
2009.10.13 02:02:45.439,1.57735,1.57755,2.90,2.70
2009.10.13 02:02:45.559,1.57735,1.57755,3.20,2.70
2009.10.13 02:03:00.755,1.57735,1.57755,1.00,2.30
2009.10.13 02:03:01.026,1.57735,1.57755,1.00,1.00
2009.10.13 02:03:01.255,1.57735,1.57755,3.10,1.00
2009.10.13 02:03:03.795,1.57735,1.57755,3.40,1.00
2009.10.13 02:03:06.534,1.57735,1.57755,3.30,1.00
2009.10.13 02:03:12.713,1.57735,1.57755,3.10,1.00
2009.10.13 02:03:18.751,1.57735,1.57755,1.00,1.00
2009.10.13 02:03:19.331,1.57735,1.57755,3.10,1.00
2009.10.13 02:03:32.688,1.57735,1.57755,1.00,1.00
2009.10.13 02:03:33.038,1.57735,1.57755,3.30,1.00
2009.10.13 02:03:33.857,1.57735,1.57755,1.00,1.00
2009.10.13 02:03:34.207,1.57735,1.57755,3.30,1.00
2009.10.13 02:03:35.477,1.57735,1.57755,2.30,1.00
2009.10.13 02:03:35.817,1.57735,1.57755,4.70,1.00
2009.10.13 02:03:36.177,1.57735,1.57755,3.10,1.00
2009.10.13 02:03:53.053,1.57735,1.57755,3.30,1.00
2009.10.13 02:03:55.462,1.57735,1.57755,1.00,1.00
2009.10.13 02:03:55.692,1.5774,1.5776,1.00,1.00
2009.10.13 02:03:55.982,1.5774,1.5776,1.00,1.00
2009.10.13 02:03:56.342,1.57745,1.5776,1.00,1.00
2009.10.13 02:03:56.702,1.57745,1.5776,1.00,1.00
2009.10.13 02:03:57.052,1.57745,1.5776,1.40,1.00
2009.10.13 02:03:57.232,1.57745,1.57765,1.40,1.00
2009.10.13 02:03:57.402,1.57745,1.57765,1.80,1.00
2009.10.13 02:03:58.682,1.5776,1.5778,1.00,1.00
2009.10.13 02:03:59.022,1.5776,1.5778,1.00,1.00
2009.10.13 02:03:59.362,1.5775,1.5777,1.60,1.00
2009.10.13 02:03:59.711,1.57755,1.57775,1.00,1.00
2009.10.13 02:04:00.061,1.5775,1.5778,1.60,3.10
2009.10.13 02:04:00.351,1.57755,1.57775,1.00,1.00
2009.10.13 02:04:00.581,1.57765,1.57785,1.00,3.10
2009.10.13 02:04:00.801,1.57765,1.57785,1.00,1.00
2009.10.13 02:04:01.901,1.57765,1.57785,1.00,1.00
2009.10.13 02:04:02.241,1.57765,1.57785,1.10,1.00
2009.10.13 02:04:02.931,1.57765,1.57785,1.00,1.00
2009.10.13 02:04:03.220,1.57765,1.57785,1.10,1.00
2009.10.13 02:04:03.560,1.57765,1.57785,1.90,1.00
2009.10.13 02:04:03.731,1.57765,1.5779,4.20,1.00
2009.10.13 02:04:04.220,1.5777,1.5779,1.00,1.00
2009.10.13 02:04:04.910,1.5777,1.5779,3.10,1.00
2009.10.13 02:04:05.260,1.57775,1.57795,1.00,1.00
2009.10.13 02:04:05.380,1.57775,1.57795,3.10,1.00
2009.10.13 02:04:05.550,1.57775,1.5779,2.40,1.00
2009.10.13 02:04:05.760,1.57775,1.5779,1.00,1.00
2009.10.13 02:04:05.870,1.5778,1.578,1.00,1.50
2009.10.13 02:04:06.160,1.5778,1.578,1.00,2.30
2009.10.13 02:04:06.220,1.5777,1.578,3.10,2.30
2009.10.13 02:04:06.330,1.5778,1.578,1.00,3.10
2009.10.13 02:04:06.660,1.5778,1.578,1.00,1.00
2009.10.13 02:04:06.950,1.57775,1.57795,1.00,1.00
2009.10.13 02:04:07.300,1.57775,1.57795,1.00,1.00
2009.10.13 02:04:07.809,1.5777,1.5779,1.50,1.00
2009.10.13 02:04:08.079,1.57775,1.57795,1.00,1.00
2009.10.13 02:04:10.069,1.5778,1.578,1.00,1.00
2009.10.13 02:04:10.409,1.57785,1.57805,1.00,1.00
2009.10.13 02:04:10.759,1.5778,1.57795,1.00,2.40
2009.10.13 02:04:11.099,1.57785,1.578,3.20,1.00
2009.10.13 02:04:11.279,1.5779,1.5781,1.50,1.00
2009.10.13 02:04:11.568,1.57795,1.5781,1.00,1.00
2009.10.13 02:04:11.898,1.5779,1.5781,1.00,1.00
2009.10.13 02:04:12.248,1.5779,1.5781,1.00,3.30
2009.10.13 02:04:12.948,1.57785,1.57805,3.10,3.10
2009.10.13 02:04:13.308,1.57785,1.57805,1.00,3.30
2009.10.13 02:04:14.218,1.57785,1.57805,1.00,1.00
2009.10.13 02:04:14.458,1.57785,1.57805,1.00,1.00
2009.10.13 02:04:14.748,1.57785,1.57805,1.00,1.00
2009.10.13 02:04:18.087,1.5779,1.5781,1.50,4.80
2009.10.13 02:04:18.437,1.57795,1.57815,1.00,2.50
2009.10.13 02:04:19.127,1.57795,1.57815,1.00,2.70
2009.10.13 02:04:20.517,1.57785,1.57805,1.00,3.50
2009.10.13 02:04:21.036,1.57785,1.57805,1.00,1.00
2009.10.13 02:04:22.316,1.5779,1.57805,3.20,1.00
2009.10.13 02:04:22.546,1.57795,1.57815,1.00,1.70
2009.10.13 02:04:22.996,1.57795,1.57815,1.00,1.30
2009.10.13 02:04:23.176,1.5779,1.5781,1.00,1.00
2009.10.13 02:04:23.396,1.5779,1.5781,1.50,1.00
2009.10.13 02:04:23.626,1.57795,1.57815,1.00,1.30
2009.10.13 02:04:24.035,1.57795,1.5781,1.00,1.00
2009.10.13 02:04:24.255,1.57795,1.5781,1.00,1.00
2009.10.13 02:04:24.715,1.57795,1.5781,1.00,5.70
2009.10.13 02:04:25.245,1.57795,1.57805,1.00,1.00
2009.10.13 02:04:25.945,1.57795,1.5781,1.00,5.70
2009.10.13 02:04:26.635,1.57795,1.5781,1.00,5.50
2009.10.13 02:04:26.855,1.57795,1.5781,1.00,2.40
2009.10.13 02:04:27.085,1.57795,1.57815,1.00,1.10
2009.10.13 02:04:27.325,1.5779,1.5781,1.00,1.00
2009.10.13 02:04:27.985,1.5779,1.5781,1.50,1.00
2009.10.13 02:04:28.314,1.5779,1.57815,3.90,1.00
2009.10.13 02:04:28.654,1.578,1.5782,1.00,1.00
2009.10.13 02:04:29.454,1.578,1.5782,1.00,3.10
2009.10.13 02:04:29.744,1.57795,1.57815,1.00,1.00
2009.10.13 02:04:30.074,1.578,1.5782,1.00,1.00
2009.10.13 02:04:30.804,1.57795,1.5782,1.00,3.10
2009.10.13 02:04:47.210,1.57795,1.57815,1.00,3.90
2009.10.13 02:04:47.900,1.57795,1.57815,1.00,3.50
2009.10.13 02:04:49.289,1.57795,1.57815,1.00,3.70
2009.10.13 02:04:52.578,1.57795,1.57815,1.00,3.70
2009.10.13 02:04:53.488,1.57795,1.57815,1.00,1.10
2009.10.13 02:04:54.978,1.57795,1.57815,1.00,3.50
2009.10.13 02:04:55.278,1.57795,1.57815,1.00,3.90
2009.10.13 02:04:56.148,1.57795,1.57815,1.00,4.10
2009.10.13 02:04:58.167,1.57795,1.5781,1.00,1.00
2009.10.13 02:04:59.077,1.57795,1.5781,1.00,1.00
2009.10.13 02:04:59.307,1.57795,1.5781,1.00,1.00
2009.10.13 02:05:02.067,1.57795,1.57815,1.00,4.10
2009.10.13 02:05:02.286,1.57795,1.57815,1.00,1.70
2009.10.13 02:05:02.456,1.57795,1.57815,1.00,2.50
2009.10.13 02:05:02.616,1.5779,1.5781,4.00,1.00
2009.10.13 02:05:02.786,1.5779,1.57815,1.60,3.70
2009.10.13 02:05:02.966,1.57795,1.57815,1.00,1.30
2009.10.13 02:05:05.875,1.57795,1.57815,1.00,3.70
2009.10.13 02:05:06.045,1.57795,1.57815,1.00,4.50
2009.10.13 02:05:06.205,1.5779,1.57815,1.00,6.80
2009.10.13 02:05:07.415,1.5779,1.5781,1.00,1.00
2009.10.13 02:05:08.235,1.5779,1.5781,1.60,1.00
2009.10.13 02:05:08.405,1.57795,1.5781,1.00,1.00
2009.10.13 02:05:08.525,1.5779,1.5781,1.00,1.00
2009.10.13 02:05:08.805,1.5779,1.5781,1.60,1.00
2009.10.13 02:05:08.925,1.57795,1.5781,1.00,1.00
2009.10.13 02:05:09.205,1.5779,1.5781,1.00,1.00
2009.10.13 02:05:09.255,1.5779,1.5781,1.60,1.00
2009.10.13 02:05:09.364,1.57795,1.57815,1.00,6.10
2009.10.13 02:05:09.425,1.57795,1.57815,1.00,4.50
2009.10.13 02:05:09.595,1.5779,1.5781,1.00,1.00
2009.10.13 02:05:09.945,1.57795,1.57815,1.00,4.90
2009.10.13 02:05:10.294,1.5779,1.5781,1.60,1.00
2009.10.13 02:05:10.654,1.5779,1.5781,1.00,1.00
2009.10.13 02:05:10.884,1.5779,1.57815,1.60,6.10
2009.10.13 02:05:11.064,1.5779,1.5781,1.00,1.00
2009.10.13 02:05:11.284,1.5779,1.5781,4.00,1.00
2009.10.13 02:05:11.514,1.57795,1.57815,1.00,7.30
2009.10.13 02:05:11.934,1.5779,1.5781,1.00,1.00
2009.10.13 02:05:43.716,1.5779,1.5781,1.00,1.00
2009.10.13 02:05:46.206,1.5779,1.5781,1.00,1.00
2009.10.13 02:05:49.285,1.5779,1.5781,1.00,1.00
2009.10.13 02:05:52.854,1.5779,1.5781,1.00,1.00
2009.10.13 02:05:56.103,1.5779,1.5781,1.00,1.00
2009.10.13 02:06:07.630,1.5779,1.5781,1.00,1.00
2009.10.13 02:06:11.920,1.5779,1.5781,1.00,1.50
2009.10.13 02:06:12.030,1.5779,1.5781,1.00,1.00
2009.10.13 02:06:12.450,1.5779,1.5781,1.00,1.50
2009.10.13 02:06:18.748,1.5779,1.5781,1.00,1.50
2009.10.13 02:06:20.808,1.57795,1.5781,1.00,1.00
2009.10.13 02:06:22.867,1.57795,1.57815,1.00,6.70
2009.10.13 02:06:25.296,1.57795,1.57815,1.00,6.80
2009.10.13 02:06:30.085,1.57795,1.57815,1.00,6.70
2009.10.13 02:06:33.164,1.57795,1.57815,1.00,6.30
2009.10.13 02:06:33.454,1.57795,1.57815,1.00,5.90
2009.10.13 02:06:40.473,1.57795,1.57815,1.00,6.30
2009.10.13 02:06:43.152,1.57795,1.57815,1.00,6.40
2009.10.13 02:06:43.612,1.57795,1.57815,1.00,6.00
2009.10.13 02:06:44.831,1.57795,1.57815,1.00,5.90
2009.10.13 02:06:52.000,1.57795,1.57815,1.00,3.50
2009.10.13 02:06:55.199,1.57795,1.57815,1.00,3.60
2009.10.13 02:06:56.989,1.57795,1.57815,1.00,3.50
2009.10.13 02:07:20.173,1.57795,1.57815,1.00,3.60
2009.10.13 02:07:21.223,1.57785,1.57815,3.20,2.90
2009.10.13 02:07:27.871,1.57785,1.57815,3.20,2.80
2009.10.13 02:07:28.621,1.57795,1.57815,1.00,3.50
2009.10.13 02:07:33.430,1.57795,1.57815,1.00,3.10
2009.10.13 02:07:42.098,1.57795,1.57815,1.00,3.50
2009.10.13 02:07:42.278,1.57785,1.57805,1.00,7.10
2009.10.13 02:07:42.448,1.57785,1.5781,3.90,1.00
2009.10.13 02:07:42.678,1.57795,1.57815,1.00,5.50
2009.10.13 02:07:44.627,1.57795,1.57815,3.90,3.10
2009.10.13 02:07:44.917,1.57805,1.57825,1.00,8.10
2009.10.13 02:07:45.247,1.57805,1.57825,1.00,7.70
2009.10.13 02:07:45.597,1.57805,1.57825,1.00,7.40
2009.10.13 02:07:46.937,1.57805,1.57825,1.00,4.90
2009.10.13 02:07:47.216,1.5781,1.57825,1.00,1.00
2009.10.13 02:07:51.396,1.5781,1.57825,1.00,2.50
2009.10.13 02:07:51.565,1.57805,1.57825,1.00,7.20
2009.10.13 02:07:51.735,1.57805,1.57825,1.00,7.40
2009.10.13 02:07:51.905,1.57805,1.57825,1.00,7.20
2009.10.13 02:07:52.765,1.57805,1.57825,1.00,7.10
2009.10.13 02:07:53.065,1.57805,1.57825,1.00,7.30
2009.10.13 02:07:57.494,1.57805,1.57825,1.00,7.50
2009.10.13 02:07:57.734,1.57805,1.57825,1.00,7.90
2009.10.13 02:07:57.904,1.57795,1.57815,1.00,3.00
2009.10.13 02:07:58.184,1.57795,1.57815,1.00,5.40
2009.10.13 02:07:59.864,1.57795,1.57815,1.00,6.20
2009.10.13 02:08:00.343,1.5779,1.57815,1.00,6.70
2009.10.13 02:08:00.863,1.5779,1.57815,1.00,8.70
2009.10.13 02:08:01.493,1.5779,1.5781,1.00,1.00
2009.10.13 02:08:01.853,1.5779,1.5781,1.00,3.10
2009.10.13 02:08:02.473,1.5779,1.5781,1.00,1.00
2009.10.13 02:08:20.909,1.5779,1.5781,1.00,1.00
2009.10.13 02:08:26.847,1.578,1.57815,1.00,2.40
2009.10.13 02:08:27.207,1.57795,1.57815,1.00,3.10
2009.10.13 02:08:27.547,1.57795,1.5782,1.60,3.10
2009.10.13 02:08:27.897,1.57805,1.5782,1.00,2.40
2009.10.13 02:08:28.177,1.57805,1.57825,1.00,3.30
2009.10.13 02:08:28.926,1.578,1.57825,1.00,6.40
2009.10.13 02:08:29.096,1.578,1.5782,1.60,3.10
2009.10.13 02:08:29.266,1.57805,1.57825,1.00,3.30
2009.10.13 02:08:30.126,1.578,1.5782,1.00,1.00
2009.10.13 02:08:30.476,1.578,1.5782,1.00,3.10
2009.10.13 02:08:31.406,1.578,1.5782,1.50,1.00
2009.10.13 02:08:31.856,1.578,1.57825,1.50,1.00
2009.10.13 02:08:32.096,1.57805,1.57825,1.00,3.10
2009.10.13 02:08:32.495,1.57805,1.57825,1.00,1.00
2009.10.13 02:08:32.895,1.57805,1.57825,1.00,3.10
2009.10.13 02:08:33.915,1.578,1.5782,1.00,1.00
2009.10.13 02:08:34.215,1.578,1.5782,1.00,3.10
2009.10.13 02:08:34.545,1.57805,1.57825,1.00,5.50
2009.10.13 02:08:34.775,1.57805,1.57825,1.00,3.10
2009.10.13 02:08:35.355,1.578,1.5782,1.00,3.10
2009.10.13 02:08:35.595,1.578,1.5782,1.50,3.10
2009.10.13 02:08:35.885,1.57805,1.57825,1.00,3.10
2009.10.13 02:08:36.455,1.578,1.5782,1.00,1.00
2009.10.13 02:08:36.795,1.578,1.5782,1.00,3.10
2009.10.13 02:08:37.135,1.578,1.5782,1.50,1.00
2009.10.13 02:08:37.424,1.57805,1.57825,1.00,3.10
2009.10.13 02:08:39.894,1.57805,1.57825,1.00,1.00
2009.10.13 02:08:41.083,1.57805,1.57825,1.00,1.00
2009.10.13 02:08:59.069,1.5782,1.57835,1.00,1.50
2009.10.13 02:08:59.309,1.5782,1.57835,1.00,1.00
2009.10.13 02:08:59.539,1.5782,1.57835,1.00,1.00
2009.10.13 02:09:01.199,1.5782,1.5784,1.00,5.50
2009.10.13 02:09:13.706,1.5782,1.5784,1.00,3.10
2009.10.13 02:09:14.046,1.57825,1.57835,1.00,1.00
2009.10.13 02:09:14.716,1.57825,1.57845,1.00,4.70
2009.10.13 02:09:21.044,1.57825,1.57845,1.00,3.90
2009.10.13 02:09:22.024,1.57815,1.57835,3.10,1.00
2009.10.13 02:09:22.524,1.5782,1.5784,1.00,1.00
2009.10.13 02:09:35.620,1.5782,1.57835,1.00,2.40
2009.10.13 02:09:35.790,1.57815,1.57835,1.00,3.10
2009.10.13 02:09:36.240,1.5781,1.5783,1.00,1.00
2009.10.13 02:09:43.029,1.57805,1.57835,6.20,3.10
2009.10.13 02:09:46.808,1.57815,1.57835,1.00,3.00
2009.10.13 02:09:47.088,1.57815,1.57835,1.00,3.00
2009.10.13 02:09:59.945,1.57815,1.57835,1.00,3.80
2009.10.13 02:10:00.124,1.5781,1.5783,1.00,1.00
2009.10.13 02:10:04.044,1.5781,1.5783,1.00,1.00
2009.10.13 02:10:08.413,1.57815,1.57835,1.00,3.10
2009.10.13 02:10:42.284,1.57815,1.57835,1.00,3.10
2009.10.13 02:10:47.183,1.57815,1.57825,1.00,2.40
2009.10.13 02:10:47.303,1.57805,1.57825,1.00,4.70
2009.10.13 02:10:49.103,1.57805,1.57825,1.00,4.90
2009.10.13 02:10:57.351,1.57805,1.57825,1.00,4.80
2009.10.13 02:11:15.306,1.57805,1.57825,1.00,4.90
2009.10.13 02:11:15.536,1.578,1.57815,1.00,1.60
2009.10.13 02:11:15.766,1.578,1.5782,1.00,3.80
2009.10.13 02:11:16.106,1.578,1.5782,1.00,3.10
2009.10.13 02:11:18.516,1.578,1.5782,1.00,1.00
2009.10.13 02:11:18.796,1.57805,1.57825,1.00,4.90
2009.10.13 02:11:21.735,1.57805,1.57825,4.00,2.30
2009.10.13 02:11:22.035,1.57815,1.5783,1.00,2.40
2009.10.13 02:11:22.275,1.5781,1.5783,1.00,3.10
2009.10.13 02:11:23.244,1.57805,1.57835,6.40,3.10
2009.10.13 02:11:26.774,1.57805,1.57835,5.60,5.50
2009.10.13 02:11:27.064,1.5781,1.5783,1.00,3.10
2009.10.13 02:11:33.732,1.5781,1.5783,1.00,3.10
2009.10.13 02:11:37.101,1.5781,1.5783,1.00,3.00
2009.10.13 02:11:48.588,1.5781,1.5783,1.00,3.10
2009.10.13 02:11:57.596,1.5781,1.5783,1.00,3.10
2009.10.13 02:12:49.404,1.5781,1.5783,1.00,5.50
2009.10.13 02:12:57.582,1.578,1.5783,6.00,4.80
2009.10.13 02:13:01.471,1.578,1.57825,6.80,1.00
2009.10.13 02:13:18.637,1.5781,1.5783,1.00,5.50
2009.10.13 02:13:26.355,1.57805,1.57825,1.00,1.00
2009.10.13 02:13:27.685,1.578,1.5783,6.40,5.50
2009.10.13 02:13:33.313,1.578,1.5783,6.40,6.30
2009.10.13 02:13:33.543,1.57805,1.57825,1.00,1.00
2009.10.13 02:13:41.171,1.57805,1.57825,1.00,1.00
2009.10.13 02:13:43.241,1.57805,1.57825,1.00,1.00
2009.10.13 02:13:45.220,1.57805,1.57825,1.00,3.00
2009.10.13 02:13:45.340,1.57805,1.57825,1.00,1.00
2009.10.13 02:13:46.120,1.57805,1.57825,1.00,1.00
2009.10.13 02:13:57.157,1.57805,1.57825,1.00,3.40
2009.10.13 02:13:57.487,1.57805,1.57825,1.00,1.00
2009.10.13 02:14:07.305,1.57805,1.57825,1.00,3.40
2009.10.13 02:14:12.624,1.57805,1.57825,1.00,3.00
2009.10.13 02:14:16.903,1.57805,1.57825,1.00,1.00
2009.10.13 02:14:17.133,1.57805,1.57825,1.00,3.00
2009.10.13 02:14:17.582,1.57805,1.57825,1.00,1.00
2009.10.13 02:14:26.330,1.57805,1.57825,1.60,1.00
2009.10.13 02:14:26.621,1.5781,1.57825,1.00,1.00
2009.10.13 02:14:31.869,1.5781,1.57825,1.00,1.00
2009.10.13 02:14:33.609,1.57805,1.57825,1.00,1.00
2009.10.13 02:14:37.668,1.57805,1.57825,1.00,1.70
2009.10.13 02:14:37.788,1.57805,1.57825,1.00,6.50
2009.10.13 02:14:37.957,1.57795,1.57815,3.10,1.00
2009.10.13 02:14:38.127,1.57795,1.57815,1.00,1.00
2009.10.13 02:14:47.405,1.57795,1.57815,1.00,1.50
2009.10.13 02:14:47.705,1.5779,1.5781,1.00,1.00
2009.10.13 02:15:05.211,1.5779,1.5781,1.00,1.00
2009.10.13 02:15:06.191,1.5779,1.5781,3.30,1.00
2009.10.13 02:15:07.071,1.57795,1.57815,1.00,1.00
2009.10.13 02:15:17.608,1.57795,1.57815,1.00,1.50
2009.10.13 02:15:17.768,1.5779,1.5781,1.00,1.00
2009.10.13 02:15:31.425,1.5779,1.5781,1.00,1.00
2009.10.13 02:15:40.443,1.5779,1.57805,1.00,1.00
2009.10.13 02:15:41.742,1.5779,1.5781,1.00,1.00
2009.10.13 02:15:42.862,1.57785,1.57805,1.00,1.00
2009.10.13 02:15:43.022,1.57785,1.57805,3.10,1.00
2009.10.13 02:15:43.372,1.5779,1.5781,1.00,1.00
2009.10.13 02:15:43.882,1.57785,1.57805,3.10,1.00
2009.10.13 02:15:44.242,1.57785,1.57805,3.10,1.10
2009.10.13 02:15:44.572,1.57785,1.57805,3.10,1.00
2009.10.13 02:15:45.101,1.5779,1.5781,1.00,1.00
2009.10.13 02:15:56.069,1.5779,1.5781,1.00,1.00
2009.10.13 02:15:56.409,1.5779,1.57805,1.00,2.40
2009.10.13 02:15:56.759,1.57785,1.57805,1.00,1.00
2009.10.13 02:15:57.508,1.5779,1.5781,1.00,3.10
2009.10.13 02:15:57.688,1.5779,1.5781,1.00,1.00
2009.10.13 02:16:40.198,1.5779,1.57805,1.00,1.00
2009.10.13 02:16:40.418,1.57785,1.57805,1.00,1.10
2009.10.13 02:16:52.115,1.57785,1.57805,1.00,1.90
2009.10.13 02:16:52.335,1.5778,1.578,3.10,1.00
2009.10.13 02:16:52.565,1.5778,1.578,1.00,3.90
2009.10.13 02:16:52.795,1.5778,1.578,1.00,1.00
2009.10.13 02:16:53.025,1.57775,1.57795,3.10,1.00
2009.10.13 02:16:53.205,1.57775,1.57795,1.00,1.00
2009.10.13 02:16:57.284,1.57775,1.57795,1.00,1.00
2009.10.13 02:16:59.014,1.57775,1.57795,1.00,1.10
2009.10.13 02:16:59.134,1.57775,1.57795,1.00,1.10
2009.10.13 02:16:59.434,1.57775,1.57795,1.00,1.00
2009.10.13 02:17:03.662,1.57775,1.57795,1.00,3.10
2009.10.13 02:17:03.883,1.57775,1.57795,1.00,1.00
2009.10.13 02:17:10.251,1.57775,1.57795,1.00,3.50
2009.10.13 02:17:10.552,1.5777,1.5779,1.00,1.00
2009.10.13 02:17:40.424,1.57755,1.57775,1.60,1.10
2009.10.13 02:17:40.723,1.5776,1.57775,1.00,1.00
2009.10.13 02:17:43.013,1.5776,1.5778,1.00,3.10
2009.10.13 02:17:43.353,1.5776,1.57775,1.00,1.00
2009.10.13 02:17:43.793,1.5775,1.57775,3.20,1.50
2009.10.13 02:17:43.903,1.5775,1.5777,4.00,1.00
2009.10.13 02:17:44.023,1.57755,1.57775,1.00,1.10
2009.10.13 02:17:44.143,1.57755,1.57775,1.00,1.90
2009.10.13 02:17:44.263,1.5775,1.5777,1.00,1.00
2009.10.13 02:17:47.152,1.5775,1.5777,3.20,1.00
2009.10.13 02:17:48.222,1.5775,1.5777,4.00,1.00
2009.10.13 02:17:48.342,1.57755,1.57775,1.00,1.10
2009.10.13 02:17:48.692,1.5775,1.5777,3.20,1.00
2009.10.13 02:17:53.051,1.5775,1.5777,4.00,1.00
2009.10.13 02:17:53.221,1.57745,1.57775,5.20,4.30
2009.10.13 02:17:53.460,1.5775,1.5777,1.00,1.00
2009.10.13 02:17:53.740,1.5775,1.5777,1.00,6.30
2009.10.13 02:17:53.970,1.57745,1.5777,1.00,6.30
2009.10.13 02:17:54.200,1.57745,1.5777,1.00,7.10
2009.10.13 02:17:54.440,1.5774,1.5776,4.10,1.00
2009.10.13 02:17:54.780,1.5775,1.5777,3.10,1.00
2009.10.13 02:17:55.420,1.57745,1.57765,1.00,1.00
2009.10.13 02:17:56.120,1.57745,1.5777,4.70,1.00
2009.10.13 02:17:56.350,1.5775,1.5777,3.10,1.00
2009.10.13 02:18:00.369,1.5775,1.5777,1.00,1.00
2009.10.13 02:18:00.529,1.5775,1.57765,1.00,1.00
2009.10.13 02:18:00.809,1.57745,1.57765,1.00,1.10
2009.10.13 02:18:01.319,1.57745,1.57765,1.00,1.00
2009.10.13 02:18:02.988,1.57745,1.57765,1.00,1.50
2009.10.13 02:18:03.098,1.5774,1.5776,3.10,1.00
2009.10.13 02:18:03.388,1.5774,1.57765,3.90,1.00
2009.10.13 02:18:03.958,1.57745,1.57765,1.00,1.10
2009.10.13 02:18:05.068,1.57745,1.57765,1.00,1.00
2009.10.13 02:18:11.006,1.57745,1.57765,1.00,1.50
2009.10.13 02:18:11.306,1.5774,1.5776,1.00,1.00
2009.10.13 02:18:12.366,1.5774,1.5776,1.70,1.00
2009.10.13 02:18:12.536,1.57745,1.57765,1.00,1.00
2009.10.13 02:18:52.926,1.57745,1.57765,1.00,1.50
2009.10.13 02:18:53.216,1.5774,1.5776,3.20,1.00
2009.10.13 02:18:53.786,1.57745,1.57765,1.00,1.00
2009.10.13 02:19:00.595,1.57745,1.57765,3.20,1.00
2009.10.13 02:19:01.334,1.57755,1.57765,2.40,1.00
2009.10.13 02:19:01.564,1.57755,1.5777,1.00,1.00
2009.10.13 02:19:01.864,1.57755,1.57765,1.00,1.00
2009.10.13 02:19:02.924,1.57755,1.5777,1.00,3.10
2009.10.13 02:19:03.204,1.57755,1.5777,1.00,1.00
2009.10.13 02:19:03.554,1.57755,1.5777,1.00,3.10
2009.10.13 02:19:03.954,1.57755,1.5777,1.00,1.00
2009.10.13 02:19:06.683,1.57755,1.5777,2.50,1.00
2009.10.13 02:19:06.923,1.57755,1.57775,3.20,1.00
2009.10.13 02:19:07.163,1.57765,1.57785,1.00,3.10
2009.10.13 02:19:07.383,1.57765,1.57785,1.00,1.00
2009.10.13 02:19:07.963,1.5776,1.5778,1.00,1.00
2009.10.13 02:19:08.772,1.5776,1.5778,1.00,1.00
2009.10.13 02:19:08.883,1.57765,1.57785,1.00,1.00
2009.10.13 02:19:09.232,1.5777,1.5779,1.00,3.10
2009.10.13 02:19:09.412,1.5777,1.5779,1.00,1.00
2009.10.13 02:19:10.102,1.5776,1.5778,3.20,1.00
2009.10.13 02:19:10.442,1.5776,1.57775,2.40,1.00
2009.10.13 02:19:10.802,1.5775,1.5777,3.70,1.00
2009.10.13 02:19:12.022,1.57755,1.5777,1.00,1.00
2009.10.13 02:19:12.242,1.57755,1.57765,1.00,1.00
2009.10.13 02:19:12.512,1.57755,1.5777,1.00,1.00
2009.10.13 02:19:24.089,1.57755,1.57775,1.00,3.10
2009.10.13 02:19:25.879,1.57755,1.57775,1.00,3.10
2009.10.13 02:19:34.566,1.5775,1.5777,1.00,3.10
2009.10.13 02:19:34.796,1.5775,1.57765,1.00,1.00
2009.10.13 02:19:35.616,1.5775,1.57765,1.00,1.00
2009.10.13 02:19:37.926,1.57745,1.57765,1.00,1.10
2009.10.13 02:19:39.045,1.5775,1.57765,1.00,1.00
2009.10.13 02:19:39.395,1.5775,1.5777,1.00,1.00
2009.10.13 02:19:39.855,1.5774,1.57745,4.90,2.40
2009.10.13 02:19:40.035,1.5775,1.5776,1.00,4.40
2009.10.13 02:19:40.205,1.57745,1.5776,1.00,4.40
2009.10.13 02:19:40.375,1.57745,1.5775,1.00,3.10
2009.10.13 02:19:42.284,1.57745,1.5775,1.00,3.10
2009.10.13 02:19:42.404,1.57745,1.5775,1.00,3.10
2009.10.13 02:19:48.883,1.57745,1.57755,1.00,4.40
2009.10.13 02:19:57.381,1.57745,1.57755,1.00,2.40
2009.10.13 02:20:11.267,1.57745,1.57755,1.00,4.40
2009.10.13 02:20:11.667,1.57745,1.57755,1.00,4.40
2009.10.13 02:20:11.968,1.5775,1.57755,1.00,4.40
2009.10.13 02:20:12.667,1.57745,1.5775,1.10,2.40
2009.10.13 02:20:14.237,1.57745,1.57755,1.00,3.10
2009.10.13 02:20:14.477,1.5775,1.57755,1.00,3.10
2009.10.13 02:20:14.656,1.57745,1.5775,2.20,2.40
2009.10.13 02:20:14.886,1.5775,1.57755,1.00,2.40
2009.10.13 02:20:15.106,1.57755,1.57765,1.00,4.40
2009.10.13 02:20:15.406,1.5775,1.57755,1.00,2.40
2009.10.13 02:20:15.806,1.57745,1.5775,3.80,2.40
2009.10.13 02:20:16.156,1.57745,1.5775,1.50,2.40
2009.10.13 02:20:16.506,1.5775,1.57755,1.00,2.40
2009.10.13 02:20:16.846,1.57755,1.5776,1.00,3.10
2009.10.13 02:20:17.206,1.57755,1.5776,1.00,2.40
2009.10.13 02:20:17.736,1.5776,1.57765,1.00,3.10
2009.10.13 02:20:17.856,1.5776,1.57765,1.00,3.10
2009.10.13 02:20:22.974,1.57755,1.5776,1.00,2.40
2009.10.13 02:20:23.144,1.57755,1.5776,1.00,2.40
2009.10.13 02:20:23.265,1.5775,1.57765,1.10,3.10
2009.10.13 02:20:23.554,1.5775,1.57765,1.00,3.90
2009.10.13 02:20:23.734,1.57745,1.5775,1.00,2.40
2009.10.13 02:20:26.064,1.5775,1.57755,1.00,3.10
2009.10.13 02:20:26.244,1.5775,1.57755,1.00,3.10
2009.10.13 02:20:41.090,1.5774,1.57745,3.20,2.40
2009.10.13 02:20:41.620,1.5774,1.57745,1.00,2.40
2009.10.13 02:20:42.140,1.57735,1.57745,1.10,2.40
2009.10.13 02:20:43.390,1.57735,1.57745,1.00,2.40
2009.10.13 02:20:43.740,1.57735,1.57755,1.00,4.80
2009.10.13 02:20:43.920,1.5773,1.57735,1.00,2.40
2009.10.13 02:20:44.039,1.57725,1.57735,3.20,2.40
2009.10.13 02:20:44.250,1.57725,1.57735,2.50,2.40
2009.10.13 02:20:44.599,1.5772,1.57735,1.00,2.40
2009.10.13 02:20:45.449,1.57725,1.57735,1.00,2.40
2009.10.13 02:20:46.709,1.57715,1.57735,1.00,4.30
2009.10.13 02:20:53.268,1.57715,1.57725,1.00,2.40
2009.10.13 02:20:54.187,1.57715,1.57725,1.00,2.40
2009.10.13 02:20:55.167,1.57715,1.57725,1.00,2.40
2009.10.13 02:20:55.767,1.5771,1.5772,1.00,2.40
2009.10.13 02:20:57.036,1.57705,1.57715,1.00,2.40
2009.10.13 02:20:57.436,1.57705,1.57715,1.00,2.40
2009.10.13 02:20:59.896,1.57705,1.5771,1.00,2.40
2009.10.13 02:21:00.136,1.577,1.5771,2.40,2.40
2009.10.13 02:21:00.316,1.577,1.5771,1.00,2.40
2009.10.13 02:21:00.716,1.577,1.5771,1.00,2.40
2009.10.13 02:21:00.895,1.577,1.5771,2.40,2.40
2009.10.13 02:21:03.165,1.57695,1.5771,5.50,2.40
2009.10.13 02:21:03.445,1.57695,1.5771,5.50,2.40
2009.10.13 02:21:04.765,1.57695,1.57705,5.20,3.40
2009.10.13 02:21:04.884,1.5769,1.57695,1.00,2.40
2009.10.13 02:21:05.185,1.5769,1.57695,1.00,3.10
2009.10.13 02:21:07.744,1.5769,1.5771,1.00,4.90
2009.10.13 02:21:07.914,1.5769,1.57705,1.00,2.40
2009.10.13 02:21:08.034,1.57685,1.57695,1.00,4.80
2009.10.13 02:21:08.274,1.57685,1.57695,1.00,2.40
2009.10.13 02:21:08.384,1.5768,1.57695,1.00,2.40
2009.10.13 02:21:08.494,1.57675,1.57695,4.50,3.60
2009.10.13 02:21:08.673,1.5768,1.5769,5.00,2.40
2009.10.13 02:21:09.004,1.57685,1.577,3.20,1.30
2009.10.13 02:21:09.333,1.57685,1.577,1.00,4.00
2009.10.13 02:21:10.033,1.57685,1.57705,1.60,2.40
2009.10.13 02:21:10.643,1.57695,1.57705,1.00,4.40
2009.10.13 02:21:11.313,1.5769,1.57705,1.00,4.40
2009.10.13 02:21:11.483,1.5769,1.577,1.00,2.40
2009.10.13 02:21:12.353,1.5769,1.57705,1.00,3.10
2009.10.13 02:21:12.523,1.5769,1.5771,1.00,3.10
2009.10.13 02:21:12.992,1.5769,1.57705,3.10,3.10
2009.10.13 02:21:13.213,1.5769,1.577,2.90,6.40
2009.10.13 02:21:13.443,1.57685,1.5769,1.00,4.70
2009.10.13 02:21:13.612,1.57675,1.5769,1.00,6.30
2009.10.13 02:21:13.843,1.5768,1.577,1.00,5.50
2009.10.13 02:21:14.132,1.57675,1.57695,7.80,2.40
2009.10.13 02:21:14.302,1.5768,1.577,1.70,2.60
2009.10.13 02:21:14.422,1.5768,1.577,2.00,2.40
2009.10.13 02:21:14.592,1.5768,1.577,2.40,2.40
2009.10.13 02:21:14.992,1.5768,1.577,4.00,3.20
2009.10.13 02:21:15.342,1.5768,1.5769,1.00,2.40
2009.10.13 02:21:15.802,1.57685,1.577,1.00,2.90
2009.10.13 02:21:16.142,1.57685,1.57705,1.00,3.00
2009.10.13 02:21:16.442,1.57685,1.577,1.00,3.00
2009.10.13 02:21:17.011,1.57685,1.577,1.00,3.10
2009.10.13 02:21:17.191,1.5769,1.57705,1.00,3.90
2009.10.13 02:21:17.411,1.5769,1.577,1.00,3.10
2009.10.13 02:21:17.961,1.5769,1.57705,1.00,3.10
2009.10.13 02:21:18.131,1.5769,1.577,1.00,3.10
2009.10.13 02:21:18.421,1.5769,1.577,1.00,2.40
2009.10.13 02:21:18.751,1.57685,1.5769,1.00,2.40
2009.10.13 02:21:19.211,1.5768,1.57685,1.80,2.40
2009.10.13 02:21:19.391,1.5768,1.57685,1.90,2.40
2009.10.13 02:21:22.580,1.5768,1.5769,2.10,3.00
2009.10.13 02:21:23.000,1.5768,1.57695,1.00,4.30
2009.10.13 02:21:23.450,1.5768,1.57695,1.00,4.40
2009.10.13 02:21:24.270,1.5768,1.57695,1.00,4.40
2009.10.13 02:21:24.620,1.57685,1.57695,1.00,4.40
2009.10.13 02:21:30.088,1.57685,1.5769,1.40,3.10
2009.10.13 02:21:30.638,1.57685,1.577,3.90,3.70
2009.10.13 02:21:30.978,1.5769,1.5771,1.00,5.50
2009.10.13 02:21:31.378,1.57685,1.577,1.00,4.40
2009.10.13 02:21:32.598,1.57685,1.57705,1.40,4.80
2009.10.13 02:21:32.658,1.57685,1.57695,1.40,2.40
2009.10.13 02:21:33.528,1.57685,1.5769,3.00,2.40
2009.10.13 02:21:33.878,1.5768,1.5769,3.80,2.40
2009.10.13 02:21:37.307,1.5768,1.57685,4.60,2.40
2009.10.13 02:21:37.547,1.57685,1.577,1.40,3.90
2009.10.13 02:21:37.827,1.5768,1.577,1.00,3.90
2009.10.13 02:21:37.997,1.57685,1.577,1.00,3.90
2009.10.13 02:21:38.226,1.5769,1.577,1.00,3.90
2009.10.13 02:21:38.976,1.5768,1.57695,1.00,3.10
2009.10.13 02:21:39.336,1.5768,1.57695,1.00,3.10
2009.10.13 02:21:39.506,1.5768,1.57705,1.00,6.70
2009.10.13 02:21:39.626,1.5768,1.577,1.00,3.90
2009.10.13 02:21:39.866,1.57675,1.577,4.20,3.10
2009.10.13 02:21:39.986,1.57675,1.577,4.10,3.10
2009.10.13 02:21:40.096,1.57675,1.577,3.80,3.10
2009.10.13 02:21:40.446,1.5767,1.57695,7.80,3.10
2009.10.13 02:21:40.786,1.5767,1.57695,11.00,3.10
2009.10.13 02:21:41.126,1.5768,1.577,1.00,3.10
2009.10.13 02:21:41.456,1.5768,1.577,1.00,1.00
2009.10.13 02:21:41.806,1.57675,1.57695,3.00,3.10
2009.10.13 02:21:42.435,1.5768,1.57695,1.00,2.40
2009.10.13 02:21:42.675,1.5768,1.57705,1.00,6.70
2009.10.13 02:21:43.355,1.57675,1.577,3.00,3.90
2009.10.13 02:21:44.285,1.5768,1.57695,1.00,7.10
2009.10.13 02:21:44.575,1.57675,1.57695,1.00,7.10
2009.10.13 02:21:44.975,1.5767,1.57695,1.00,7.90
2009.10.13 02:21:45.145,1.57665,1.57685,1.90,3.10
2009.10.13 02:21:45.385,1.5767,1.57685,1.00,2.40
2009.10.13 02:21:45.555,1.57665,1.57685,1.00,3.10
2009.10.13 02:21:45.785,1.57665,1.57685,1.50,3.10
2009.10.13 02:21:46.015,1.5767,1.57685,1.00,2.40
2009.10.13 02:21:46.644,1.57665,1.57685,1.00,3.10
2009.10.13 02:21:47.164,1.57665,1.57685,1.50,3.10
2009.10.13 02:21:47.454,1.57665,1.57685,1.50,2.40
2009.10.13 02:21:48.164,1.57665,1.57685,1.00,3.10
2009.10.13 02:21:49.304,1.5767,1.57685,1.00,2.40
2009.10.13 02:21:50.114,1.57665,1.5769,1.00,4.70
2009.10.13 02:21:51.283,1.57665,1.5769,1.00,3.90
2009.10.13 02:21:51.963,1.57665,1.5769,1.00,10.30
2009.10.13 02:21:52.313,1.57665,1.57685,1.00,5.50
2009.10.13 02:21:52.663,1.57665,1.57685,7.10,3.10
2009.10.13 02:21:53.013,1.57675,1.57685,1.00,2.40
2009.10.13 02:21:58.761,1.57675,1.57685,1.00,2.40
2009.10.13 02:22:05.180,1.57675,1.57685,1.00,2.50
2009.10.13 02:22:05.580,1.57675,1.57685,1.00,2.40
2009.10.13 02:22:12.828,1.5767,1.5769,1.40,3.30
2009.10.13 02:22:13.048,1.57675,1.57685,1.00,3.00
2009.10.13 02:22:13.218,1.57665,1.5768,1.00,4.20
2009.10.13 02:22:13.558,1.5766,1.57685,1.00,6.70
2009.10.13 02:22:14.138,1.57655,1.5768,3.70,4.70
2009.10.13 02:22:14.308,1.57655,1.5768,1.30,4.70
2009.10.13 02:22:14.538,1.57655,1.5768,1.30,3.90
2009.10.13 02:22:15.278,1.5766,1.57685,1.00,7.50
2009.10.13 02:22:15.618,1.57655,1.5768,3.70,4.60
2009.10.13 02:22:15.908,1.5766,1.57685,1.00,7.00
2009.10.13 02:22:16.597,1.57655,1.5768,3.30,4.60
2009.10.13 02:22:16.947,1.57655,1.57675,1.00,3.00
2009.10.13 02:22:18.407,1.5766,1.5768,1.00,1.00
2009.10.13 02:22:19.637,1.57655,1.5768,3.20,1.40
2009.10.13 02:22:19.816,1.5765,1.57675,6.10,1.00
2009.10.13 02:22:20.036,1.5765,1.57675,4.10,3.00
2009.10.13 02:22:22.236,1.5765,1.57675,3.80,3.00
2009.10.13 02:22:23.276,1.5767,1.57675,1.00,3.00
2009.10.13 02:22:23.386,1.57675,1.57685,1.00,4.80
2009.10.13 02:22:23.676,1.57675,1.57685,1.00,2.40
2009.10.13 02:22:24.026,1.5767,1.57675,1.00,2.40
2009.10.13 02:22:24.375,1.5765,1.57675,3.90,3.00
2009.10.13 02:22:24.735,1.5765,1.57675,7.50,2.40
2009.10.13 02:22:28.244,1.57655,1.57675,1.00,3.10
2009.10.13 02:22:36.253,1.57655,1.57675,1.30,3.10
2009.10.13 02:22:36.432,1.57655,1.57675,3.70,3.10
2009.10.13 02:22:36.602,1.57655,1.57675,3.80,2.40
2009.10.13 02:22:37.142,1.5767,1.5768,1.00,3.10
2009.10.13 02:22:37.322,1.57665,1.5768,5.50,2.40
2009.10.13 02:22:37.842,1.5766,1.57675,8.20,2.40
2009.10.13 02:22:38.052,1.57655,1.57675,4.20,2.40
2009.10.13 02:22:38.222,1.57655,1.57675,3.90,2.40
2009.10.13 02:22:40.252,1.57655,1.57675,3.90,3.10
2009.10.13 02:22:40.552,1.5766,1.5767,1.00,2.40
2009.10.13 02:22:41.551,1.5766,1.57675,1.00,2.40
2009.10.13 02:22:42.641,1.5766,1.57665,1.00,2.40
2009.10.13 02:22:43.041,1.57655,1.5767,4.00,2.40
2009.10.13 02:22:43.501,1.57655,1.57675,4.00,2.40
2009.10.13 02:22:44.071,1.5765,1.57665,4.00,2.40
2009.10.13 02:22:44.760,1.5765,1.5767,7.20,1.00
2009.10.13 02:22:45.150,1.57655,1.57675,4.00,2.40
2009.10.13 02:22:48.550,1.57655,1.57675,1.00,3.00
2009.10.13 02:22:51.409,1.57655,1.5767,1.00,3.20
2009.10.13 02:22:51.749,1.57645,1.5767,3.80,3.90
2009.10.13 02:22:52.089,1.5765,1.57665,1.00,2.40
2009.10.13 02:22:52.659,1.57645,1.5767,8.20,1.00
2009.10.13 02:22:52.888,1.5765,1.57675,4.30,3.10
2009.10.13 02:22:53.938,1.5765,1.57675,10.60,3.10
2009.10.13 02:22:54.168,1.57655,1.57675,3.80,2.40
2009.10.13 02:22:55.308,1.5765,1.57675,4.70,3.00
2009.10.13 02:22:57.147,1.5765,1.57665,1.00,2.40
2009.10.13 02:22:57.478,1.5765,1.57665,1.00,3.10
2009.10.13 02:22:58.067,1.5765,1.57665,1.00,2.40
2009.10.13 02:22:58.987,1.5765,1.57665,1.00,2.40
2009.10.13 02:22:59.107,1.5765,1.57665,1.00,2.40
2009.10.13 02:23:07.055,1.5765,1.5767,3.20,3.00
2009.10.13 02:23:07.745,1.5765,1.5767,3.20,3.00
2009.10.13 02:23:07.915,1.5765,1.57665,2.50,1.00
2009.10.13 02:23:07.975,1.5765,1.57665,2.50,3.00
2009.10.13 02:23:08.095,1.5765,1.57665,1.00,3.00
2009.10.13 02:23:08.265,1.5765,1.57665,1.00,2.40
2009.10.13 02:23:16.683,1.5765,1.57665,1.00,2.40
2009.10.13 02:23:16.973,1.57645,1.57665,3.20,3.00
2009.10.13 02:23:17.262,1.57645,1.57665,3.10,3.00
2009.10.13 02:23:19.222,1.57645,1.57665,3.90,3.00
2009.10.13 02:23:19.452,1.5765,1.57665,1.00,2.40
2009.10.13 02:23:20.832,1.5765,1.5767,1.00,3.00
2009.10.13 02:23:25.500,1.5765,1.5767,1.00,3.00
2009.10.13 02:23:31.549,1.57645,1.57665,6.10,1.00
2009.10.13 02:23:33.729,1.57645,1.57665,5.90,1.00
2009.10.13 02:23:35.448,1.57645,1.57665,5.50,1.00
2009.10.13 02:23:35.898,1.57645,1.57665,3.10,1.00
2009.10.13 02:23:46.625,1.57645,1.57665,3.00,1.00
2009.10.13 02:23:51.774,1.57645,1.57665,3.00,1.00
2009.10.13 02:23:54.334,1.57645,1.57665,3.00,1.00
2009.10.13 02:23:58.133,1.57645,1.57665,3.00,1.20
2009.10.13 02:23:58.243,1.57645,1.57665,3.10,1.30
2009.10.13 02:23:58.293,1.57645,1.57655,3.10,2.40
2009.10.13 02:23:58.353,1.57645,1.5765,3.10,2.40
2009.10.13 02:23:58.653,1.57645,1.57655,3.10,2.40
2009.10.13 02:23:59.902,1.57645,1.57655,1.00,2.40
2009.10.13 02:24:00.472,1.57645,1.57655,1.00,1.00
2009.10.13 02:24:00.822,1.57645,1.57665,1.00,1.60
2009.10.13 02:24:01.102,1.57645,1.57665,1.00,1.00
2009.10.13 02:24:01.392,1.57645,1.57665,3.10,1.00
2009.10.13 02:24:01.682,1.57645,1.57665,3.10,1.00
2009.10.13 02:24:01.962,1.57645,1.57665,3.30,1.00
2009.10.13 02:24:02.202,1.57645,1.57655,3.30,2.40
2009.10.13 02:24:02.552,1.57645,1.57655,3.10,2.40
2009.10.13 02:24:02.892,1.57645,1.57665,3.30,3.30
2009.10.13 02:24:03.571,1.57645,1.57665,3.30,3.10
2009.10.13 02:24:06.051,1.57645,1.57665,3.10,3.10
2009.10.13 02:24:06.281,1.57645,1.57665,3.30,3.10
2009.10.13 02:24:08.820,1.57645,1.57665,3.30,1.00
2009.10.13 02:24:09.170,1.57645,1.57665,4.20,1.00
2009.10.13 02:24:09.730,1.5765,1.5767,1.00,3.10
2009.10.13 02:24:10.030,1.5765,1.5767,1.00,3.10
2009.10.13 02:24:11.279,1.5765,1.5767,1.10,3.10
2009.10.13 02:24:30.105,1.57655,1.5767,1.00,3.10
2009.10.13 02:24:30.865,1.5765,1.5767,1.00,3.10
2009.10.13 02:24:49.690,1.57655,1.5767,1.00,3.10
2009.10.13 02:24:50.500,1.57655,1.5767,1.00,2.40
2009.10.13 02:24:50.620,1.57655,1.57675,1.00,3.10
2009.10.13 02:24:55.059,1.57655,1.57675,1.00,3.00
2009.10.13 02:24:57.239,1.57655,1.57675,1.00,3.00
2009.10.13 02:25:19.213,1.57655,1.57675,1.00,3.00
2009.10.13 02:25:21.673,1.57655,1.57675,1.00,3.10
2009.10.13 02:25:22.883,1.57655,1.57675,1.10,3.10
2009.10.13 02:25:23.242,1.57665,1.5768,1.00,2.40
2009.10.13 02:25:23.522,1.57665,1.5768,1.00,2.40
2009.10.13 02:25:23.802,1.57675,1.57685,11.20,1.00
2009.10.13 02:25:24.092,1.57685,1.57705,3.10,1.10
2009.10.13 02:25:24.372,1.5769,1.57705,1.00,1.20
2009.10.13 02:25:24.552,1.57685,1.57705,1.00,7.90
2009.10.13 02:25:25.072,1.5768,1.57705,1.00,11.90
2009.10.13 02:25:25.302,1.5768,1.57695,1.00,4.80
2009.10.13 02:25:25.532,1.5769,1.57705,1.00,4.00
2009.10.13 02:25:25.872,1.5769,1.57695,1.00,2.40
2009.10.13 02:25:27.121,1.5769,1.577,1.00,5.50
2009.10.13 02:25:27.362,1.5769,1.577,1.00,2.40
2009.10.13 02:25:27.651,1.5769,1.577,1.00,4.80
2009.10.13 02:25:28.061,1.5769,1.577,1.00,2.40
2009.10.13 02:25:28.281,1.5769,1.57695,1.00,2.40
2009.10.13 02:25:28.811,1.57685,1.5769,1.00,2.40
2009.10.13 02:25:29.841,1.5769,1.577,1.00,5.50
2009.10.13 02:25:30.131,1.57685,1.577,1.00,6.20
2009.10.13 02:25:34.350,1.57685,1.57695,1.00,2.40
2009.10.13 02:25:40.529,1.57685,1.577,1.00,4.80
2009.10.13 02:25:40.818,1.5769,1.577,1.00,2.40
2009.10.13 02:25:47.346,1.5769,1.57705,1.00,5.30
2009.10.13 02:25:47.926,1.57685,1.57705,1.00,5.30
2009.10.13 02:25:48.086,1.57685,1.577,1.00,2.40
2009.10.13 02:25:48.317,1.57685,1.577,1.00,4.80
2009.10.13 02:25:48.616,1.57685,1.577,1.00,2.40
2009.10.13 02:25:48.966,1.57685,1.577,1.00,4.80
2009.10.13 02:25:50.995,1.57685,1.577,1.00,4.90
2009.10.13 02:25:52.345,1.57685,1.577,1.00,2.50
2009.10.13 02:26:01.853,1.57685,1.57705,1.00,1.00
2009.10.13 02:26:02.213,1.5768,1.5771,6.40,1.00
2009.10.13 02:26:04.342,1.5769,1.5771,1.00,3.10
2009.10.13 02:26:07.522,1.5769,1.577,1.00,2.40
2009.10.13 02:26:08.061,1.57685,1.577,1.00,2.40
2009.10.13 02:26:21.818,1.57685,1.577,1.00,2.40
2009.10.13 02:26:28.946,1.57685,1.57705,1.00,3.10
2009.10.13 02:26:31.716,1.5768,1.57705,4.10,2.40
2009.10.13 02:26:55.160,1.57685,1.5771,3.30,3.30
2009.10.13 02:26:55.400,1.5769,1.57705,1.00,2.40
2009.10.13 02:26:55.460,1.5769,1.5771,1.00,3.30
2009.10.13 02:26:57.339,1.5769,1.5771,1.00,3.30
2009.10.13 02:27:20.734,1.5769,1.57705,1.00,2.40
2009.10.13 02:27:21.204,1.5769,1.57705,1.00,2.40
2009.10.13 02:27:21.884,1.57685,1.57705,1.00,3.50
2009.10.13 02:27:22.963,1.57685,1.57705,1.00,3.90
2009.10.13 02:27:23.133,1.57685,1.577,1.00,1.00
2009.10.13 02:27:23.353,1.57675,1.57695,5.60,1.00
2009.10.13 02:27:23.583,1.57675,1.57695,5.50,1.00
2009.10.13 02:27:25.193,1.57675,1.577,5.50,1.00
2009.10.13 02:27:28.522,1.5767,1.5769,8.70,1.00
2009.10.13 02:27:28.642,1.5767,1.57695,5.50,1.50
2009.10.13 02:27:34.071,1.5767,1.5769,5.60,1.00
2009.10.13 02:27:48.447,1.5767,1.5769,5.50,1.00
2009.10.13 02:27:50.067,1.57675,1.57695,1.00,1.00
2009.10.13 02:27:50.127,1.57675,1.57695,3.10,1.00
2009.10.13 02:27:50.187,1.57675,1.57695,5.50,1.00
2009.10.13 02:28:06.603,1.57675,1.57695,5.50,1.00
2009.10.13 02:28:07.703,1.5767,1.5769,3.10,1.00
2009.10.13 02:28:08.043,1.5767,1.5768,2.40,1.00
2009.10.13 02:28:08.393,1.57665,1.5768,1.00,1.00
2009.10.13 02:28:08.732,1.5766,1.57675,2.40,1.20
2009.10.13 02:28:09.072,1.57655,1.57675,2.40,1.20
2009.10.13 02:28:09.772,1.5765,1.57675,3.10,1.20
2009.10.13 02:28:10.112,1.57655,1.5768,1.00,1.30
2009.10.13 02:28:14.151,1.57655,1.5768,1.00,1.60
2009.10.13 02:28:16.310,1.57655,1.57675,1.00,1.00
2009.10.13 02:28:21.659,1.57655,1.57675,1.00,1.00
2009.10.13 02:28:33.127,1.57665,1.5769,1.00,4.60
2009.10.13 02:28:37.606,1.57665,1.5769,1.00,5.40
2009.10.13 02:28:38.255,1.57665,1.5768,1.00,1.00
2009.10.13 02:28:38.825,1.5766,1.57685,1.00,4.60
2009.10.13 02:28:39.115,1.5766,1.57685,1.00,8.60
2009.10.13 02:28:39.345,1.57655,1.5768,1.00,1.60
2009.10.13 02:28:39.575,1.5765,1.57675,3.10,1.20
2009.10.13 02:28:39.795,1.57655,1.57675,2.40,1.20
2009.10.13 02:28:40.875,1.57655,1.5768,1.00,1.00
2009.10.13 02:28:41.445,1.57655,1.5768,1.00,1.10
2009.10.13 02:28:47.473,1.57655,1.57685,1.00,7.60
2009.10.13 02:28:49.473,1.5765,1.57675,3.20,1.00
2009.10.13 02:28:49.992,1.57655,1.5768,1.00,3.60
2009.10.13 02:28:50.932,1.57655,1.5768,3.20,3.60
2009.10.13 02:28:51.322,1.57655,1.57675,3.20,1.00
2009.10.13 02:28:51.672,1.57655,1.57675,1.00,1.00
2009.10.13 02:28:53.152,1.5765,1.5767,1.00,1.00
2009.10.13 02:28:54.262,1.5765,1.5767,1.00,1.00
2009.10.13 02:28:55.282,1.5765,1.5767,1.00,1.00
2009.10.13 02:28:56.361,1.5765,1.5767,1.00,1.00
2009.10.13 02:28:58.060,1.5765,1.5767,1.00,1.00
2009.10.13 02:28:59.301,1.57655,1.57675,1.00,1.00
2009.10.13 02:28:59.951,1.57655,1.57665,1.00,3.20
2009.10.13 02:29:00.230,1.5764,1.57665,1.00,4.30
2009.10.13 02:29:00.460,1.5764,1.5766,1.00,3.60
2009.10.13 02:29:00.740,1.5764,1.5766,1.00,3.10
2009.10.13 02:29:03.169,1.5764,1.5766,1.00,4.30
2009.10.13 02:29:03.439,1.57635,1.5766,1.00,4.30
2009.10.13 02:29:03.660,1.57635,1.57655,1.00,1.00
2009.10.13 02:29:04.169,1.57635,1.5766,1.00,6.70
2009.10.13 02:29:04.509,1.5763,1.57655,1.00,3.90
2009.10.13 02:29:05.029,1.57635,1.5766,1.00,1.90
2009.10.13 02:29:06.638,1.5763,1.57655,1.00,1.90
2009.10.13 02:29:09.238,1.5763,1.5765,1.00,1.00
2009.10.13 02:29:10.148,1.5763,1.57655,3.10,1.90
2009.10.13 02:29:10.807,1.5763,1.57655,3.00,1.50
2009.10.13 02:29:11.447,1.5763,1.57655,3.00,1.30
2009.10.13 02:29:16.306,1.5764,1.5765,1.00,1.00
2009.10.13 02:29:16.626,1.57645,1.5767,1.00,7.40
2009.10.13 02:29:19.715,1.57645,1.5767,1.00,7.00
2009.10.13 02:29:21.085,1.57645,1.57665,1.00,1.80
2009.10.13 02:29:21.195,1.5764,1.5766,1.00,1.00
2009.10.13 02:29:21.905,1.5764,1.5766,1.00,1.00
2009.10.13 02:29:22.835,1.5764,1.5766,1.00,1.10
2009.10.13 02:29:23.165,1.5763,1.5765,1.00,1.00
2009.10.13 02:29:23.284,1.5763,1.57655,1.00,7.50
2009.10.13 02:29:23.624,1.57625,1.5765,3.20,1.50
2009.10.13 02:29:23.914,1.57625,1.5765,3.20,3.90
2009.10.13 02:29:24.324,1.57625,1.5765,3.20,1.50
2009.10.13 02:29:27.944,1.57625,1.57645,4.30,1.00
2009.10.13 02:29:28.294,1.5763,1.57645,1.00,1.00
2009.10.13 02:29:29.043,1.5763,1.5765,1.00,1.50
2009.10.13 02:29:29.103,1.5763,1.5765,1.00,1.50
2009.10.13 02:29:32.463,1.5763,1.5765,1.00,1.00
2009.10.13 02:29:33.103,1.5763,1.5765,3.20,1.00
2009.10.13 02:29:34.432,1.57635,1.5765,1.00,1.30
2009.10.13 02:29:34.672,1.57635,1.5765,1.00,3.80
2009.10.13 02:29:35.662,1.5763,1.5765,1.00,3.80
2009.10.13 02:29:41.210,1.5763,1.5764,1.00,1.00
2009.10.13 02:29:42.260,1.57625,1.57645,1.00,5.40
2009.10.13 02:29:42.480,1.57625,1.5764,1.00,1.30
2009.10.13 02:29:42.880,1.57625,1.57645,1.00,7.80
2009.10.13 02:29:43.790,1.57625,1.57645,1.00,7.80
2009.10.13 02:29:44.130,1.57625,1.5765,1.00,13.80
2009.10.13 02:29:47.649,1.57625,1.5765,1.00,13.40
2009.10.13 02:29:47.829,1.5763,1.57645,1.00,2.40
2009.10.13 02:29:47.989,1.5763,1.5765,1.00,8.70
2009.10.13 02:29:48.169,1.5763,1.5765,1.00,8.50
2009.10.13 02:29:48.389,1.57635,1.57655,1.00,7.50
2009.10.13 02:30:00.326,1.57635,1.57655,1.00,7.70
2009.10.13 02:30:08.064,1.5764,1.5766,1.00,9.10
2009.10.13 02:30:08.304,1.57645,1.5766,2.40,6.30
2009.10.13 02:30:08.484,1.57645,1.57665,1.00,8.30
2009.10.13 02:30:10.233,1.57645,1.57665,1.00,8.50
2009.10.13 02:30:20.631,1.57645,1.57665,1.00,8.10
2009.10.13 02:30:24.140,1.5765,1.57665,1.00,1.00
2009.10.13 02:30:24.760,1.5765,1.57665,1.00,1.00
2009.10.13 02:30:25.880,1.5765,1.57665,1.00,1.00
2009.10.13 02:30:27.139,1.57655,1.5767,1.00,8.20
2009.10.13 02:30:27.309,1.57655,1.57675,1.60,1.50
2009.10.13 02:30:27.419,1.5766,1.57675,1.00,1.00
2009.10.13 02:30:28.219,1.5766,1.57675,1.00,1.00
2009.10.13 02:30:31.278,1.5766,1.5768,1.00,5.80
2009.10.13 02:30:34.058,1.5766,1.5768,1.00,6.60
2009.10.13 02:30:34.238,1.57655,1.57675,1.00,4.90
2009.10.13 02:30:34.348,1.57655,1.57675,1.00,7.30
2009.10.13 02:30:36.307,1.57655,1.57675,1.00,7.50
2009.10.13 02:30:38.477,1.5765,1.5767,1.00,1.00
2009.10.13 02:30:38.637,1.5765,1.5767,1.00,5.50
2009.10.13 02:30:40.236,1.57655,1.5767,1.00,1.00
2009.10.13 02:30:40.356,1.5766,1.57675,1.00,1.00
2009.10.13 02:30:50.334,1.5765,1.5767,1.00,5.50
2009.10.13 02:30:51.813,1.5765,1.5767,1.00,5.50
2009.10.13 02:30:52.443,1.5765,1.5767,1.00,5.50
2009.10.13 02:30:54.523,1.5765,1.5767,1.00,3.10
2009.10.13 02:30:54.643,1.5765,1.57675,1.60,7.70
2009.10.13 02:30:56.372,1.5765,1.57675,4.80,7.70
2009.10.13 02:30:56.542,1.57655,1.57675,1.50,5.10
2009.10.13 02:30:56.712,1.57655,1.57675,1.50,1.10
2009.10.13 02:30:56.883,1.5766,1.57675,1.00,1.00
2009.10.13 02:31:01.621,1.5766,1.57675,1.00,1.00
2009.10.13 02:31:05.120,1.5766,1.5768,1.00,5.90
2009.10.13 02:31:05.860,1.5766,1.5768,1.00,5.90
2009.10.13 02:31:07.710,1.5766,1.5768,1.00,5.50
2009.10.13 02:31:09.679,1.57655,1.57675,1.00,1.00
2009.10.13 02:31:11.699,1.5767,1.57685,1.00,1.70
2009.10.13 02:31:11.999,1.57655,1.57675,1.00,1.00
2009.10.13 02:31:17.647,1.5765,1.5767,1.00,1.00
2009.10.13 02:31:28.265,1.57645,1.5767,1.00,10.00
2009.10.13 02:31:28.555,1.57645,1.5766,1.00,2.40
2009.10.13 02:31:28.785,1.5765,1.57665,1.00,4.00
2009.10.13 02:31:28.845,1.5765,1.57665,1.00,2.40
2009.10.13 02:31:31.674,1.5765,1.57665,1.00,3.10
2009.10.13 02:31:31.844,1.5765,1.57665,1.00,4.70
2009.10.13 02:31:32.184,1.57645,1.5766,1.00,2.40
2009.10.13 02:31:33.174,1.57645,1.5766,1.00,3.10
2009.10.13 02:31:33.353,1.57645,1.5766,1.00,1.00
2009.10.13 02:31:43.131,1.57645,1.5766,1.00,1.00
2009.10.13 02:31:49.239,1.5765,1.5766,1.00,1.00
2009.10.13 02:31:51.329,1.57645,1.5766,1.00,1.00
2009.10.13 02:32:00.357,1.57645,1.5765,1.00,1.00
2009.10.13 02:32:00.537,1.5764,1.57645,2.40,1.00
2009.10.13 02:32:00.937,1.5764,1.57655,2.40,1.00
2009.10.13 02:32:01.107,1.5764,1.57655,2.50,1.00
2009.10.13 02:32:02.137,1.5764,1.5765,2.50,1.00
2009.10.13 02:32:02.996,1.5764,1.5765,2.70,1.00
2009.10.13 02:32:03.276,1.57645,1.57655,1.00,1.00
2009.10.13 02:32:11.495,1.57645,1.57655,2.50,1.00
2009.10.13 02:32:12.854,1.5764,1.57655,2.40,1.00
2009.10.13 02:32:13.134,1.57635,1.57655,1.20,1.00
2009.10.13 02:32:13.854,1.57635,1.57655,1.20,3.10
2009.10.13 02:32:20.932,1.57635,1.5765,1.00,1.00
2009.10.13 02:32:25.171,1.57635,1.5765,1.00,1.00
2009.10.13 02:32:25.761,1.57635,1.5765,2.90,1.00
2009.10.13 02:32:27.250,1.5764,1.5765,1.00,1.00
2009.10.13 02:32:28.350,1.57635,1.5765,2.90,1.00
2009.10.13 02:32:41.117,1.5764,1.5765,1.00,1.00
2009.10.13 02:32:42.067,1.5764,1.5765,1.00,1.00
2009.10.13 02:32:44.366,1.5764,1.5765,2.50,1.00
2009.10.13 02:32:44.606,1.5764,1.57655,2.50,1.00
2009.10.13 02:32:45.116,1.5764,1.5766,3.30,1.00
2009.10.13 02:32:45.566,1.5764,1.57655,2.50,1.00
2009.10.13 02:32:45.746,1.5764,1.5766,3.30,1.00
2009.10.13 02:32:46.156,1.5764,1.57665,2.50,1.50
2009.10.13 02:32:46.846,1.57645,1.57665,1.00,1.00
2009.10.13 02:32:47.755,1.5764,1.5765,1.00,1.00
2009.10.13 02:32:48.715,1.5764,1.5765,1.00,1.00
2009.10.13 02:32:48.825,1.5764,1.57655,1.00,1.00
2009.10.13 02:32:50.095,1.57635,1.57655,1.00,3.10
2009.10.13 02:32:58.413,1.57635,1.57655,1.00,3.10
2009.10.13 02:33:35.234,1.57635,1.57655,1.20,5.40
2009.10.13 02:33:37.323,1.57635,1.57655,1.20,3.00
2009.10.13 02:33:37.444,1.57635,1.57655,1.20,1.00
2009.10.13 02:33:37.563,1.57635,1.57655,1.20,1.40
2009.10.13 02:33:37.803,1.57635,1.5765,1.00,1.00
2009.10.13 02:33:41.493,1.57635,1.5765,1.00,1.00
2009.10.13 02:33:50.791,1.57635,1.5765,1.00,1.00
2009.10.13 02:33:52.800,1.57635,1.5765,1.20,1.00
2009.10.13 02:33:53.160,1.5764,1.5766,1.00,5.50
2009.10.13 02:34:00.848,1.5764,1.5766,1.00,1.00
2009.10.13 02:34:02.867,1.5764,1.5766,1.50,1.00
2009.10.13 02:34:03.337,1.57645,1.57665,1.00,7.70
2009.10.13 02:34:07.126,1.57645,1.57665,1.00,7.30
2009.10.13 02:34:08.426,1.57645,1.57665,1.20,7.30
2009.10.13 02:34:13.695,1.57645,1.57665,1.20,7.70
2009.10.13 02:34:29.421,1.57645,1.57665,1.30,7.70
2009.10.13 02:34:30.991,1.57645,1.57665,1.20,7.70
2009.10.13 02:34:31.401,1.57645,1.5766,1.00,1.00
2009.10.13 02:34:33.390,1.57645,1.5766,1.20,1.00
2009.10.13 02:34:33.720,1.57655,1.5767,1.00,2.30
2009.10.13 02:34:33.840,1.57655,1.5767,1.00,3.10
2009.10.13 02:34:34.020,1.57645,1.57665,1.10,1.00
2009.10.13 02:34:34.950,1.5765,1.5767,1.00,5.50
2009.10.13 02:34:46.167,1.57655,1.5767,1.00,5.50
2009.10.13 02:35:03.553,1.5766,1.57675,1.00,6.90
2009.10.13 02:35:03.723,1.5766,1.57675,1.00,6.50
2009.10.13 02:35:05.922,1.5766,1.57675,1.00,7.30
2009.10.13 02:35:08.512,1.57655,1.57675,1.00,11.20
2009.10.13 02:35:08.861,1.5765,1.57675,1.00,12.00
2009.10.13 02:35:09.232,1.57665,1.5767,1.00,2.40
2009.10.13 02:35:09.452,1.57655,1.57675,1.10,5.50
2009.10.13 02:35:09.741,1.57655,1.57675,1.00,5.50
2009.10.13 02:35:10.021,1.57665,1.57675,1.00,4.80
2009.10.13 02:35:12.101,1.57665,1.57675,1.00,2.40
2009.10.13 02:35:12.721,1.57665,1.57675,1.00,4.80
2009.10.13 02:35:17.540,1.5766,1.57675,1.00,4.80
2009.10.13 02:35:29.387,1.5766,1.5768,1.00,5.50
2009.10.13 02:35:29.837,1.5766,1.57675,1.00,4.80
2009.10.13 02:35:30.416,1.5766,1.57675,1.00,2.40
2009.10.13 02:35:37.215,1.5766,1.57675,1.00,4.80
2009.10.13 02:35:42.194,1.5766,1.57675,1.00,2.40
2009.10.13 02:35:42.244,1.5766,1.5768,1.00,3.10
2009.10.13 02:35:42.483,1.5766,1.5768,1.00,1.00
2009.10.13 02:35:43.813,1.5766,1.5768,1.00,3.10
2009.10.13 02:35:47.052,1.5766,1.5768,1.00,1.00
2009.10.13 02:35:48.892,1.5766,1.5768,1.00,1.00
2009.10.13 02:35:50.322,1.5766,1.5768,1.00,3.10
2009.10.13 02:35:50.891,1.5766,1.5768,1.00,2.60
2009.10.13 02:35:51.171,1.5766,1.5768,1.00,1.00
2009.10.13 02:35:58.660,1.5766,1.5768,1.60,1.00
2009.10.13 02:35:59.010,1.57665,1.57685,1.00,5.00
2009.10.13 02:36:01.689,1.5766,1.57685,1.00,5.50
2009.10.13 02:36:08.757,1.5766,1.5768,1.60,1.00
2009.10.13 02:36:09.227,1.57665,1.57685,1.00,5.50
2009.10.13 02:36:11.027,1.57665,1.57685,1.00,5.50
2009.10.13 02:36:14.426,1.57665,1.57685,1.00,3.10
2009.10.13 02:36:17.335,1.57665,1.57685,1.00,1.00
2009.10.13 02:36:17.975,1.57665,1.57685,1.70,1.00
2009.10.13 02:36:18.265,1.5767,1.5769,1.00,5.70
2009.10.13 02:36:25.183,1.5767,1.5769,1.00,5.70
2009.10.13 02:36:36.271,1.5767,1.5769,1.00,5.70
2009.10.13 02:36:37.710,1.5767,1.5769,1.00,5.50
2009.10.13 02:36:39.160,1.5767,1.5769,1.00,5.70
2009.10.13 02:36:39.680,1.5767,1.5769,1.00,5.50
2009.10.13 02:36:41.089,1.5767,1.5769,1.00,5.70
2009.10.13 02:36:44.219,1.5767,1.5769,1.00,5.50
2009.10.13 02:36:45.138,1.5767,1.5769,1.00,5.50
2009.10.13 02:36:46.658,1.5767,1.5769,1.00,5.50
2009.10.13 02:36:48.368,1.5767,1.5769,1.00,5.70
2009.10.13 02:36:50.137,1.5767,1.5769,1.00,5.50
2009.10.13 02:36:50.477,1.5767,1.5769,1.00,5.50
2009.10.13 02:36:52.767,1.5767,1.5769,1.00,5.50
2009.10.13 02:36:58.505,1.5767,1.5769,1.00,5.50
2009.10.13 02:37:02.345,1.5767,1.5769,1.00,3.10
2009.10.13 02:37:03.394,1.5767,1.5769,1.00,5.50
2009.10.13 02:37:03.744,1.5767,1.5769,1.00,3.10
2009.10.13 02:37:05.143,1.5767,1.5769,1.00,5.50
2009.10.13 02:37:11.332,1.5767,1.5769,1.00,5.50
2009.10.13 02:37:11.452,1.5767,1.57685,1.00,2.40
2009.10.13 02:37:17.891,1.5767,1.5769,1.00,3.10
2009.10.13 02:37:18.520,1.5767,1.57685,1.00,2.40
2009.10.13 02:37:19.100,1.5767,1.57685,1.00,2.40
2009.10.13 02:37:23.259,1.5767,1.5769,1.00,3.10
2009.10.13 02:37:23.829,1.5767,1.57685,1.00,2.40
2009.10.13 02:37:23.949,1.5767,1.5769,1.00,3.10
2009.10.13 02:37:24.119,1.5767,1.57685,1.00,2.40
2009.10.13 02:37:39.466,1.5767,1.5768,1.00,2.40
2009.10.13 02:37:39.645,1.57665,1.57685,1.00,7.10
2009.10.13 02:37:39.945,1.57665,1.57685,1.00,7.90
2009.10.13 02:37:40.125,1.57665,1.5769,1.10,11.00
2009.10.13 02:37:40.305,1.57665,1.5769,1.10,6.30
2009.10.13 02:37:40.825,1.57665,1.5769,3.30,7.90
2009.10.13 02:37:41.045,1.57665,1.5769,1.00,6.30
2009.10.13 02:37:41.505,1.57665,1.5769,1.00,6.30
2009.10.13 02:37:45.674,1.57665,1.5768,1.00,3.10
2009.10.13 02:37:46.294,1.57665,1.5769,1.00,11.10
2009.10.13 02:37:50.193,1.57665,1.57685,1.00,5.50
2009.10.13 02:37:51.123,1.57665,1.5768,1.00,2.40
2009.10.13 02:37:51.472,1.57665,1.5769,1.00,11.10
2009.10.13 02:37:51.942,1.57665,1.5769,1.00,6.40
2009.10.13 02:37:57.151,1.5767,1.5769,1.00,5.60
2009.10.13 02:37:57.621,1.5767,1.57685,1.00,2.40
2009.10.13 02:37:57.731,1.5767,1.57685,1.00,6.40
2009.10.13 02:37:58.431,1.57665,1.57685,1.00,7.10
2009.10.13 02:37:58.551,1.57665,1.57685,1.00,7.10
2009.10.13 02:37:58.781,1.57665,1.57685,1.00,1.00
2009.10.13 02:38:01.040,1.57665,1.57685,1.00,1.00
2009.10.13 02:38:04.669,1.57665,1.57685,1.00,1.00
2009.10.13 02:38:15.547,1.57665,1.57685,1.00,1.00
2009.10.13 02:38:22.255,1.57665,1.57685,1.00,1.00
2009.10.13 02:38:29.163,1.57665,1.57685,1.00,1.00
2009.10.13 02:38:38.161,1.5767,1.57685,1.00,1.00
2009.10.13 02:38:38.511,1.5767,1.5769,1.00,5.50
2009.10.13 02:38:38.851,1.5767,1.57685,1.00,1.00
2009.10.13 02:38:39.771,1.57665,1.57685,1.00,1.00
2009.10.13 02:38:41.151,1.5767,1.57685,1.00,1.00
2009.10.13 02:38:47.349,1.57665,1.57685,1.00,1.00
2009.10.13 02:38:49.258,1.57665,1.57685,1.00,1.00
2009.10.13 02:38:51.918,1.57665,1.57685,1.00,1.00
2009.10.13 02:38:52.868,1.5766,1.5768,3.30,1.00
2009.10.13 02:38:55.147,1.5766,1.57685,3.50,1.00
2009.10.13 02:39:05.195,1.5767,1.5768,1.00,1.00
2009.10.13 02:39:05.774,1.57665,1.57685,1.00,1.00
2009.10.13 02:39:05.894,1.57665,1.57685,1.00,3.10
2009.10.13 02:39:06.285,1.5766,1.57685,1.00,7.90
2009.10.13 02:39:08.304,1.57665,1.5768,1.00,1.00
2009.10.13 02:39:12.863,1.5766,1.57675,1.00,1.00
2009.10.13 02:39:21.981,1.5766,1.5768,1.00,1.00
2009.10.13 02:39:27.869,1.5766,1.5768,1.00,1.00
2009.10.13 02:39:28.559,1.57665,1.57685,1.00,7.30
2009.10.13 02:39:29.259,1.57665,1.57685,1.00,8.10
2009.10.13 02:39:29.609,1.5766,1.5768,1.00,1.00
2009.10.13 02:39:30.299,1.57665,1.57685,1.00,8.00
2009.10.13 02:39:33.858,1.5767,1.57685,1.00,6.40
2009.10.13 02:39:34.098,1.5767,1.57685,1.00,6.50
2009.10.13 02:39:34.338,1.5767,1.57685,1.00,7.30
2009.10.13 02:39:34.558,1.5766,1.5768,1.00,1.00
2009.10.13 02:39:35.237,1.5766,1.5768,1.10,1.00
2009.10.13 02:39:37.787,1.5767,1.57685,1.00,6.40
2009.10.13 02:39:40.546,1.5766,1.57685,1.00,7.90
2009.10.13 02:39:43.905,1.57665,1.57685,1.00,7.30
2009.10.13 02:39:44.475,1.5766,1.57685,1.70,6.50
2009.10.13 02:39:46.825,1.57665,1.57685,1.00,7.30
2009.10.13 02:40:00.381,1.57675,1.57685,1.00,7.30
2009.10.13 02:40:01.201,1.57675,1.57685,1.00,7.10
2009.10.13 02:40:01.321,1.57675,1.57685,1.00,2.40
2009.10.13 02:40:01.421,1.57675,1.5769,1.00,7.30
2009.10.13 02:40:01.472,1.57675,1.5769,1.00,5.70
2009.10.13 02:40:01.531,1.57675,1.5769,1.00,3.30
2009.10.13 02:40:01.701,1.57675,1.5769,1.00,1.00
2009.10.13 02:40:01.811,1.57675,1.5769,1.00,2.30
2009.10.13 02:40:01.871,1.57675,1.57685,1.00,1.60
2009.10.13 02:40:01.921,1.57675,1.57685,1.00,2.30
2009.10.13 02:40:03.151,1.57675,1.57685,1.00,1.00
2009.10.13 02:40:03.851,1.57665,1.57685,1.00,1.00
2009.10.13 02:40:04.200,1.57665,1.57685,1.00,2.30
2009.10.13 02:40:05.660,1.57665,1.57685,3.30,2.30
2009.10.13 02:40:05.890,1.57665,1.57685,1.00,3.10
2009.10.13 02:40:06.130,1.57665,1.5768,5.70,1.00
2009.10.13 02:40:06.360,1.57665,1.5769,1.00,9.40
2009.10.13 02:40:06.700,1.5767,1.5769,1.00,10.20
2009.10.13 02:40:07.040,1.57675,1.57695,1.00,11.20
2009.10.13 02:40:07.390,1.57675,1.577,1.00,12.10
2009.10.13 02:40:08.100,1.57675,1.577,1.00,12.30
2009.10.13 02:40:08.439,1.57675,1.577,1.00,15.50
2009.10.13 02:40:08.780,1.57675,1.577,3.20,15.50
2009.10.13 02:40:09.069,1.57675,1.577,3.30,15.50
2009.10.13 02:40:10.969,1.57675,1.57695,1.00,7.90
2009.10.13 02:40:11.709,1.57675,1.57695,1.00,8.30
2009.10.13 02:40:12.039,1.57675,1.57695,1.00,9.10
2009.10.13 02:40:13.368,1.57675,1.57695,1.00,9.10
2009.10.13 02:40:16.098,1.57675,1.5769,1.00,1.00
2009.10.13 02:40:16.208,1.57675,1.5769,1.00,2.00
2009.10.13 02:40:16.558,1.5767,1.5768,1.00,1.00
2009.10.13 02:40:16.917,1.5767,1.57685,1.00,4.00
2009.10.13 02:40:17.668,1.5767,1.5769,1.00,5.00
2009.10.13 02:40:17.897,1.5767,1.57685,1.00,4.00
2009.10.13 02:40:18.177,1.5767,1.57685,1.00,2.50
2009.10.13 02:40:18.397,1.5767,1.5769,1.00,10.60
2009.10.13 02:40:18.747,1.5767,1.57695,1.00,14.60
2009.10.13 02:40:19.087,1.5767,1.57695,1.00,13.80
2009.10.13 02:40:19.487,1.5767,1.57685,1.00,4.00
2009.10.13 02:40:25.566,1.5767,1.5768,1.00,1.60
2009.10.13 02:40:25.745,1.57675,1.57695,1.00,15.50
2009.10.13 02:40:25.925,1.57675,1.57685,1.00,1.00
2009.10.13 02:40:26.155,1.5767,1.57695,1.00,13.90
2009.10.13 02:40:26.325,1.5767,1.5769,1.00,9.00
2009.10.13 02:40:26.495,1.5767,1.5769,1.00,8.40
2009.10.13 02:40:27.135,1.5767,1.57695,1.00,15.50
2009.10.13 02:40:27.425,1.5767,1.57695,1.00,14.10
2009.10.13 02:40:30.894,1.5767,1.5769,1.00,8.20
2009.10.13 02:40:30.944,1.5767,1.5769,1.00,5.80
2009.10.13 02:40:31.234,1.57675,1.5769,1.00,2.00
2009.10.13 02:40:39.222,1.57675,1.5769,1.00,2.00
2009.10.13 02:40:39.512,1.57675,1.5769,1.00,2.00
2009.10.13 02:40:48.120,1.57675,1.5769,1.00,2.00
2009.10.13 02:40:49.050,1.57675,1.5769,1.00,2.00
2009.10.13 02:40:53.129,1.57675,1.5769,1.00,3.40
2009.10.13 02:40:53.409,1.57675,1.5768,1.00,1.00
2009.10.13 02:40:53.649,1.57675,1.57685,1.00,1.60
2009.10.13 02:40:53.929,1.5767,1.5769,1.00,9.70
2009.10.13 02:40:54.228,1.57665,1.57685,1.00,1.60
2009.10.13 02:40:55.578,1.5767,1.57685,1.00,1.00
2009.10.13 02:41:00.097,1.57665,1.5768,1.00,2.40
2009.10.13 02:41:00.447,1.5766,1.57685,3.10,11.20
2009.10.13 02:41:00.627,1.5766,1.57685,2.50,11.60
2009.10.13 02:41:01.037,1.5766,1.57685,2.50,16.00
2009.10.13 02:41:01.197,1.5766,1.57675,2.50,1.60
2009.10.13 02:41:01.897,1.5766,1.57675,2.70,1.60
2009.10.13 02:41:02.427,1.5766,1.57675,2.50,1.00
2009.10.13 02:41:02.767,1.5766,1.57665,1.00,1.00
2009.10.13 02:41:03.126,1.5766,1.5767,2.50,1.00
2009.10.13 02:41:04.326,1.5766,1.5767,2.70,1.00
2009.10.13 02:41:04.906,1.5766,1.5767,2.50,1.00
2009.10.13 02:41:05.266,1.5766,1.5767,2.70,1.00
2009.10.13 02:41:05.616,1.5766,1.5767,2.50,1.00
2009.10.13 02:41:06.945,1.57665,1.57675,1.00,1.00
2009.10.13 02:41:07.405,1.57665,1.5768,1.00,3.00
2009.10.13 02:41:22.772,1.57665,1.57675,1.00,1.00
2009.10.13 02:41:33.169,1.57665,1.5768,1.00,3.10
2009.10.13 02:42:18.228,1.57665,1.5769,1.00,13.20
2009.10.13 02:42:18.638,1.57665,1.5769,1.00,14.90
2009.10.13 02:42:22.867,1.57665,1.57685,1.00,6.80
2009.10.13 02:42:28.056,1.57675,1.57695,4.00,4.00
2009.10.13 02:42:28.176,1.5768,1.577,1.00,13.80
2009.10.13 02:42:28.356,1.57675,1.57695,1.60,1.50
2009.10.13 02:42:28.526,1.57675,1.57695,1.00,5.50
2009.10.13 02:42:28.696,1.5767,1.57695,3.30,5.50
2009.10.13 02:42:28.866,1.5767,1.57695,1.00,10.30
2009.10.13 02:42:29.036,1.5767,1.57695,1.00,5.50
2009.10.13 02:42:29.555,1.5767,1.57695,1.00,10.30
2009.10.13 02:42:32.935,1.5767,1.57695,1.00,11.20
2009.10.13 02:42:33.285,1.5767,1.5769,1.00,5.50
2009.10.13 02:43:16.914,1.5767,1.5769,3.30,3.10
2009.10.13 02:43:18.994,1.5767,1.5769,1.00,5.50
2009.10.13 02:43:19.233,1.5767,1.5769,3.30,3.10
2009.10.13 02:43:19.453,1.5767,1.5769,3.30,1.00
2009.10.13 02:43:19.683,1.5767,1.5769,3.30,3.10
2009.10.13 02:43:21.113,1.5767,1.5769,3.50,3.10
2009.10.13 02:43:22.213,1.57675,1.5769,1.00,1.00
2009.10.13 02:43:28.661,1.57675,1.57695,1.00,7.30
2009.10.13 02:43:34.800,1.57675,1.5769,1.00,2.40
2009.10.13 02:43:34.980,1.5767,1.57695,1.00,8.00
2009.10.13 02:43:35.150,1.5767,1.57695,1.00,10.40
2009.10.13 02:43:36.359,1.5767,1.57695,1.00,10.10
2009.10.13 02:43:36.589,1.5767,1.57695,1.00,10.50
2009.10.13 02:43:36.699,1.5767,1.57695,1.00,8.20
2009.10.13 02:43:38.639,1.57675,1.57695,1.00,8.10
2009.10.13 02:43:38.809,1.57675,1.57695,1.00,7.70
2009.10.13 02:43:50.276,1.5768,1.57695,1.00,1.00
2009.10.13 02:43:52.595,1.5768,1.577,1.60,6.70
2009.10.13 02:43:52.945,1.57685,1.57695,1.00,1.00
2009.10.13 02:43:54.575,1.57685,1.577,1.00,1.00
2009.10.13 02:43:55.255,1.57685,1.57705,1.00,7.70
2009.10.13 02:43:55.315,1.57685,1.57705,1.00,9.30
2009.10.13 02:44:00.594,1.5769,1.57705,1.00,2.90
2009.10.13 02:44:00.814,1.57685,1.57705,1.00,5.30
2009.10.13 02:44:01.054,1.57685,1.57705,1.00,4.10
2009.10.13 02:44:07.992,1.57685,1.57705,1.00,6.50
2009.10.13 02:44:08.352,1.5768,1.57705,1.00,10.40
2009.10.13 02:44:08.692,1.5768,1.577,1.00,7.80
2009.10.13 02:44:10.441,1.5768,1.577,1.00,8.00
2009.10.13 02:44:10.981,1.5768,1.577,1.00,8.00
2009.10.13 02:44:11.101,1.5768,1.577,1.00,8.20
2009.10.13 02:44:11.961,1.5768,1.57695,1.50,1.00
2009.10.13 02:44:18.179,1.57685,1.577,1.00,1.00
2009.10.13 02:44:22.058,1.57685,1.577,1.00,1.00
2009.10.13 02:44:27.547,1.57685,1.577,1.00,1.00
2009.10.13 02:44:28.007,1.57685,1.577,1.00,1.00
2009.10.13 02:44:28.357,1.57675,1.57695,3.20,1.30
2009.10.13 02:44:28.717,1.57675,1.57685,1.00,1.00
2009.10.13 02:44:29.767,1.57675,1.57685,1.00,1.00
2009.10.13 02:44:29.887,1.57665,1.57685,4.90,3.90
2009.10.13 02:44:29.947,1.57665,1.57685,3.30,3.90
2009.10.13 02:44:33.416,1.5766,1.57675,1.00,1.00
2009.10.13 02:44:33.775,1.5766,1.57675,1.00,1.00
2009.10.13 02:44:34.056,1.57655,1.57675,1.00,1.50
2009.10.13 02:44:34.576,1.57655,1.57675,3.10,1.50
2009.10.13 02:44:36.255,1.57655,1.57675,3.90,1.00
2009.10.13 02:44:36.315,1.5766,1.57675,2.40,1.00
2009.10.13 02:44:36.365,1.5766,1.5768,3.10,3.10
2009.10.13 02:44:36.605,1.5766,1.5768,3.10,1.00
2009.10.13 02:44:37.455,1.57655,1.57675,3.10,1.10
2009.10.13 02:44:37.925,1.57655,1.57675,3.10,1.50
2009.10.13 02:44:39.824,1.57655,1.57675,1.00,1.90
2009.10.13 02:44:40.004,1.57655,1.57675,1.00,2.30
2009.10.13 02:44:40.064,1.5765,1.5767,3.10,1.00
2009.10.13 02:44:40.414,1.5765,1.57665,2.40,1.00
2009.10.13 02:44:40.464,1.57645,1.57665,3.10,1.00
2009.10.13 02:44:40.934,1.57645,1.57665,3.20,1.00
2009.10.13 02:44:41.214,1.57645,1.57665,1.00,1.00
2009.10.13 02:44:43.043,1.5765,1.57665,2.40,1.00
2009.10.13 02:44:51.032,1.5765,1.57665,2.50,1.00
2009.10.13 02:44:55.130,1.57655,1.57665,1.00,1.00
2009.10.13 02:44:56.140,1.57655,1.5767,1.00,1.00
2009.10.13 02:45:02.539,1.57655,1.5767,2.50,1.00
2009.10.13 02:45:04.318,1.5766,1.5767,1.00,1.00
2009.10.13 02:45:13.856,1.5766,1.57675,1.00,1.00
2009.10.13 02:45:15.255,1.5766,1.57675,2.50,1.00
2009.10.13 02:45:32.271,1.57665,1.57675,1.00,1.00
2009.10.13 02:45:32.442,1.57665,1.57675,2.50,1.00
2009.10.13 02:45:32.791,1.57665,1.5768,2.70,1.00
2009.10.13 02:45:34.341,1.5767,1.5768,1.00,1.00
2009.10.13 02:45:43.599,1.5767,1.5768,2.50,1.00
2009.10.13 02:45:44.299,1.5767,1.57685,2.50,1.00
2009.10.13 02:46:10.182,1.5767,1.57685,2.40,1.00
2009.10.13 02:46:13.312,1.5767,1.57685,2.50,1.00
2009.10.13 02:46:44.034,1.5767,1.57695,2.40,5.60
2009.10.13 02:46:44.384,1.5767,1.57695,2.40,5.70
2009.10.13 02:46:49.133,1.5767,1.57695,2.50,3.20
2009.10.13 02:46:51.032,1.5767,1.57695,2.50,1.00
2009.10.13 02:47:10.367,1.5767,1.577,2.50,6.10
2009.10.13 02:47:10.477,1.5767,1.5769,3.30,1.00
2009.10.13 02:47:10.887,1.5767,1.57685,2.50,1.00
2009.10.13 02:47:11.377,1.5767,1.5769,3.30,1.00
2009.10.13 02:47:11.487,1.5767,1.57685,2.50,1.00
2009.10.13 02:47:12.317,1.5767,1.5769,3.30,1.00
2009.10.13 02:47:12.727,1.5767,1.57685,2.50,1.00
2009.10.13 02:47:13.077,1.5767,1.5769,3.30,1.00
2009.10.13 02:47:13.417,1.5767,1.5769,3.20,1.00
2009.10.13 02:47:14.877,1.5767,1.57685,2.50,1.00
2009.10.13 02:47:15.056,1.57675,1.57685,1.00,1.00
2009.10.13 02:47:15.226,1.57675,1.5769,1.00,1.00
2009.10.13 02:47:15.446,1.57675,1.5769,1.00,1.00
2009.10.13 02:47:21.905,1.57675,1.57695,3.50,2.30
2009.10.13 02:47:22.025,1.57675,1.5769,1.10,4.00
2009.10.13 02:47:22.085,1.57675,1.57685,1.00,1.00
2009.10.13 02:47:22.195,1.57675,1.57685,2.40,1.00
2009.10.13 02:47:22.664,1.57675,1.57695,3.10,1.00
2009.10.13 02:47:34.462,1.57675,1.57695,3.20,1.00
2009.10.13 02:47:39.171,1.57675,1.57695,3.30,1.00
2009.10.13 02:47:39.510,1.57675,1.57695,3.40,1.00
2009.10.13 02:47:39.841,1.57685,1.57695,2.40,1.00
2009.10.13 02:47:40.191,1.57695,1.57705,1.00,2.20
2009.10.13 02:47:40.540,1.57705,1.5771,1.00,1.00
2009.10.13 02:47:40.880,1.577,1.5771,1.00,1.00
2009.10.13 02:47:41.110,1.577,1.57715,1.00,2.40
2009.10.13 02:47:41.280,1.57715,1.5772,1.00,1.00
2009.10.13 02:47:41.510,1.5771,1.5772,1.00,1.00
2009.10.13 02:47:41.740,1.57705,1.5772,3.10,1.00
2009.10.13 02:47:42.151,1.57705,1.5772,1.00,1.00
2009.10.13 02:47:42.370,1.577,1.5772,3.10,1.00
2009.10.13 02:47:43.090,1.577,1.5772,3.90,1.00
2009.10.13 02:47:43.440,1.57705,1.57725,1.00,1.00
2009.10.13 02:47:44.370,1.57705,1.57725,1.00,1.00
2009.10.13 02:47:44.599,1.57705,1.57725,1.00,1.00
2009.10.13 02:47:49.248,1.57705,1.57725,1.00,1.00
2009.10.13 02:47:59.516,1.57705,1.57725,1.00,1.00
2009.10.13 02:48:06.674,1.577,1.5772,1.00,1.00
2009.10.13 02:48:06.954,1.57705,1.57725,1.00,1.00
2009.10.13 02:48:07.514,1.577,1.5773,3.00,3.90
2009.10.13 02:48:07.754,1.57705,1.57725,1.00,1.00
2009.10.13 02:48:08.034,1.577,1.5772,1.00,1.00
2009.10.13 02:48:08.154,1.577,1.5772,7.80,1.00
2009.10.13 02:48:08.504,1.577,1.57725,7.80,1.00
2009.10.13 02:48:09.243,1.57705,1.57725,1.00,3.00
2009.10.13 02:48:09.414,1.57705,1.57725,1.00,1.00
2009.10.13 02:48:09.583,1.577,1.5772,3.90,1.00
2009.10.13 02:48:09.803,1.577,1.57725,7.90,1.00
2009.10.13 02:48:10.573,1.577,1.5772,1.00,1.00
2009.10.13 02:48:10.743,1.577,1.5772,6.30,1.00
2009.10.13 02:48:10.923,1.577,1.57725,7.90,1.00
2009.10.13 02:48:11.323,1.577,1.5772,1.00,1.00
2009.10.13 02:48:11.563,1.57705,1.57725,1.00,1.00
2009.10.13 02:48:12.013,1.577,1.5772,1.50,1.00
2009.10.13 02:48:12.193,1.577,1.57725,5.50,1.00
2009.10.13 02:48:12.552,1.577,1.5772,3.10,1.00
2009.10.13 02:48:12.613,1.577,1.5772,3.90,1.00
2009.10.13 02:48:12.952,1.57705,1.57725,1.00,1.00
2009.10.13 02:48:13.632,1.57705,1.57725,1.00,1.00
2009.10.13 02:48:16.042,1.57705,1.57725,1.00,1.00
2009.10.13 02:48:23.990,1.57705,1.57725,1.00,1.00
2009.10.13 02:48:26.249,1.57705,1.57725,4.40,1.00
2009.10.13 02:48:26.419,1.57725,1.5773,1.00,1.50
2009.10.13 02:48:28.219,1.57705,1.5773,4.60,1.50
2009.10.13 02:48:28.579,1.57705,1.57725,1.00,1.00
2009.10.13 02:48:29.278,1.57705,1.57725,1.00,1.00
2009.10.13 02:48:32.168,1.5773,1.57735,1.00,3.90
2009.10.13 02:48:32.918,1.5773,1.5774,1.00,1.40
2009.10.13 02:48:33.268,1.5773,1.57735,1.00,1.00
2009.10.13 02:48:34.947,1.57715,1.57735,1.00,1.00
2009.10.13 02:48:37.296,1.57715,1.57735,1.00,3.00
2009.10.13 02:48:37.886,1.57705,1.57725,1.60,1.00
2009.10.13 02:48:38.116,1.57705,1.57725,3.20,1.00
2009.10.13 02:48:38.387,1.57705,1.57725,3.60,1.00
2009.10.13 02:48:38.686,1.57705,1.5773,6.00,1.00
2009.10.13 02:48:39.726,1.57705,1.57735,1.20,3.80
2009.10.13 02:48:40.006,1.5771,1.5774,1.00,4.70
2009.10.13 02:48:40.296,1.57705,1.57725,2.80,1.00
2009.10.13 02:48:40.646,1.57705,1.5773,3.60,1.00
2009.10.13 02:48:40.816,1.57705,1.57725,3.20,1.00
2009.10.13 02:48:41.156,1.57705,1.57725,1.00,1.00
2009.10.13 02:48:42.376,1.5773,1.57735,1.00,3.90
2009.10.13 02:48:43.695,1.5771,1.57725,3.30,1.00
2009.10.13 02:48:43.925,1.57705,1.57725,1.00,1.00
2009.10.13 02:48:48.624,1.57725,1.57735,1.00,4.70
2009.10.13 02:48:48.914,1.57725,1.5773,1.00,1.00
2009.10.13 02:48:50.133,1.57725,1.5773,1.00,1.00
2009.10.13 02:48:50.414,1.57725,1.5773,1.00,1.00
2009.10.13 02:48:50.644,1.5771,1.5773,1.00,1.00
2009.10.13 02:48:51.873,1.5771,1.5773,1.00,1.00
2009.10.13 02:48:52.983,1.5771,1.5773,1.00,3.00
2009.10.13 02:48:54.282,1.5771,1.5773,1.00,3.20
2009.10.13 02:49:04.760,1.57715,1.57735,1.00,4.00
2009.10.13 02:49:04.930,1.57715,1.57735,1.00,3.60
2009.10.13 02:49:05.280,1.57715,1.57735,1.00,3.20
2009.10.13 02:49:05.680,1.57715,1.57735,3.10,3.20
2009.10.13 02:49:05.900,1.5772,1.57735,1.00,1.00
2009.10.13 02:49:06.360,1.57725,1.57735,1.00,1.00
2009.10.13 02:49:06.589,1.57725,1.57735,3.10,1.00
2009.10.13 02:49:06.750,1.57725,1.5774,3.10,1.00
2009.10.13 02:49:06.929,1.5773,1.5774,1.00,1.00
2009.10.13 02:49:07.969,1.57725,1.5774,3.00,1.00
2009.10.13 02:49:08.729,1.5773,1.5774,1.00,1.00
2009.10.13 02:49:13.798,1.57725,1.5774,1.00,1.00
2009.10.13 02:49:15.167,1.57725,1.57735,1.00,1.00
2009.10.13 02:49:15.587,1.57725,1.57735,1.40,1.00
2009.10.13 02:49:15.807,1.5773,1.5774,1.00,1.00
2009.10.13 02:49:18.027,1.5773,1.5774,1.00,1.00
2009.10.13 02:49:18.137,1.5773,1.5774,1.00,1.00
2009.10.13 02:49:24.595,1.5773,1.5775,1.00,1.00
2009.10.13 02:49:24.895,1.57725,1.57745,1.00,1.00
2009.10.13 02:49:25.765,1.57725,1.5775,3.20,1.00
2009.10.13 02:49:26.445,1.5773,1.5775,1.00,1.00
2009.10.13 02:49:27.675,1.5773,1.5775,3.90,1.00
2009.10.13 02:49:27.785,1.57735,1.5775,1.00,1.00
2009.10.13 02:49:27.955,1.57735,1.57755,1.00,1.00
2009.10.13 02:49:28.494,1.5774,1.5776,3.10,1.00
2009.10.13 02:49:29.254,1.5775,1.5777,1.00,3.00
2009.10.13 02:49:29.544,1.5775,1.5777,1.00,1.00
2009.10.13 02:49:30.224,1.5775,1.5777,3.00,1.00
2009.10.13 02:49:30.444,1.57755,1.5777,1.00,1.00
2009.10.13 02:49:30.674,1.57765,1.57775,1.00,1.00
2009.10.13 02:49:32.623,1.57765,1.57785,1.00,1.00
2009.10.13 02:49:32.913,1.57765,1.57785,1.00,1.00
2009.10.13 02:49:34.003,1.57765,1.57785,1.00,1.00
2009.10.13 02:49:34.673,1.5776,1.5778,1.00,1.00
2009.10.13 02:49:35.353,1.57755,1.57775,1.00,1.00
2009.10.13 02:49:36.103,1.57755,1.57775,3.40,1.00
2009.10.13 02:49:36.213,1.5776,1.5778,1.00,1.40
2009.10.13 02:49:36.442,1.57755,1.57775,1.00,1.00
2009.10.13 02:49:41.191,1.57755,1.57775,1.30,1.00
2009.10.13 02:49:41.421,1.57755,1.57775,1.70,1.00
2009.10.13 02:49:42.541,1.57755,1.57775,1.40,1.00
2009.10.13 02:49:43.061,1.57755,1.57775,1.40,3.00
2009.10.13 02:49:43.891,1.57755,1.57775,1.20,3.00
2009.10.13 02:49:44.171,1.57755,1.57775,1.00,3.00
2009.10.13 02:49:44.751,1.57755,1.57775,1.00,1.00
2009.10.13 02:49:45.031,1.57755,1.57775,1.00,3.00
2009.10.13 02:49:45.310,1.57755,1.57775,1.00,3.00
2009.10.13 02:49:45.600,1.57755,1.57775,1.00,5.40
2009.10.13 02:49:46.630,1.57755,1.57775,1.00,1.00
2009.10.13 02:49:48.590,1.57755,1.57775,1.00,1.00
2009.10.13 02:49:50.699,1.57755,1.57775,1.00,1.00
2009.10.13 02:50:01.826,1.57755,1.57775,1.00,1.00
2009.10.13 02:50:02.476,1.57755,1.57775,1.00,1.00
2009.10.13 02:50:03.386,1.57755,1.57775,1.00,1.00
2009.10.13 02:50:03.906,1.57755,1.57775,4.20,1.00
2009.10.13 02:50:04.026,1.5776,1.5778,1.00,1.00
2009.10.13 02:50:06.705,1.57755,1.5777,1.00,1.00
2009.10.13 02:50:06.995,1.57755,1.5777,1.00,1.00
2009.10.13 02:50:07.285,1.57755,1.5777,1.00,6.20
2009.10.13 02:50:12.574,1.57755,1.57775,1.00,1.00
2009.10.13 02:50:12.744,1.57755,1.5777,1.00,1.00
2009.10.13 02:50:13.454,1.57755,1.57775,1.00,3.20
2009.10.13 02:50:13.843,1.57755,1.57775,1.00,1.00
2009.10.13 02:50:14.184,1.57755,1.57775,1.10,1.00
2009.10.13 02:50:14.513,1.57755,1.57775,1.10,1.00
2009.10.13 02:50:15.413,1.57755,1.57775,1.00,1.00
2009.10.13 02:50:16.853,1.57755,1.57775,2.20,1.00
2009.10.13 02:50:16.973,1.5776,1.5778,1.00,1.00
2009.10.13 02:50:17.373,1.5776,1.5778,1.00,1.40
2009.10.13 02:50:17.552,1.57755,1.57775,1.10,1.00
2009.10.13 02:50:17.773,1.57755,1.57775,1.90,1.00
2009.10.13 02:50:18.003,1.5776,1.5778,1.00,1.40
2009.10.13 02:50:18.532,1.57755,1.57775,1.10,1.00
2009.10.13 02:50:19.212,1.5776,1.5778,1.00,3.00
2009.10.13 02:50:19.612,1.5776,1.5778,1.00,1.00
2009.10.13 02:50:23.751,1.57765,1.5778,1.00,1.00
2009.10.13 02:50:24.421,1.57765,1.5778,1.00,1.00
2009.10.13 02:50:24.811,1.57765,1.57785,1.60,3.00
2009.10.13 02:50:25.161,1.57775,1.57785,1.00,1.00
2009.10.13 02:50:33.519,1.57765,1.57785,2.10,1.00
2009.10.13 02:50:34.489,1.57765,1.57785,1.70,1.00
2009.10.13 02:50:34.839,1.57765,1.57785,1.00,1.00
2009.10.13 02:50:35.928,1.5777,1.57785,1.00,1.00
2009.10.13 02:50:36.088,1.5777,1.57795,5.50,1.00
2009.10.13 02:50:37.927,1.5778,1.57795,1.00,1.00
2009.10.13 02:50:38.388,1.5778,1.578,1.00,1.00
2009.10.13 02:50:40.287,1.5778,1.578,1.00,1.00
2009.10.13 02:50:40.877,1.57785,1.57805,2.30,2.90
2009.10.13 02:50:41.167,1.57785,1.57805,3.10,1.00
2009.10.13 02:50:41.797,1.5779,1.57805,4.00,1.00
2009.10.13 02:50:41.917,1.5779,1.57815,5.90,1.00
2009.10.13 02:50:42.727,1.57795,1.57815,5.50,1.00
2009.10.13 02:50:42.896,1.578,1.5782,2.30,1.00
2009.10.13 02:50:46.435,1.57805,1.5782,1.60,1.00
2009.10.13 02:50:46.616,1.57805,1.57825,2.30,3.80
2009.10.13 02:50:46.666,1.57805,1.57825,2.30,2.20
2009.10.13 02:50:46.785,1.57805,1.57825,2.30,4.60
2009.10.13 02:50:46.836,1.57805,1.57825,1.00,4.60
2009.10.13 02:50:46.955,1.578,1.5782,2.20,1.00
2009.10.13 02:50:47.245,1.578,1.5782,3.00,1.00
2009.10.13 02:50:47.305,1.57805,1.57825,2.20,3.80
2009.10.13 02:50:47.716,1.57805,1.57825,2.20,1.40
2009.10.13 02:50:48.785,1.57805,1.5782,2.20,2.40
2009.10.13 02:50:49.505,1.57805,1.5782,1.00,2.40
2009.10.13 02:50:49.865,1.57805,1.5782,2.20,2.40
2009.10.13 02:50:51.144,1.57805,1.5782,2.20,2.50
2009.10.13 02:50:53.334,1.57805,1.5782,1.00,2.50
2009.10.13 02:50:53.804,1.57795,1.57815,2.20,1.00
2009.10.13 02:50:56.133,1.57795,1.57815,2.40,1.00
2009.10.13 02:50:56.763,1.57795,1.57815,2.20,1.00
2009.10.13 02:50:57.773,1.57795,1.57815,2.20,1.40
2009.10.13 02:50:58.123,1.5779,1.57815,2.50,3.80
2009.10.13 02:51:00.222,1.5779,1.5781,1.00,1.00
2009.10.13 02:51:01.512,1.57795,1.5781,1.00,1.00
2009.10.13 02:51:01.682,1.578,1.5782,1.00,7.40
2009.10.13 02:51:01.742,1.578,1.5782,1.00,7.00
2009.10.13 02:51:01.802,1.578,1.57815,1.00,2.40
2009.10.13 02:51:01.912,1.57795,1.57815,1.00,3.00
2009.10.13 02:51:01.972,1.57795,1.57815,1.00,5.40
2009.10.13 02:51:04.141,1.57795,1.57815,1.00,6.20
2009.10.13 02:51:04.361,1.5779,1.57815,1.00,6.20
2009.10.13 02:51:04.651,1.57785,1.57805,1.00,1.00
2009.10.13 02:51:05.121,1.5779,1.5781,1.00,1.00
2009.10.13 02:51:10.410,1.5779,1.5781,1.00,3.00
2009.10.13 02:51:10.760,1.57785,1.57805,1.00,1.00
2009.10.13 02:51:11.290,1.57785,1.57805,1.60,1.00
2009.10.13 02:51:11.580,1.5779,1.5781,1.00,1.00
2009.10.13 02:51:18.348,1.5779,1.5781,1.00,3.00
2009.10.13 02:51:18.688,1.5779,1.5781,1.00,3.80
2009.10.13 02:51:19.028,1.5779,1.5781,1.00,1.00
2009.10.13 02:51:20.408,1.5779,1.5781,1.00,3.00
2009.10.13 02:51:21.128,1.57785,1.57805,1.80,1.00
2009.10.13 02:51:21.817,1.57785,1.57805,4.20,1.00
2009.10.13 02:51:22.147,1.57785,1.57805,5.40,1.00
2009.10.13 02:51:22.607,1.57785,1.5781,10.10,1.00
2009.10.13 02:51:22.937,1.57795,1.57815,1.70,3.00
2009.10.13 02:51:23.177,1.57795,1.57815,6.50,1.00
2009.10.13 02:51:23.516,1.57795,1.57815,3.30,1.00
2009.10.13 02:51:23.857,1.57795,1.57815,1.70,1.00
2009.10.13 02:51:26.786,1.57795,1.57815,1.30,1.00
2009.10.13 02:51:27.176,1.57795,1.57815,1.00,1.00
2009.10.13 02:51:27.806,1.57795,1.57815,1.00,1.00
2009.10.13 02:51:29.476,1.5779,1.57815,1.00,3.80
2009.10.13 02:51:29.825,1.57785,1.5781,3.30,1.40
2009.10.13 02:51:30.165,1.57785,1.5781,1.00,1.40
2009.10.13 02:51:30.515,1.5779,1.57805,1.00,1.00
2009.10.13 02:51:31.385,1.5779,1.5781,1.00,1.00
2009.10.13 02:51:32.194,1.5779,1.5781,1.00,1.40
2009.10.13 02:51:32.434,1.57785,1.57805,1.00,1.00
2009.10.13 02:51:32.655,1.57785,1.57805,1.30,1.00
2009.10.13 02:51:33.004,1.57785,1.57805,1.00,1.00
2009.10.13 02:51:33.294,1.57785,1.57805,5.90,1.00
2009.10.13 02:51:33.584,1.57785,1.5781,1.10,3.80
2009.10.13 02:51:36.304,1.57785,1.57815,6.70,6.60
2009.10.13 02:51:36.364,1.5779,1.578,1.00,1.00
2009.10.13 02:51:36.604,1.57795,1.578,1.00,1.00
2009.10.13 02:51:37.323,1.57795,1.578,1.00,1.00
2009.10.13 02:51:38.173,1.57785,1.578,1.90,1.00
2009.10.13 02:51:38.403,1.57785,1.57805,1.90,1.00
2009.10.13 02:51:41.093,1.57785,1.57805,1.30,1.00
2009.10.13 02:51:41.442,1.5778,1.578,1.00,1.00
2009.10.13 02:51:41.672,1.5778,1.578,1.00,1.00
2009.10.13 02:51:43.142,1.5778,1.578,1.00,1.00
2009.10.13 02:51:43.892,1.57785,1.578,1.00,1.00
2009.10.13 02:51:46.001,1.57785,1.57795,1.00,1.00
2009.10.13 02:51:46.231,1.57775,1.57795,2.10,1.00
2009.10.13 02:51:46.911,1.5778,1.57795,2.40,1.00
2009.10.13 02:51:47.211,1.57775,1.57795,2.00,1.00
2009.10.13 02:51:47.501,1.57775,1.57795,1.20,1.00
2009.10.13 02:51:48.481,1.5778,1.57795,1.00,1.20
2009.10.13 02:51:48.810,1.5778,1.57785,2.90,1.00
2009.10.13 02:51:49.150,1.5778,1.57785,2.50,1.00
2009.10.13 02:51:49.551,1.5778,1.57785,1.00,1.00
2009.10.13 02:51:51.450,1.5778,1.57785,1.70,1.00
2009.10.13 02:51:51.570,1.57785,1.578,1.00,2.80
2009.10.13 02:51:51.680,1.5778,1.578,2.40,1.00
2009.10.13 02:51:52.150,1.5778,1.578,1.00,1.00
2009.10.13 02:51:52.660,1.5778,1.578,2.40,1.00
2009.10.13 02:51:53.119,1.57785,1.578,1.00,1.00
2009.10.13 02:51:53.520,1.5778,1.578,2.40,1.00
2009.10.13 02:51:55.959,1.5778,1.578,2.40,1.00
2009.10.13 02:51:56.668,1.5778,1.578,2.30,1.00
2009.10.13 02:51:58.938,1.5778,1.578,2.40,1.00
2009.10.13 02:52:01.138,1.57785,1.578,1.00,1.00
2009.10.13 02:52:02.217,1.5778,1.578,2.40,1.00
2009.10.13 02:52:07.266,1.5778,1.578,2.30,1.00
2009.10.13 02:52:15.024,1.5778,1.578,4.70,1.00
2009.10.13 02:52:15.544,1.5778,1.578,4.80,1.00
2009.10.13 02:52:16.754,1.5778,1.578,2.40,1.00
2009.10.13 02:52:17.454,1.5778,1.578,4.80,1.00
2009.10.13 02:52:19.353,1.57785,1.578,1.00,1.00
2009.10.13 02:52:31.140,1.5778,1.578,2.30,1.00
2009.10.13 02:52:34.239,1.5778,1.578,2.40,1.00
2009.10.13 02:52:36.289,1.5778,1.578,2.30,1.00
2009.10.13 02:52:51.385,1.5778,1.578,2.30,1.20
2009.10.13 02:52:51.555,1.57775,1.57795,4.60,1.00
2009.10.13 02:52:52.235,1.57775,1.57795,3.00,1.00
2009.10.13 02:52:53.155,1.57775,1.5778,1.00,1.00
2009.10.13 02:52:53.385,1.57765,1.5778,1.00,1.00
2009.10.13 02:52:53.685,1.57765,1.5777,1.00,1.00
2009.10.13 02:52:54.545,1.57765,1.5777,1.00,1.00
2009.10.13 02:52:55.285,1.5776,1.5777,1.00,1.00
2009.10.13 02:52:55.864,1.5776,1.57765,1.00,1.00
2009.10.13 02:52:56.264,1.57755,1.57765,1.00,1.00
2009.10.13 02:53:02.103,1.5776,1.57765,2.40,1.00
2009.10.13 02:53:02.493,1.5776,1.5777,2.40,1.00
2009.10.13 02:53:02.793,1.5776,1.57775,2.40,1.00
2009.10.13 02:53:03.093,1.5776,1.57775,2.50,1.00
2009.10.13 02:53:03.323,1.5776,1.5778,2.90,1.00
2009.10.13 02:53:03.892,1.5776,1.57785,3.80,2.80
2009.10.13 02:53:04.232,1.57755,1.5777,1.00,1.00
2009.10.13 02:53:04.583,1.57755,1.57765,1.00,1.00
2009.10.13 02:53:05.712,1.57755,1.5777,1.00,1.00
2009.10.13 02:53:05.942,1.57755,1.5777,1.00,1.00
2009.10.13 02:53:06.232,1.57755,1.57775,3.80,1.00
2009.10.13 02:53:06.572,1.5776,1.5778,1.00,1.00
2009.10.13 02:53:06.852,1.57755,1.57785,3.00,6.10
2009.10.13 02:53:07.412,1.57755,1.5777,1.00,7.20
2009.10.13 02:53:07.532,1.57745,1.5776,2.50,1.00
2009.10.13 02:53:07.652,1.57745,1.57765,1.00,1.00
2009.10.13 02:53:07.762,1.57745,1.57765,1.00,1.00
2009.10.13 02:53:07.882,1.5775,1.57765,2.40,1.00
2009.10.13 02:53:07.992,1.5775,1.5777,2.40,1.00
2009.10.13 02:53:08.351,1.57755,1.5777,1.00,1.00
2009.10.13 02:53:08.711,1.5775,1.5777,2.50,1.00
2009.10.13 02:53:09.051,1.5775,1.5777,2.50,1.00
2009.10.13 02:53:09.401,1.5775,1.5777,2.50,1.00
2009.10.13 02:53:09.641,1.57755,1.5777,1.00,1.00
2009.10.13 02:53:10.081,1.5776,1.5777,1.00,1.00
2009.10.13 02:53:10.441,1.5775,1.5777,2.50,1.00
2009.10.13 02:53:10.791,1.5775,1.57765,1.00,1.00
2009.10.13 02:53:11.310,1.5775,1.5776,1.00,1.00
2009.10.13 02:53:16.479,1.57755,1.5776,1.00,1.00
2009.10.13 02:53:16.750,1.5775,1.5776,2.50,1.00
2009.10.13 02:53:16.989,1.5775,1.57765,2.50,1.00
2009.10.13 02:53:17.279,1.57755,1.57765,1.00,1.00
2009.10.13 02:53:24.608,1.5775,1.57765,2.40,3.60
2009.10.13 02:53:24.848,1.57745,1.57755,1.00,1.00
2009.10.13 02:53:25.028,1.57745,1.5776,3.30,1.60
2009.10.13 02:53:25.197,1.57745,1.57765,3.30,1.00
2009.10.13 02:53:25.357,1.5775,1.57765,1.00,1.00
2009.10.13 02:53:25.717,1.5775,1.5777,1.00,1.00
2009.10.13 02:53:26.067,1.5775,1.5777,3.30,1.00
2009.10.13 02:53:26.697,1.57755,1.5777,1.00,1.00
2009.10.13 02:53:28.697,1.5776,1.5777,1.00,1.00
2009.10.13 02:53:28.976,1.5776,1.5778,3.30,2.00
2009.10.13 02:53:29.266,1.5776,1.5778,3.30,1.00
2009.10.13 02:53:29.846,1.5776,1.5778,4.10,1.00
2009.10.13 02:53:30.306,1.57765,1.57785,1.00,1.00
2009.10.13 02:53:31.336,1.57765,1.57785,3.30,1.00
2009.10.13 02:53:34.045,1.5777,1.5779,1.00,1.00
2009.10.13 02:53:34.425,1.57765,1.57785,1.00,1.00
2009.10.13 02:53:35.105,1.57765,1.57785,1.00,2.80
2009.10.13 02:53:45.033,1.57765,1.57785,1.00,3.60
2009.10.13 02:53:45.272,1.5776,1.5778,3.30,1.00
2009.10.13 02:53:46.202,1.5776,1.5778,1.00,1.20
2009.10.13 02:53:46.322,1.5776,1.5778,1.00,3.60
2009.10.13 02:53:46.382,1.5776,1.5778,1.00,3.70
2009.10.13 02:53:48.062,1.5776,1.57775,1.00,1.00
2009.10.13 02:53:48.362,1.5776,1.57775,1.00,1.00
2009.10.13 02:53:55.290,1.5776,1.57775,1.00,2.80
2009.10.13 02:53:55.980,1.5776,1.57775,1.00,1.00
2009.10.13 02:54:19.414,1.5776,1.5777,1.00,1.00
2009.10.13 02:54:20.454,1.5776,1.57775,1.00,1.00
2009.10.13 02:54:28.312,1.5776,1.5777,1.00,1.00
2009.10.13 02:55:01.364,1.57755,1.5777,1.00,1.00
2009.10.13 02:55:01.534,1.5775,1.5777,3.70,1.00
2009.10.13 02:55:01.704,1.57755,1.5777,2.40,1.00
2009.10.13 02:55:01.874,1.5775,1.5777,3.70,1.00
2009.10.13 02:55:09.202,1.57755,1.5777,1.00,1.00
2009.10.13 02:56:27.583,1.57755,1.5777,3.20,1.00
2009.10.13 02:56:27.753,1.57755,1.5778,5.70,2.80
2009.10.13 02:56:28.083,1.57765,1.5778,1.00,1.00
2009.10.13 02:56:43.719,1.5776,1.5778,1.00,1.00
2009.10.13 02:56:50.348,1.5776,1.5778,1.00,1.00
2009.10.13 02:56:52.498,1.57765,1.5778,1.00,1.00
2009.10.13 02:57:11.103,1.57755,1.5777,1.70,1.00
2009.10.13 02:57:11.683,1.57755,1.57775,1.70,1.00
2009.10.13 02:57:12.993,1.57755,1.57775,1.30,1.00
2009.10.13 02:57:13.343,1.57755,1.57775,1.30,2.80
2009.10.13 02:57:13.462,1.57755,1.57775,3.70,2.80
2009.10.13 02:57:13.572,1.57755,1.57775,1.30,2.80
2009.10.13 02:57:13.623,1.57755,1.57775,1.30,1.00
2009.10.13 02:57:19.721,1.57755,1.57775,1.20,1.00
2009.10.13 02:57:20.001,1.57765,1.57785,1.00,6.90
2009.10.13 02:57:55.852,1.57765,1.5778,1.00,3.20
2009.10.13 02:57:55.972,1.57765,1.5778,1.00,5.60
2009.10.13 02:58:14.727,1.57755,1.57775,1.00,1.00
2009.10.13 02:58:30.214,1.57755,1.57775,1.00,1.00
2009.10.13 02:58:31.214,1.57755,1.57775,1.00,1.00
2009.10.13 02:58:34.163,1.57755,1.57775,3.30,1.00
2009.10.13 02:58:34.563,1.57755,1.57775,3.30,2.80
2009.10.13 02:58:35.313,1.57755,1.57775,3.50,2.80
2009.10.13 02:58:36.722,1.5776,1.57775,1.00,1.00
2009.10.13 02:58:47.030,1.5776,1.57775,3.70,1.00
2009.10.13 02:58:47.310,1.5776,1.57775,1.30,1.00
2009.10.13 02:58:47.580,1.5776,1.57775,1.00,1.00
2009.10.13 02:58:48.270,1.5776,1.57775,1.00,1.00
2009.10.13 02:58:48.629,1.5776,1.57775,1.00,1.00
2009.10.13 02:58:56.997,1.5776,1.57775,1.00,2.80
2009.10.13 02:58:57.357,1.5776,1.57775,1.00,1.00
2009.10.13 02:58:58.467,1.5776,1.57775,1.00,2.80
2009.10.13 02:58:58.747,1.5776,1.57775,1.00,1.00
2009.10.13 02:59:10.004,1.57755,1.57775,1.30,2.80
2009.10.13 02:59:10.404,1.57755,1.57775,1.00,4.50
2009.10.13 02:59:12.514,1.57755,1.5777,3.30,1.00
2009.10.13 02:59:13.983,1.57755,1.57775,3.50,1.00
2009.10.13 02:59:16.223,1.5776,1.57775,1.00,1.20
2009.10.13 02:59:16.523,1.5776,1.5777,1.00,1.00
2009.10.13 02:59:17.403,1.57755,1.5777,2.90,1.00
2009.10.13 02:59:19.162,1.5776,1.5777,1.00,1.00
2009.10.13 02:59:19.952,1.5776,1.5777,2.50,1.00
2009.10.13 02:59:20.172,1.5776,1.5778,1.30,5.20
2009.10.13 02:59:20.522,1.5776,1.5778,3.70,2.80
2009.10.13 02:59:22.142,1.5776,1.5778,3.90,2.80
2009.10.13 02:59:23.081,1.57765,1.5778,1.00,1.00
2009.10.13 02:59:24.881,1.57765,1.5778,1.00,2.80
2009.10.13 02:59:25.331,1.5776,1.5778,1.30,5.20
2009.10.13 02:59:25.511,1.5776,1.5778,1.30,6.00
2009.10.13 02:59:25.750,1.5776,1.57775,1.00,1.00
2009.10.13 02:59:30.359,1.5776,1.5778,1.30,5.20
2009.10.13 02:59:30.699,1.5776,1.5777,1.00,1.00
2009.10.13 02:59:49.655,1.57755,1.5777,2.90,1.00
2009.10.13 02:59:56.063,1.5776,1.5777,1.00,1.00
