2012.08.20 15:00:00.019,1.57052,1.57058,1.50,1.13
2012.08.20 15:00:00.087,1.57047,1.57058,1.50,2.10
2012.08.20 15:00:00.227,1.57041,1.57056,2.87,2.25
2012.08.20 15:00:00.359,1.57041,1.57052,4.37,1.50
2012.08.20 15:00:00.719,1.57045,1.57052,1.51,1.50
2012.08.20 15:00:01.031,1.57045,1.57057,3.23,1.50
2012.08.20 15:00:01.396,1.5704,1.5705,5.55,1.50
2012.08.20 15:00:01.474,1.57043,1.5705,1.50,1.50
2012.08.20 15:00:01.599,1.57045,1.57053,2.25,3.34
2012.08.20 15:00:01.898,1.57045,1.57052,2.25,1.80
2012.08.20 15:00:02.209,1.57033,1.57046,1.50,3.12
2012.08.20 15:00:02.275,1.57033,1.57046,1.50,3.34
2012.08.20 15:00:02.637,1.57029,1.57038,1.50,4.49
2012.08.20 15:00:02.825,1.57024,1.57037,1.73,1.13
2012.08.20 15:00:02.893,1.57025,1.57038,1.50,2.48
2012.08.20 15:00:02.961,1.57025,1.57038,1.73,1.88
2012.08.20 15:00:03.510,1.57031,1.57043,1.50,2.48
2012.08.20 15:00:03.700,1.57033,1.57046,1.50,2.48
2012.08.20 15:00:04.025,1.57031,1.57043,1.50,1.66
2012.08.20 15:00:04.153,1.57029,1.57043,3.76,2.41
2012.08.20 15:00:04.282,1.57029,1.57041,3.00,1.35
2012.08.20 15:00:04.646,1.57027,1.57041,2.25,1.35
2012.08.20 15:00:04.952,1.57034,1.57042,2.25,1.50
2012.08.20 15:00:05.020,1.57035,1.57045,1.50,1.50
2012.08.20 15:00:05.086,1.57035,1.57049,1.50,1.50
2012.08.20 15:00:05.153,1.57035,1.57048,1.50,1.73
2012.08.20 15:00:05.459,1.57032,1.57042,1.50,1.80
2012.08.20 15:00:05.766,1.5703,1.57038,1.50,1.80
2012.08.20 15:00:05.836,1.57025,1.57037,2.48,2.18
2012.08.20 15:00:06.218,1.57022,1.57035,3.39,4.36
2012.08.20 15:00:06.292,1.5702,1.57033,2.25,3.15
2012.08.20 15:00:06.478,1.57018,1.57032,2.48,1.13
2012.08.20 15:00:06.783,1.57018,1.57032,2.48,1.13
2012.08.20 15:00:07.088,1.5702,1.57033,1.73,3.00
2012.08.20 15:00:07.790,1.57022,1.57034,2.25,1.13
2012.08.20 15:00:08.463,1.5702,1.57035,2.25,4.73
2012.08.20 15:00:08.780,1.57024,1.57038,2.85,2.40
2012.08.20 15:00:09.514,1.57026,1.5704,4.73,2.63
2012.08.20 15:00:09.580,1.57028,1.5704,1.73,1.88
2012.08.20 15:00:09.827,1.57026,1.5704,2.25,2.10
2012.08.20 15:00:10.133,1.57024,1.57035,3.00,2.10
2012.08.20 15:00:10.925,1.5702,1.57035,1.50,3.60
2012.08.20 15:00:10.992,1.57019,1.57033,1.50,1.73
2012.08.20 15:00:11.297,1.57023,1.57035,3.00,1.88
2012.08.20 15:00:11.954,1.57023,1.57035,5.25,2.10
2012.08.20 15:00:12.504,1.57023,1.57035,3.00,2.10
2012.08.20 15:00:13.017,1.57021,1.57035,3.75,2.10
2012.08.20 15:00:13.567,1.57021,1.57029,1.50,1.13
2012.08.20 15:00:13.704,1.57019,1.57027,1.50,1.43
2012.08.20 15:00:13.826,1.57014,1.57027,1.80,1.65
2012.08.20 15:00:14.129,1.57013,1.57026,2.25,2.07
2012.08.20 15:00:14.314,1.57013,1.57022,1.50,3.45
2012.08.20 15:00:14.380,1.57011,1.57022,1.50,3.45
2012.08.20 15:00:14.445,1.57008,1.57023,2.48,1.84
2012.08.20 15:00:14.510,1.57008,1.57023,2.48,2.59
2012.08.20 15:00:14.578,1.57008,1.57022,2.48,2.78
2012.08.20 15:00:14.942,1.57008,1.57023,2.48,5.46
2012.08.20 15:00:15.068,1.57008,1.57023,2.48,5.84
2012.08.20 15:00:16.035,1.57008,1.57023,2.48,5.84
2012.08.20 15:00:16.680,1.57008,1.5702,2.48,1.05
2012.08.20 15:00:16.932,1.57008,1.5702,2.25,1.50
2012.08.20 15:00:17.177,1.57008,1.5702,2.25,1.73
2012.08.20 15:00:17.368,1.57008,1.5702,2.25,1.50
2012.08.20 15:00:17.615,1.57013,1.57025,1.50,2.78
2012.08.20 15:00:17.681,1.57013,1.57023,1.50,3.74
2012.08.20 15:00:17.748,1.57008,1.57023,3.23,3.74
2012.08.20 15:00:17.813,1.57008,1.57023,1.50,4.11
2012.08.20 15:00:17.880,1.57008,1.57022,2.25,1.20
2012.08.20 15:00:18.124,1.57008,1.57022,2.25,1.13
2012.08.20 15:00:18.251,1.5701,1.57025,2.25,3.15
2012.08.20 15:00:18.793,1.57012,1.57025,2.25,2.48
2012.08.20 15:00:19.306,1.57008,1.57019,1.65,1.05
2012.08.20 15:00:19.379,1.57008,1.57019,1.50,1.28
2012.08.20 15:00:19.446,1.57008,1.57018,1.50,2.99
2012.08.20 15:00:19.573,1.57003,1.57017,2.48,1.05
2012.08.20 15:00:19.827,1.57003,1.57019,2.85,2.48
2012.08.20 15:00:20.189,1.57007,1.5702,2.25,2.85
2012.08.20 15:00:20.254,1.57007,1.57023,2.25,5.61
2012.08.20 15:00:20.616,1.5701,1.57023,2.33,5.24
2012.08.20 15:00:20.864,1.57014,1.57024,1.50,1.73
2012.08.20 15:00:21.052,1.57018,1.5703,2.25,6.97
2012.08.20 15:00:21.179,1.57019,1.57032,1.50,3.00
2012.08.20 15:00:21.244,1.57018,1.57032,3.00,2.25
2012.08.20 15:00:21.547,1.57019,1.57033,2.25,5.95
2012.08.20 15:00:22.107,1.57019,1.57033,1.50,5.20
2012.08.20 15:00:22.535,1.57018,1.57032,2.25,2.18
2012.08.20 15:00:23.019,1.57019,1.57033,1.50,1.73
2012.08.20 15:00:23.420,1.57023,1.57033,2.25,1.73
2012.08.20 15:00:24.509,1.5702,1.57032,2.25,1.43
2012.08.20 15:00:24.694,1.5702,1.57031,1.50,1.50
2012.08.20 15:00:25.121,1.57018,1.5703,2.25,2.55
2012.08.20 15:00:25.434,1.57014,1.57023,2.25,4.49
2012.08.20 15:00:25.622,1.57016,1.57024,1.50,1.88
2012.08.20 15:00:25.689,1.57009,1.57025,1.50,3.83
2012.08.20 15:00:25.818,1.57012,1.57026,1.50,1.84
2012.08.20 15:00:25.884,1.57012,1.57025,3.00,1.13
2012.08.20 15:00:26.010,1.57008,1.57023,3.98,6.29
2012.08.20 15:00:26.258,1.5701,1.57025,3.23,3.98
2012.08.20 15:00:26.446,1.5701,1.57023,2.48,1.88
2012.08.20 15:00:26.629,1.57009,1.57025,1.80,4.73
2012.08.20 15:00:26.753,1.57009,1.57025,1.80,3.98
2012.08.20 15:00:26.819,1.57013,1.57027,1.50,2.22
2012.08.20 15:00:27.299,1.57013,1.57028,3.98,1.88
2012.08.20 15:00:27.424,1.57015,1.57028,1.73,5.61
2012.08.20 15:00:27.786,1.57011,1.57026,4.50,3.45
2012.08.20 15:00:27.851,1.57013,1.57026,1.50,4.20
2012.08.20 15:00:28.397,1.57013,1.57027,2.25,1.50
2012.08.20 15:00:28.937,1.57013,1.57027,2.25,1.50
2012.08.20 15:00:29.474,1.57013,1.57027,2.25,1.50
2012.08.20 15:00:29.777,1.57013,1.57025,2.25,2.10
2012.08.20 15:00:30.379,1.57013,1.57025,2.25,3.60
2012.08.20 15:00:30.621,1.57013,1.57025,1.50,4.88
2012.08.20 15:00:31.126,1.57013,1.57027,2.25,4.51
2012.08.20 15:00:31.469,1.57009,1.57022,2.25,1.13
2012.08.20 15:00:31.777,1.5701,1.57024,2.25,2.48
2012.08.20 15:00:31.963,1.57011,1.57025,1.50,1.88
2012.08.20 15:00:32.198,1.57016,1.57027,1.50,1.88
2012.08.20 15:00:32.824,1.57016,1.57027,1.50,1.88
2012.08.20 15:00:33.727,1.57017,1.57027,1.50,1.13
2012.08.20 15:00:33.793,1.57017,1.57029,1.50,1.35
2012.08.20 15:00:33.863,1.57017,1.5703,2.70,2.85
2012.08.20 15:00:33.930,1.57019,1.57032,1.58,1.35
2012.08.20 15:00:34.252,1.57018,1.57032,2.25,1.13
2012.08.20 15:00:34.756,1.57018,1.57032,1.50,1.35
2012.08.20 15:00:34.823,1.57017,1.5703,3.00,2.10
2012.08.20 15:00:35.366,1.57016,1.5703,3.00,1.35
2012.08.20 15:00:35.670,1.57019,1.57034,2.25,1.73
2012.08.20 15:00:35.735,1.57019,1.57034,2.25,1.73
2012.08.20 15:00:36.284,1.57019,1.57034,2.25,2.33
2012.08.20 15:00:36.586,1.57022,1.57035,1.50,3.98
2012.08.20 15:00:37.067,1.57028,1.57037,2.25,1.50
2012.08.20 15:00:37.135,1.57028,1.5704,3.08,2.10
2012.08.20 15:00:37.261,1.57029,1.5704,1.58,2.10
2012.08.20 15:00:37.566,1.57026,1.5704,1.50,2.10
2012.08.20 15:00:37.807,1.57026,1.5704,1.50,2.10
2012.08.20 15:00:38.173,1.57025,1.57038,2.25,4.34
2012.08.20 15:00:38.478,1.57024,1.57035,1.50,2.10
2012.08.20 15:00:38.959,1.57023,1.57035,2.25,2.70
2012.08.20 15:00:39.331,1.57022,1.57034,1.73,1.50
2012.08.20 15:00:39.635,1.57022,1.57036,1.73,3.00
2012.08.20 15:00:39.819,1.57024,1.57036,1.50,1.50
2012.08.20 15:00:40.007,1.5702,1.57034,2.87,3.23
2012.08.20 15:00:40.134,1.57017,1.57032,4.36,2.10
2012.08.20 15:00:40.394,1.57017,1.57032,2.86,3.08
2012.08.20 15:00:41.820,1.57017,1.57032,3.23,4.20
2012.08.20 15:00:42.436,1.57017,1.57032,3.23,4.20
2012.08.20 15:00:42.938,1.57017,1.5703,3.01,2.70
2012.08.20 15:00:43.526,1.57017,1.5703,2.25,1.35
2012.08.20 15:00:44.025,1.57017,1.5703,2.25,1.35
2012.08.20 15:00:45.835,1.57017,1.5703,2.48,1.13
2012.08.20 15:00:46.368,1.57017,1.5703,2.48,1.13
2012.08.20 15:00:47.374,1.57019,1.5703,1.50,1.13
2012.08.20 15:00:47.675,1.57025,1.57033,2.25,2.25
2012.08.20 15:00:47.804,1.57031,1.57043,1.50,3.23
2012.08.20 15:00:47.869,1.57031,1.57044,1.50,4.35
2012.08.20 15:00:47.936,1.57029,1.57043,2.25,1.35
2012.08.20 15:00:48.003,1.57028,1.5704,3.00,1.35
2012.08.20 15:00:48.555,1.57028,1.5704,2.25,1.35
2012.08.20 15:00:48.859,1.5703,1.5704,1.50,1.35
2012.08.20 15:00:49.107,1.57034,1.57044,1.50,1.50
2012.08.20 15:00:49.588,1.57034,1.57044,1.50,1.50
2012.08.20 15:00:49.895,1.57035,1.57045,1.50,2.48
2012.08.20 15:00:50.022,1.57032,1.57045,1.50,2.48
2012.08.20 15:00:50.558,1.57031,1.57045,3.00,1.35
2012.08.20 15:00:51.045,1.57031,1.57045,2.25,4.35
2012.08.20 15:00:51.293,1.57029,1.5704,2.25,1.35
2012.08.20 15:00:51.602,1.5703,1.5704,1.50,1.13
2012.08.20 15:00:52.030,1.57027,1.5704,2.63,2.10
2012.08.20 15:00:52.341,1.57025,1.57036,2.25,1.73
2012.08.20 15:00:52.588,1.57025,1.57036,1.88,1.50
2012.08.20 15:00:53.001,1.57031,1.5704,1.50,2.63
2012.08.20 15:00:53.131,1.57033,1.5704,2.25,1.50
2012.08.20 15:00:53.380,1.57035,1.57042,1.50,1.50
2012.08.20 15:00:53.506,1.57035,1.57044,1.73,1.50
2012.08.20 15:00:53.574,1.57035,1.57049,3.23,1.50
2012.08.20 15:00:53.640,1.57037,1.57049,1.50,1.50
2012.08.20 15:00:53.706,1.57037,1.5705,1.50,3.60
2012.08.20 15:00:54.247,1.57038,1.5705,1.50,1.13
2012.08.20 15:00:54.434,1.57037,1.57049,3.23,2.97
2012.08.20 15:00:54.742,1.57034,1.57045,1.50,1.13
2012.08.20 15:00:55.117,1.57033,1.57045,1.50,1.35
2012.08.20 15:00:55.651,1.57033,1.57045,3.00,1.35
2012.08.20 15:00:56.180,1.57033,1.57045,3.00,1.35
2012.08.20 15:00:56.550,1.57036,1.5705,1.50,7.50
2012.08.20 15:00:56.615,1.57036,1.57049,1.50,1.73
2012.08.20 15:00:57.408,1.57036,1.5705,1.50,3.94
2012.08.20 15:00:58.017,1.57033,1.57045,3.23,1.13
2012.08.20 15:00:58.318,1.57033,1.57045,1.50,1.35
2012.08.20 15:01:00.453,1.57031,1.57045,2.25,1.35
2012.08.20 15:01:01.352,1.57033,1.57045,1.50,1.35
2012.08.20 15:01:01.890,1.57033,1.57045,1.50,1.35
2012.08.20 15:01:02.418,1.57033,1.57045,1.50,1.35
2012.08.20 15:01:02.727,1.57033,1.57045,1.73,1.13
2012.08.20 15:01:02.794,1.57036,1.57045,1.50,1.13
2012.08.20 15:01:02.861,1.57036,1.57048,1.50,1.73
2012.08.20 15:01:02.928,1.57033,1.57045,3.98,1.13
2012.08.20 15:01:03.230,1.57033,1.57045,3.00,1.35
2012.08.20 15:01:03.531,1.57033,1.57045,3.00,1.35
2012.08.20 15:01:04.943,1.57033,1.57045,3.00,1.35
2012.08.20 15:01:05.483,1.57033,1.57045,3.00,1.35
2012.08.20 15:01:06.143,1.57033,1.57045,3.00,1.35
2012.08.20 15:01:07.764,1.57033,1.57045,2.25,1.35
2012.08.20 15:01:08.415,1.57034,1.57045,1.50,1.35
2012.08.20 15:01:08.598,1.57035,1.57048,1.50,2.10
2012.08.20 15:01:09.186,1.57033,1.57047,3.75,1.35
2012.08.20 15:01:09.724,1.57031,1.57045,4.50,1.35
2012.08.20 15:01:10.259,1.57032,1.57044,1.50,1.73
2012.08.20 15:01:10.510,1.57034,1.57046,1.50,1.73
2012.08.20 15:01:10.635,1.57035,1.57047,1.50,1.73
2012.08.20 15:01:11.231,1.57033,1.57046,2.48,1.50
2012.08.20 15:01:12.072,1.57033,1.57046,1.73,2.25
2012.08.20 15:01:12.583,1.5703,1.57044,2.87,2.85
2012.08.20 15:01:12.826,1.57029,1.57043,2.48,3.00
2012.08.20 15:01:12.891,1.57029,1.57043,2.48,3.00
2012.08.20 15:01:13.260,1.57029,1.5704,1.73,1.13
2012.08.20 15:01:15.767,1.57024,1.57035,1.50,1.13
2012.08.20 15:01:15.834,1.57023,1.57035,2.48,1.13
2012.08.20 15:01:16.312,1.57021,1.57035,3.00,1.69
2012.08.20 15:01:16.559,1.57019,1.57034,2.48,2.48
2012.08.20 15:01:16.983,1.57017,1.57032,7.36,3.00
2012.08.20 15:01:17.290,1.57024,1.57032,1.73,1.50
2012.08.20 15:01:17.417,1.57024,1.57037,1.73,1.08
2012.08.20 15:01:17.483,1.57023,1.57038,3.23,3.75
2012.08.20 15:01:18.023,1.57025,1.57038,2.48,1.50
2012.08.20 15:01:19.034,1.57023,1.57037,3.23,1.50
2012.08.20 15:01:19.755,1.57024,1.57038,1.73,3.00
2012.08.20 15:01:20.060,1.57026,1.57039,2.25,1.73
2012.08.20 15:01:20.598,1.57026,1.57039,1.50,1.73
2012.08.20 15:01:22.085,1.57025,1.57039,1.73,2.48
2012.08.20 15:01:22.623,1.57026,1.5704,1.50,1.35
2012.08.20 15:01:23.368,1.57026,1.5704,1.50,2.10
2012.08.20 15:01:23.671,1.57023,1.57035,1.50,2.10
2012.08.20 15:01:23.796,1.57021,1.57035,1.50,3.94
2012.08.20 15:01:25.383,1.57021,1.57035,2.25,2.48
2012.08.20 15:01:25.691,1.57025,1.57039,2.48,4.73
2012.08.20 15:01:26.227,1.57025,1.57039,2.48,2.48
2012.08.20 15:01:27.192,1.57024,1.57038,1.73,1.50
2012.08.20 15:01:28.771,1.57025,1.57038,2.74,1.50
2012.08.20 15:01:29.134,1.5703,1.5704,2.48,1.13
2012.08.20 15:01:29.404,1.57028,1.5704,1.50,1.35
2012.08.20 15:01:31.142,1.57026,1.57033,3.00,1.50
2012.08.20 15:01:31.447,1.57029,1.57036,1.50,1.50
2012.08.20 15:01:31.697,1.57029,1.57039,1.50,1.50
2012.08.20 15:01:31.762,1.57029,1.57039,1.50,1.50
2012.08.20 15:01:32.269,1.57027,1.57039,4.36,3.00
2012.08.20 15:01:32.578,1.57024,1.57035,3.75,2.25
2012.08.20 15:01:32.645,1.57022,1.57029,3.16,1.50
2012.08.20 15:01:32.775,1.57023,1.57031,1.28,1.50
2012.08.20 15:01:32.898,1.5702,1.5703,2.63,1.50
2012.08.20 15:01:33.023,1.57021,1.57032,1.50,1.50
2012.08.20 15:01:33.088,1.57021,1.57035,1.50,3.60
2012.08.20 15:01:33.626,1.57023,1.57035,1.50,2.63
2012.08.20 15:01:34.357,1.57028,1.5704,1.92,2.10
2012.08.20 15:01:34.484,1.57029,1.57042,1.50,2.25
2012.08.20 15:01:34.609,1.57029,1.57043,2.25,1.84
2012.08.20 15:01:34.733,1.57027,1.57042,4.73,2.25
2012.08.20 15:01:34.856,1.57027,1.57042,3.75,3.98
2012.08.20 15:01:35.400,1.57025,1.5704,3.75,2.85
2012.08.20 15:01:35.786,1.57025,1.5704,3.00,4.73
2012.08.20 15:01:38.089,1.57025,1.57039,2.48,1.50
2012.08.20 15:01:38.622,1.57025,1.5704,3.00,5.48
2012.08.20 15:01:39.131,1.57025,1.5704,3.00,2.85
2012.08.20 15:01:40.242,1.57025,1.5704,3.75,2.85
2012.08.20 15:01:40.779,1.57027,1.5704,1.50,1.35
2012.08.20 15:01:41.099,1.57025,1.5704,3.23,2.63
2012.08.20 15:01:41.221,1.57025,1.5704,3.00,2.85
2012.08.20 15:01:41.757,1.57027,1.5704,1.50,1.35
2012.08.20 15:01:42.448,1.57025,1.5704,3.00,2.85
2012.08.20 15:01:42.988,1.57025,1.57038,1.50,1.50
2012.08.20 15:01:43.794,1.57025,1.5704,3.00,2.85
2012.08.20 15:01:45.953,1.57037,1.57047,4.50,7.88
2012.08.20 15:01:46.080,1.57037,1.57047,5.10,3.45
2012.08.20 15:01:46.268,1.57037,1.57045,3.75,2.10
2012.08.20 15:01:46.334,1.57033,1.57045,1.50,2.10
2012.08.20 15:01:46.401,1.57031,1.57045,1.50,4.35
2012.08.20 15:01:46.465,1.57031,1.5704,1.50,1.13
2012.08.20 15:01:46.531,1.57028,1.5704,1.73,1.13
2012.08.20 15:01:46.596,1.57028,1.57043,1.73,3.00
2012.08.20 15:01:46.660,1.57028,1.57043,2.48,3.00
2012.08.20 15:01:47.196,1.5703,1.57045,2.25,3.60
2012.08.20 15:01:48.288,1.57031,1.57045,1.50,1.35
2012.08.20 15:01:48.841,1.5703,1.57044,1.50,1.73
2012.08.20 15:01:49.145,1.57035,1.57044,1.13,1.73
2012.08.20 15:01:49.448,1.57039,1.57054,2.25,4.73
2012.08.20 15:01:50.343,1.57037,1.57052,7.35,3.63
2012.08.20 15:01:50.882,1.57037,1.57051,5.10,1.50
2012.08.20 15:01:50.947,1.57038,1.57053,2.48,2.25
2012.08.20 15:01:52.430,1.57038,1.57053,2.48,4.13
2012.08.20 15:01:52.964,1.57038,1.57051,2.48,1.50
2012.08.20 15:01:54.579,1.57038,1.57051,2.48,1.50
2012.08.20 15:01:56.946,1.57038,1.57052,2.48,2.25
2012.08.20 15:01:57.585,1.5704,1.57052,1.50,2.25
2012.08.20 15:01:58.138,1.57038,1.57052,2.48,2.25
2012.08.20 15:01:59.318,1.57038,1.57053,2.48,1.50
2012.08.20 15:01:59.566,1.5704,1.57055,2.25,3.60
2012.08.20 15:01:59.869,1.57042,1.57055,2.25,2.10
2012.08.20 15:02:00.110,1.57042,1.57055,2.25,2.10
2012.08.20 15:02:00.237,1.5704,1.5705,2.25,1.13
2012.08.20 15:02:00.423,1.57036,1.5705,2.25,1.35
2012.08.20 15:02:01.802,1.57036,1.5705,2.25,1.69
2012.08.20 15:02:03.205,1.57034,1.57049,3.01,2.48
2012.08.20 15:02:04.670,1.57034,1.57046,1.51,1.50
2012.08.20 15:02:05.250,1.57034,1.57048,3.01,1.50
2012.08.20 15:02:05.798,1.57034,1.57049,3.01,2.48
2012.08.20 15:02:06.336,1.57036,1.5705,2.25,2.44
2012.08.20 15:02:06.577,1.57036,1.5705,2.25,2.44
2012.08.20 15:02:07.122,1.57036,1.5705,2.25,1.69
2012.08.20 15:02:08.935,1.57036,1.5705,2.25,2.10
2012.08.20 15:02:09.478,1.57034,1.57049,2.26,3.98
2012.08.20 15:02:11.142,1.57036,1.5705,1.50,3.19
2012.08.20 15:02:15.642,1.57034,1.57049,3.23,1.73
2012.08.20 15:02:15.825,1.57034,1.57047,1.73,1.50
2012.08.20 15:02:16.464,1.57034,1.57045,1.73,1.13
2012.08.20 15:02:16.756,1.57033,1.57045,1.50,1.35
2012.08.20 15:02:16.820,1.57032,1.57045,2.25,2.10
2012.08.20 15:02:17.006,1.5703,1.57041,1.50,1.73
2012.08.20 15:02:17.072,1.57026,1.5704,2.48,2.10
2012.08.20 15:02:17.257,1.57024,1.57039,2.48,2.25
2012.08.20 15:02:17.804,1.57024,1.57038,1.73,1.50
2012.08.20 15:02:18.106,1.57024,1.57035,1.73,2.63
2012.08.20 15:02:18.231,1.5702,1.57035,2.48,4.73
2012.08.20 15:02:18.766,1.57022,1.57034,1.50,1.65
2012.08.20 15:02:19.499,1.57022,1.57035,1.50,3.23
2012.08.20 15:02:19.979,1.57028,1.57035,1.50,1.73
2012.08.20 15:02:20.285,1.5703,1.57042,2.48,1.20
2012.08.20 15:02:20.352,1.5703,1.57042,2.48,1.13
2012.08.20 15:02:20.890,1.57028,1.57043,3.60,2.63
2012.08.20 15:02:21.017,1.57028,1.5704,3.23,1.13
2012.08.20 15:02:21.084,1.57027,1.5704,1.50,2.10
2012.08.20 15:02:21.503,1.57026,1.5704,2.48,2.85
2012.08.20 15:02:21.745,1.57028,1.57041,1.50,1.73
2012.08.20 15:02:22.104,1.57028,1.57043,1.73,3.38
2012.08.20 15:02:22.536,1.57027,1.5704,1.73,1.88
2012.08.20 15:02:22.668,1.57025,1.57038,2.48,1.50
2012.08.20 15:02:22.797,1.57025,1.57038,1.35,2.25
2012.08.20 15:02:23.827,1.57025,1.57039,1.73,3.23
2012.08.20 15:02:24.723,1.57023,1.57038,1.73,5.62
2012.08.20 15:02:26.123,1.57023,1.57038,2.48,1.50
2012.08.20 15:02:26.426,1.57024,1.57038,4.73,2.40
2012.08.20 15:02:26.735,1.57027,1.57038,1.73,1.50
2012.08.20 15:02:26.918,1.57025,1.57038,1.73,1.50
2012.08.20 15:02:27.101,1.57025,1.5704,1.73,6.60
2012.08.20 15:02:27.646,1.57023,1.57038,2.59,1.50
2012.08.20 15:02:28.530,1.57023,1.57038,3.23,1.50
2012.08.20 15:02:28.658,1.57025,1.5704,2.48,5.63
2012.08.20 15:02:29.202,1.57027,1.5704,2.48,1.88
2012.08.20 15:02:29.386,1.57031,1.57044,1.50,3.91
2012.08.20 15:02:29.510,1.57031,1.57044,1.50,2.85
2012.08.20 15:02:30.060,1.57029,1.57044,1.73,4.69
2012.08.20 15:02:30.956,1.57029,1.57044,2.48,4.35
2012.08.20 15:02:31.199,1.57031,1.57042,1.50,2.25
2012.08.20 15:02:31.736,1.57027,1.57042,2.48,2.25
2012.08.20 15:02:32.037,1.57027,1.5704,1.50,2.10
2012.08.20 15:02:32.464,1.57027,1.57038,1.50,1.88
2012.08.20 15:02:32.650,1.57021,1.57035,3.00,2.85
2012.08.20 15:02:33.200,1.5702,1.57034,2.11,1.73
2012.08.20 15:02:33.384,1.57021,1.57036,3.23,1.50
2012.08.20 15:02:33.510,1.57023,1.57038,1.73,3.38
2012.08.20 15:02:33.634,1.57024,1.57038,4.73,1.88
2012.08.20 15:02:33.940,1.57027,1.57039,2.25,1.73
2012.08.20 15:02:34.559,1.5702,1.57034,2.11,2.25
2012.08.20 15:02:34.865,1.57019,1.57034,1.73,5.48
2012.08.20 15:02:34.927,1.57019,1.57034,1.73,5.48
2012.08.20 15:02:36.133,1.57017,1.57032,2.48,5.25
2012.08.20 15:02:36.316,1.57017,1.57032,2.48,5.25
2012.08.20 15:02:37.146,1.57019,1.57034,1.73,1.73
2012.08.20 15:02:37.964,1.57019,1.57034,1.73,2.85
2012.08.20 15:02:38.570,1.57019,1.57034,1.73,2.10
2012.08.20 15:02:41.556,1.5702,1.57034,1.17,2.10
2012.08.20 15:02:41.618,1.57021,1.57034,1.69,2.10
2012.08.20 15:02:41.806,1.57027,1.5704,2.25,3.60
2012.08.20 15:02:43.059,1.57027,1.57042,2.48,3.00
2012.08.20 15:02:43.125,1.57029,1.57043,1.73,1.88
2012.08.20 15:02:44.240,1.57027,1.57042,2.85,1.50
2012.08.20 15:02:44.426,1.57033,1.57043,2.25,1.13
2012.08.20 15:02:44.846,1.57035,1.57045,1.50,2.85
2012.08.20 15:02:45.759,1.57033,1.57045,2.25,2.85
2012.08.20 15:02:46.069,1.5703,1.57037,1.50,1.35
2012.08.20 15:02:46.198,1.57027,1.57038,2.26,5.09
2012.08.20 15:02:46.508,1.57032,1.57041,2.48,1.12
2012.08.20 15:02:46.576,1.57032,1.57047,2.48,2.25
2012.08.20 15:02:48.279,1.57036,1.57045,1.50,2.63
2012.08.20 15:02:48.405,1.57033,1.57045,1.50,2.85
2012.08.20 15:02:48.591,1.57031,1.57045,1.50,3.60
2012.08.20 15:02:48.957,1.57029,1.57041,1.73,1.43
2012.08.20 15:02:49.302,1.57023,1.57038,3.98,2.18
2012.08.20 15:02:49.960,1.57023,1.57038,1.73,3.00
2012.08.20 15:02:50.390,1.57025,1.57039,1.73,1.73
2012.08.20 15:02:50.832,1.57025,1.57039,1.73,1.73
2012.08.20 15:02:51.136,1.57025,1.5704,2.48,5.10
2012.08.20 15:02:51.559,1.57027,1.5704,1.50,3.60
2012.08.20 15:02:56.172,1.57027,1.5704,1.73,2.63
2012.08.20 15:02:56.709,1.57027,1.5704,1.50,2.85
2012.08.20 15:02:58.180,1.57027,1.5704,3.00,2.85
2012.08.20 15:02:58.304,1.57027,1.5704,2.25,2.85
2012.08.20 15:02:58.843,1.57025,1.5704,2.48,4.35
2012.08.20 15:02:59.537,1.57027,1.5704,1.50,2.85
2012.08.20 15:03:00.371,1.57027,1.5704,3.00,2.85
2012.08.20 15:03:00.732,1.57027,1.5704,1.50,2.85
2012.08.20 15:03:01.238,1.57025,1.5704,3.23,4.35
2012.08.20 15:03:03.240,1.57025,1.5704,2.48,3.60
2012.08.20 15:03:03.744,1.57027,1.5704,1.50,2.10
2012.08.20 15:03:06.500,1.57027,1.5704,3.00,2.10
2012.08.20 15:03:07.011,1.57028,1.5704,3.00,2.10
2012.08.20 15:03:08.600,1.57034,1.57042,1.50,1.73
2012.08.20 15:03:08.905,1.57038,1.57049,1.73,1.50
2012.08.20 15:03:08.971,1.5704,1.57053,1.73,1.50
2012.08.20 15:03:09.330,1.5704,1.57052,1.73,1.50
2012.08.20 15:03:09.694,1.57036,1.57049,1.80,1.73
2012.08.20 15:03:10.375,1.57034,1.57049,3.23,1.73
2012.08.20 15:03:11.092,1.57034,1.57049,3.23,2.10
2012.08.20 15:03:11.217,1.57034,1.57045,2.48,1.88
2012.08.20 15:03:11.465,1.5703,1.57044,3.98,1.73
2012.08.20 15:03:12.003,1.57028,1.57043,3.98,1.50
2012.08.20 15:03:14.860,1.5703,1.57043,1.09,2.25
2012.08.20 15:03:14.925,1.57034,1.57045,1.50,5.85
2012.08.20 15:03:15.230,1.57036,1.5705,1.50,2.10
2012.08.20 15:03:15.768,1.57034,1.57049,1.73,2.48
2012.08.20 15:03:17.289,1.57034,1.57046,1.73,1.32
2012.08.20 15:03:17.840,1.57032,1.57045,1.73,1.50
2012.08.20 15:03:18.622,1.57028,1.5704,1.50,2.10
2012.08.20 15:03:19.438,1.57028,1.5704,1.50,2.85
2012.08.20 15:03:19.958,1.57028,1.57038,1.50,1.50
2012.08.20 15:03:21.847,1.57028,1.57039,1.50,1.73
2012.08.20 15:03:22.348,1.57028,1.57039,1.50,1.73
2012.08.20 15:03:22.591,1.57028,1.57043,1.73,2.63
2012.08.20 15:03:23.829,1.57026,1.57041,2.48,1.50
2012.08.20 15:03:24.221,1.5703,1.57044,1.50,1.13
2012.08.20 15:03:24.286,1.57032,1.57044,1.50,1.13
2012.08.20 15:03:24.528,1.57032,1.57045,1.50,2.10
2012.08.20 15:03:27.065,1.5703,1.57045,3.01,3.60
2012.08.20 15:03:29.535,1.57032,1.57045,1.50,1.35
2012.08.20 15:03:30.430,1.5703,1.57045,3.00,3.60
2012.08.20 15:03:33.203,1.5703,1.57045,1.50,4.73
2012.08.20 15:03:33.889,1.57028,1.57043,1.51,1.50
2012.08.20 15:03:34.404,1.5703,1.57044,1.50,1.13
2012.08.20 15:03:34.586,1.57032,1.57044,1.50,1.13
2012.08.20 15:03:37.169,1.57032,1.57045,1.50,1.35
2012.08.20 15:03:37.528,1.57028,1.57035,2.25,1.13
2012.08.20 15:03:37.656,1.5703,1.57037,1.50,1.13
2012.08.20 15:03:37.721,1.5703,1.57037,1.50,1.13
2012.08.20 15:03:37.787,1.57026,1.57038,1.35,2.25
2012.08.20 15:03:38.328,1.57025,1.57036,1.43,2.25
2012.08.20 15:03:39.045,1.57025,1.57036,1.05,3.00
2012.08.20 15:03:39.111,1.57021,1.57036,3.23,3.00
2012.08.20 15:03:40.114,1.57019,1.57034,1.50,2.10
2012.08.20 15:03:42.411,1.5702,1.57032,1.50,1.50
2012.08.20 15:03:42.721,1.57023,1.57038,2.25,3.38
2012.08.20 15:03:42.786,1.57023,1.57038,2.48,1.65
2012.08.20 15:03:42.850,1.57027,1.5704,1.50,5.40
2012.08.20 15:03:43.588,1.57025,1.5704,3.00,5.40
2012.08.20 15:03:43.711,1.57025,1.5704,1.50,5.10
2012.08.20 15:03:44.235,1.57025,1.57037,1.50,1.50
2012.08.20 15:03:44.547,1.57028,1.57038,1.50,1.50
2012.08.20 15:03:45.089,1.57028,1.5704,1.50,3.60
2012.08.20 15:03:45.862,1.57028,1.57039,1.50,1.73
2012.08.20 15:03:45.987,1.57028,1.5704,1.50,2.85
2012.08.20 15:03:46.169,1.57028,1.57039,1.50,1.73
2012.08.20 15:03:46.928,1.57028,1.57038,1.50,1.50
2012.08.20 15:03:47.052,1.57028,1.57039,1.50,1.73
2012.08.20 15:03:47.332,1.57034,1.57044,1.50,1.50
2012.08.20 15:03:47.521,1.57036,1.57048,1.50,2.25
2012.08.20 15:03:48.061,1.57036,1.57048,1.50,3.00
2012.08.20 15:03:48.161,1.57034,1.57048,3.00,3.00
2012.08.20 15:03:50.261,1.57034,1.57048,1.50,2.25
2012.08.20 15:03:50.685,1.5703,1.57044,3.60,2.25
2012.08.20 15:03:50.990,1.57026,1.5704,4.73,4.13
2012.08.20 15:03:51.056,1.57026,1.5704,3.00,4.13
2012.08.20 15:03:51.121,1.57027,1.5704,4.73,3.38
2012.08.20 15:03:51.528,1.5703,1.5704,2.10,1.50
2012.08.20 15:03:51.946,1.57032,1.57045,1.73,1.13
2012.08.20 15:03:52.479,1.5703,1.57045,3.60,1.88
2012.08.20 15:03:52.544,1.5703,1.57045,3.60,1.88
2012.08.20 15:03:52.729,1.5703,1.57045,3.60,1.50
2012.08.20 15:03:53.538,1.57032,1.57046,2.48,2.25
2012.08.20 15:03:53.604,1.57032,1.57046,1.73,1.50
2012.08.20 15:03:54.024,1.57034,1.57048,1.73,2.63
2012.08.20 15:03:54.326,1.57034,1.57047,1.73,2.25
2012.08.20 15:03:54.863,1.57036,1.57046,1.50,1.50
2012.08.20 15:03:55.165,1.57034,1.57045,1.73,1.50
2012.08.20 15:03:55.918,1.57034,1.57047,1.73,1.50
2012.08.20 15:03:55.983,1.57034,1.57048,1.73,2.25
2012.08.20 15:03:56.521,1.57034,1.57047,1.73,2.25
2012.08.20 15:03:56.709,1.57034,1.57047,2.48,2.25
2012.08.20 15:03:57.271,1.57034,1.57047,4.73,1.50
2012.08.20 15:03:57.818,1.57038,1.57047,1.50,2.25
2012.08.20 15:03:58.185,1.57032,1.57047,4.73,3.75
2012.08.20 15:03:58.832,1.57036,1.57047,1.50,3.00
2012.08.20 15:04:00.323,1.57036,1.57047,1.50,2.25
2012.08.20 15:04:02.231,1.57036,1.57046,1.50,1.50
2012.08.20 15:04:02.856,1.57034,1.57045,1.73,1.50
2012.08.20 15:04:03.399,1.57032,1.57046,1.73,1.50
2012.08.20 15:04:05.405,1.57032,1.57046,1.73,1.50
2012.08.20 15:04:06.065,1.57032,1.57047,2.48,3.00
2012.08.20 15:04:06.510,1.57038,1.57048,1.50,1.50
2012.08.20 15:04:06.753,1.57036,1.57049,3.00,2.48
2012.08.20 15:04:07.294,1.57036,1.57048,1.50,1.50
2012.08.20 15:04:08.128,1.57036,1.57047,1.50,1.50
2012.08.20 15:04:09.544,1.57036,1.57049,1.50,2.48
2012.08.20 15:04:16.218,1.57034,1.57048,2.48,2.25
2012.08.20 15:04:18.167,1.57032,1.57046,3.23,1.50
2012.08.20 15:04:18.969,1.57032,1.57046,3.23,1.50
2012.08.20 15:04:19.526,1.57032,1.57047,3.23,3.00
2012.08.20 15:04:19.648,1.57032,1.57047,2.48,2.25
2012.08.20 15:04:20.188,1.57032,1.57047,3.23,1.50
2012.08.20 15:04:20.312,1.57032,1.57047,3.23,2.25
2012.08.20 15:04:20.436,1.57034,1.57048,1.73,2.25
2012.08.20 15:04:20.968,1.57034,1.57047,1.73,1.50
2012.08.20 15:04:21.268,1.57034,1.57048,1.73,1.50
2012.08.20 15:04:21.894,1.57034,1.57048,1.73,2.94
2012.08.20 15:04:22.205,1.57031,1.57043,1.50,1.50
2012.08.20 15:04:22.331,1.57031,1.57045,1.73,2.25
2012.08.20 15:04:22.873,1.57034,1.57048,1.73,3.75
2012.08.20 15:04:22.998,1.57034,1.57046,1.73,1.50
2012.08.20 15:04:24.023,1.57032,1.57047,2.48,3.00
2012.08.20 15:04:24.879,1.57032,1.57047,2.48,3.75
2012.08.20 15:04:25.794,1.57032,1.57047,2.48,3.38
2012.08.20 15:04:26.392,1.5703,1.57045,3.60,2.25
2012.08.20 15:04:31.647,1.5703,1.57045,3.60,3.75
2012.08.20 15:04:31.952,1.5703,1.57043,3.60,1.50
2012.08.20 15:04:32.019,1.5703,1.57042,1.73,1.50
2012.08.20 15:04:32.207,1.57028,1.57039,1.50,1.73
2012.08.20 15:04:32.746,1.57028,1.57039,1.50,1.73
2012.08.20 15:04:35.133,1.57028,1.57035,1.50,1.13
2012.08.20 15:04:35.260,1.57026,1.57035,1.50,1.88
2012.08.20 15:04:35.386,1.57023,1.57034,2.25,1.73
2012.08.20 15:04:35.632,1.57023,1.57037,1.73,1.88
2012.08.20 15:04:37.316,1.57025,1.57037,1.73,1.50
2012.08.20 15:04:37.626,1.5703,1.57044,2.85,2.25
2012.08.20 15:04:37.753,1.57032,1.57042,1.73,1.50
2012.08.20 15:04:37.939,1.57035,1.57046,1.73,1.50
2012.08.20 15:04:38.063,1.57035,1.57048,1.73,2.25
2012.08.20 15:04:38.755,1.57038,1.57049,1.73,1.50
2012.08.20 15:04:39.669,1.57038,1.5705,4.50,2.10
2012.08.20 15:04:40.104,1.57034,1.57048,3.23,1.50
2012.08.20 15:04:40.650,1.57032,1.57047,2.48,1.65
2012.08.20 15:04:41.118,1.57036,1.57049,1.50,1.73
2012.08.20 15:04:41.187,1.57038,1.5705,1.50,2.10
2012.08.20 15:04:41.664,1.57036,1.5705,2.25,2.10
2012.08.20 15:04:43.181,1.57034,1.57049,3.23,1.73
2012.08.20 15:04:44.217,1.57036,1.5705,1.50,2.10
2012.08.20 15:04:44.760,1.57034,1.57049,2.48,3.23
2012.08.20 15:04:45.300,1.57036,1.5705,1.50,2.10
2012.08.20 15:04:45.848,1.57036,1.5705,1.50,1.35
2012.08.20 15:04:47.231,1.57034,1.57049,2.48,2.48
2012.08.20 15:04:48.429,1.57036,1.5705,1.50,2.10
2012.08.20 15:04:51.547,1.57038,1.5705,1.50,2.10
2012.08.20 15:04:51.753,1.57036,1.5705,3.00,1.35
2012.08.20 15:04:52.268,1.57034,1.57049,2.48,1.73
2012.08.20 15:04:52.805,1.57034,1.57049,3.75,1.73
2012.08.20 15:04:56.318,1.57034,1.57049,5.25,2.48
2012.08.20 15:04:56.876,1.57036,1.5705,2.25,2.10
2012.08.20 15:05:00.505,1.57036,1.5705,3.00,2.10
2012.08.20 15:05:01.070,1.57036,1.5705,2.25,2.10
2012.08.20 15:05:01.164,1.57036,1.57049,2.25,1.54
2012.08.20 15:05:01.352,1.57032,1.57045,2.25,2.85
2012.08.20 15:05:01.898,1.57032,1.57047,3.98,3.75
2012.08.20 15:05:01.965,1.57032,1.57046,3.98,1.13
2012.08.20 15:05:02.251,1.57034,1.57047,1.50,2.25
2012.08.20 15:05:02.378,1.57037,1.57049,1.50,1.73
2012.08.20 15:05:03.016,1.57035,1.5705,2.25,5.10
2012.08.20 15:05:03.862,1.57035,1.5705,1.50,5.10
2012.08.20 15:05:04.232,1.57037,1.5705,1.50,3.60
2012.08.20 15:05:05.067,1.57037,1.5705,1.73,2.63
2012.08.20 15:05:05.581,1.57037,1.5705,2.85,2.63
2012.08.20 15:05:05.888,1.57042,1.57053,1.50,1.50
2012.08.20 15:05:06.077,1.5704,1.5705,1.50,2.10
2012.08.20 15:05:06.145,1.57034,1.57047,2.63,1.50
2012.08.20 15:05:06.442,1.57033,1.57047,1.73,1.50
2012.08.20 15:05:06.748,1.57034,1.57049,1.88,2.48
2012.08.20 15:05:09.079,1.57034,1.57049,1.50,3.23
2012.08.20 15:05:09.641,1.57034,1.57049,1.50,3.23
2012.08.20 15:05:10.439,1.57034,1.57049,2.25,2.48
2012.08.20 15:05:10.990,1.57036,1.5705,2.25,3.23
2012.08.20 15:05:11.173,1.57036,1.5705,2.25,2.85
2012.08.20 15:05:11.968,1.57036,1.5705,3.75,2.10
2012.08.20 15:05:12.461,1.57034,1.57049,3.75,1.73
2012.08.20 15:05:13.040,1.57034,1.57049,2.25,2.48
2012.08.20 15:05:13.579,1.57036,1.5705,2.25,2.85
2012.08.20 15:05:16.341,1.57034,1.57049,3.00,1.73
2012.08.20 15:05:17.547,1.57034,1.57049,3.00,1.73
2012.08.20 15:05:19.039,1.57034,1.57049,3.75,1.73
2012.08.20 15:05:19.546,1.57035,1.57049,2.25,1.73
2012.08.20 15:05:23.252,1.57036,1.5705,2.25,2.85
2012.08.20 15:05:23.734,1.57036,1.5705,3.75,3.60
2012.08.20 15:05:23.980,1.57038,1.5705,1.50,3.98
2012.08.20 15:05:24.328,1.57036,1.5705,3.75,3.23
2012.08.20 15:05:25.530,1.57034,1.57049,3.00,3.23
2012.08.20 15:05:25.843,1.57037,1.57049,1.50,1.73
2012.08.20 15:05:26.377,1.57034,1.57049,2.25,3.23
2012.08.20 15:05:26.882,1.57035,1.57049,2.25,1.73
2012.08.20 15:05:28.119,1.57033,1.57048,3.23,3.00
2012.08.20 15:05:28.246,1.57031,1.57046,2.48,4.69
2012.08.20 15:05:28.552,1.5703,1.57043,1.35,1.50
2012.08.20 15:05:28.678,1.57029,1.57042,3.68,1.50
2012.08.20 15:05:29.164,1.57029,1.57042,1.50,3.00
2012.08.20 15:05:30.999,1.57029,1.57041,1.50,1.50
2012.08.20 15:05:31.546,1.57029,1.57043,1.50,3.75
2012.08.20 15:05:31.672,1.57029,1.57042,1.50,2.63
2012.08.20 15:05:32.303,1.57029,1.57042,1.50,2.25
2012.08.20 15:05:32.940,1.57029,1.57043,1.50,3.75
2012.08.20 15:05:34.221,1.57027,1.57042,3.98,2.25
2012.08.20 15:05:34.765,1.57029,1.57042,1.50,1.50
2012.08.20 15:05:36.119,1.57027,1.57042,1.73,3.00
2012.08.20 15:05:36.426,1.57025,1.5704,4.35,3.00
2012.08.20 15:05:36.611,1.57025,1.5704,2.25,5.85
2012.08.20 15:05:37.233,1.57025,1.5704,2.25,5.10
2012.08.20 15:05:37.503,1.57025,1.5704,2.25,4.35
2012.08.20 15:05:37.989,1.57028,1.5704,2.25,2.10
2012.08.20 15:05:38.061,1.57028,1.57042,1.73,2.25
2012.08.20 15:05:38.127,1.57028,1.57042,1.73,2.25
2012.08.20 15:05:38.194,1.57031,1.57042,1.50,2.25
2012.08.20 15:05:38.502,1.5703,1.57041,1.13,2.48
2012.08.20 15:05:38.688,1.57027,1.5704,3.75,2.10
2012.08.20 15:05:39.407,1.57027,1.5704,1.50,2.10
2012.08.20 15:05:40.386,1.57025,1.57037,3.00,2.25
2012.08.20 15:05:40.713,1.57022,1.57032,1.73,1.50
2012.08.20 15:05:41.048,1.57015,1.5703,5.11,1.50
2012.08.20 15:05:41.114,1.57015,1.5703,5.11,1.50
2012.08.20 15:05:41.420,1.57017,1.57032,1.73,3.00
2012.08.20 15:05:42.433,1.57017,1.57032,1.73,3.00
2012.08.20 15:05:42.944,1.57017,1.57032,1.73,3.00
2012.08.20 15:05:43.253,1.57018,1.57032,2.44,3.00
2012.08.20 15:05:43.438,1.57021,1.57032,1.50,1.50
2012.08.20 15:05:43.567,1.57021,1.57032,2.85,1.50
2012.08.20 15:05:43.873,1.57025,1.57032,1.50,1.50
2012.08.20 15:05:43.940,1.57027,1.57039,1.50,1.73
2012.08.20 15:05:44.486,1.57028,1.57042,1.50,3.23
2012.08.20 15:05:44.831,1.5703,1.57042,1.50,1.50
2012.08.20 15:05:45.445,1.5703,1.57043,1.50,1.50
2012.08.20 15:05:45.806,1.57032,1.57042,1.50,1.50
2012.08.20 15:05:46.114,1.57028,1.5704,2.25,3.60
2012.08.20 15:05:46.892,1.57028,1.5704,1.50,3.60
2012.08.20 15:05:47.396,1.57028,1.57035,1.50,2.63
2012.08.20 15:05:47.644,1.57024,1.57035,1.50,2.10
2012.08.20 15:05:47.832,1.57026,1.5704,1.73,1.50
2012.08.20 15:05:47.897,1.57029,1.57043,1.50,3.00
2012.08.20 15:05:48.081,1.57031,1.57043,1.50,1.50
2012.08.20 15:05:48.673,1.57029,1.57043,1.50,3.00
2012.08.20 15:05:49.004,1.5703,1.57043,2.85,1.50
2012.08.20 15:05:49.915,1.57028,1.57043,6.23,2.25
2012.08.20 15:05:49.981,1.57028,1.57043,5.48,3.00
2012.08.20 15:05:50.470,1.57028,1.5704,4.28,1.50
2012.08.20 15:05:50.657,1.57026,1.57039,3.30,1.73
2012.08.20 15:05:53.042,1.57027,1.57039,3.00,1.73
2012.08.20 15:05:53.963,1.57027,1.57039,4.50,1.73
2012.08.20 15:05:54.497,1.57028,1.5704,3.00,2.85
2012.08.20 15:05:54.921,1.57025,1.57038,2.63,1.50
2012.08.20 15:05:55.868,1.57025,1.57038,1.88,2.25
2012.08.20 15:05:56.417,1.57025,1.57039,3.38,1.73
2012.08.20 15:05:56.956,1.57026,1.57039,1.50,1.73
2012.08.20 15:05:57.832,1.57026,1.57038,2.25,1.50
2012.08.20 15:05:59.959,1.57026,1.57039,1.88,1.73
2012.08.20 15:06:02.451,1.57025,1.57039,4.05,1.73
2012.08.20 15:06:02.959,1.57025,1.57039,3.00,1.73
2012.08.20 15:06:03.382,1.57025,1.5704,3.75,4.35
2012.08.20 15:06:03.741,1.57027,1.57042,3.98,2.25
2012.08.20 15:06:03.807,1.57027,1.57042,3.98,2.25
2012.08.20 15:06:03.873,1.57027,1.5704,2.48,1.50
2012.08.20 15:06:04.441,1.57027,1.57039,2.25,1.73
2012.08.20 15:06:04.953,1.57027,1.57039,1.50,1.50
2012.08.20 15:06:06.025,1.57027,1.57039,1.50,1.73
2012.08.20 15:06:06.271,1.57027,1.5704,1.50,5.10
2012.08.20 15:06:13.022,1.57024,1.57038,3.15,1.50
2012.08.20 15:06:13.560,1.57025,1.57038,1.65,2.25
2012.08.20 15:06:14.046,1.57027,1.5704,1.88,3.23
2012.08.20 15:06:14.117,1.57031,1.57043,1.50,1.13
2012.08.20 15:06:15.037,1.57033,1.57046,1.50,2.48
2012.08.20 15:06:15.164,1.57035,1.57049,1.50,1.73
2012.08.20 15:06:15.671,1.57033,1.57048,3.23,1.50
2012.08.20 15:06:16.210,1.57033,1.57048,3.98,1.50
2012.08.20 15:06:21.727,1.57033,1.57048,3.23,2.25
2012.08.20 15:06:22.236,1.57035,1.5705,1.50,5.10
2012.08.20 15:06:22.741,1.57033,1.57048,3.23,2.25
2012.08.20 15:06:28.466,1.57033,1.57048,4.73,2.25
2012.08.20 15:06:33.847,1.57035,1.5705,3.00,3.60
2012.08.20 15:06:34.153,1.57035,1.57047,1.50,1.84
2012.08.20 15:06:34.459,1.57035,1.57045,1.50,2.48
2012.08.20 15:06:34.764,1.57028,1.57042,1.88,1.50
2012.08.20 15:06:35.778,1.57029,1.57044,1.50,4.88
2012.08.20 15:06:39.986,1.57029,1.57044,2.25,3.00
2012.08.20 15:06:40.544,1.57029,1.57044,3.00,3.00
2012.08.20 15:06:41.123,1.5703,1.57044,1.50,1.50
2012.08.20 15:06:41.721,1.5703,1.57044,1.50,1.50
2012.08.20 15:06:42.232,1.5703,1.57044,1.50,2.25
2012.08.20 15:06:42.765,1.57029,1.57044,3.38,2.25
2012.08.20 15:06:44.423,1.57029,1.57044,3.38,2.25
2012.08.20 15:06:46.416,1.57029,1.57044,1.73,2.25
2012.08.20 15:06:50.372,1.57031,1.57044,2.48,2.25
2012.08.20 15:06:50.693,1.57031,1.57045,2.48,2.63
2012.08.20 15:07:02.359,1.57031,1.57044,2.48,1.09
2012.08.20 15:07:04.155,1.57031,1.57044,2.25,1.84
2012.08.20 15:07:04.488,1.57029,1.57042,1.73,1.13
2012.08.20 15:07:05.674,1.57029,1.57043,1.73,1.09
2012.08.20 15:07:14.105,1.57031,1.57043,1.73,1.09
2012.08.20 15:07:14.172,1.57031,1.57044,1.73,1.84
2012.08.20 15:07:14.718,1.57031,1.57043,1.73,1.09
2012.08.20 15:07:14.789,1.57024,1.57036,3.23,1.50
2012.08.20 15:07:14.913,1.57024,1.57036,2.26,1.50
2012.08.20 15:07:15.510,1.57026,1.57038,1.50,2.25
2012.08.20 15:07:15.850,1.57026,1.57038,1.51,2.25
2012.08.20 15:07:15.917,1.57027,1.5704,5.11,1.50
2012.08.20 15:07:17.975,1.5703,1.57043,2.26,1.50
2012.08.20 15:07:18.039,1.57032,1.57043,4.88,1.50
2012.08.20 15:07:18.456,1.57032,1.57045,6.60,1.50
2012.08.20 15:07:27.891,1.57032,1.57046,6.60,1.50
2012.08.20 15:07:28.189,1.57032,1.57047,8.85,3.00
2012.08.20 15:07:29.061,1.57034,1.57047,2.48,3.19
2012.08.20 15:07:30.010,1.57034,1.57046,2.48,2.82
2012.08.20 15:07:30.488,1.57033,1.57044,1.73,2.25
2012.08.20 15:07:30.613,1.57033,1.57044,1.50,3.98
2012.08.20 15:07:30.855,1.57029,1.57043,2.25,1.50
2012.08.20 15:07:33.806,1.57031,1.57043,1.50,2.25
2012.08.20 15:07:36.686,1.57031,1.57043,1.50,1.50
2012.08.20 15:07:36.810,1.57033,1.57044,1.50,3.23
2012.08.20 15:07:36.875,1.5703,1.57044,2.25,3.23
2012.08.20 15:07:37.056,1.5703,1.57042,2.25,1.50
2012.08.20 15:07:43.580,1.57028,1.57041,2.48,1.13
2012.08.20 15:07:43.883,1.57027,1.57036,4.50,1.50
2012.08.20 15:07:44.009,1.57027,1.57039,5.10,2.85
2012.08.20 15:07:44.074,1.57027,1.57039,5.10,2.48
2012.08.20 15:07:44.317,1.57029,1.57042,2.25,1.50
2012.08.20 15:07:44.848,1.5703,1.57042,2.25,1.50
2012.08.20 15:07:46.200,1.57028,1.57042,2.48,1.50
2012.08.20 15:07:46.327,1.57032,1.57044,1.50,3.23
2012.08.20 15:07:46.454,1.57032,1.57044,1.73,1.50
2012.08.20 15:07:46.696,1.57032,1.57045,6.60,2.25
2012.08.20 15:07:47.239,1.57032,1.57046,6.60,1.50
2012.08.20 15:07:50.007,1.57034,1.57048,2.25,1.50
2012.08.20 15:07:51.092,1.57036,1.57049,1.50,2.48
2012.08.20 15:07:51.633,1.57036,1.57049,1.50,3.98
2012.08.20 15:07:52.264,1.57034,1.57048,2.25,1.50
2012.08.20 15:07:56.023,1.57034,1.57047,2.25,1.50
2012.08.20 15:07:56.348,1.57032,1.57042,1.88,1.50
2012.08.20 15:07:56.417,1.57029,1.57042,1.50,1.50
2012.08.20 15:08:00.854,1.57028,1.57042,2.48,2.25
2012.08.20 15:08:01.036,1.5703,1.57042,2.25,1.50
2012.08.20 15:08:01.161,1.57032,1.57042,1.50,1.50
2012.08.20 15:08:01.471,1.57034,1.57045,2.25,1.50
2012.08.20 15:08:03.243,1.57032,1.57045,5.10,3.75
2012.08.20 15:08:03.556,1.5703,1.57042,1.73,1.50
2012.08.20 15:08:03.745,1.5703,1.57042,2.25,1.50
2012.08.20 15:08:05.318,1.57032,1.57042,1.50,1.50
2012.08.20 15:08:10.732,1.57032,1.57043,6.38,1.50
2012.08.20 15:08:10.797,1.57033,1.57046,2.25,1.35
2012.08.20 15:08:10.863,1.57033,1.57047,2.48,1.50
2012.08.20 15:08:11.408,1.57035,1.57049,2.25,2.48
2012.08.20 15:08:11.474,1.57037,1.57049,1.50,2.48
2012.08.20 15:08:11.720,1.57037,1.57049,1.50,1.73
2012.08.20 15:08:12.142,1.57035,1.57049,3.75,1.73
2012.08.20 15:08:12.798,1.57035,1.57049,2.25,1.73
2012.08.20 15:08:16.728,1.57033,1.57048,2.48,3.00
2012.08.20 15:08:16.912,1.57032,1.57044,5.86,1.50
2012.08.20 15:08:17.038,1.57032,1.57046,5.10,4.13
2012.08.20 15:08:35.115,1.5703,1.57044,1.35,1.50
2012.08.20 15:08:35.184,1.57029,1.57043,2.48,1.50
2012.08.20 15:08:35.759,1.57029,1.57043,2.48,2.25
2012.08.20 15:08:35.943,1.57029,1.57042,2.48,3.38
2012.08.20 15:08:36.068,1.57027,1.5704,5.10,2.25
2012.08.20 15:08:36.547,1.57028,1.57041,1.73,1.50
2012.08.20 15:08:38.307,1.57028,1.57041,1.73,1.50
2012.08.20 15:08:38.672,1.57032,1.57043,1.50,1.50
2012.08.20 15:08:39.208,1.5703,1.57044,1.73,1.35
2012.08.20 15:08:49.223,1.5703,1.57043,2.48,1.50
2012.08.20 15:08:50.357,1.5703,1.57045,2.48,6.60
2012.08.20 15:08:50.717,1.57033,1.57045,2.25,2.85
2012.08.20 15:08:50.786,1.57032,1.57046,1.51,4.17
2012.08.20 15:08:50.854,1.57034,1.57046,3.75,4.17
2012.08.20 15:08:51.380,1.57036,1.57049,3.00,1.17
2012.08.20 15:08:51.447,1.57036,1.5705,3.00,2.10
2012.08.20 15:08:53.795,1.57036,1.5705,2.25,2.85
2012.08.20 15:08:54.660,1.57036,1.5705,2.25,2.85
2012.08.20 15:08:55.908,1.57038,1.5705,1.50,2.85
2012.08.20 15:08:58.724,1.57038,1.57048,1.50,1.50
2012.08.20 15:08:59.033,1.57036,1.5705,3.00,2.84
2012.08.20 15:08:59.099,1.57038,1.57053,2.48,2.25
2012.08.20 15:08:59.222,1.57038,1.5705,2.48,1.50
2012.08.20 15:08:59.287,1.5704,1.57054,1.73,2.48
2012.08.20 15:08:59.529,1.57041,1.57055,1.50,5.10
2012.08.20 15:09:00.472,1.57042,1.57053,1.50,3.00
2012.08.20 15:09:00.539,1.57038,1.5705,2.48,2.63
2012.08.20 15:09:01.087,1.57038,1.5705,3.75,2.10
2012.08.20 15:09:01.391,1.57038,1.57053,4.73,2.25
2012.08.20 15:09:01.893,1.57042,1.57054,1.50,2.07
2012.08.20 15:09:03.947,1.5704,1.57054,2.48,2.10
2012.08.20 15:09:04.131,1.5704,1.57053,2.48,2.59
2012.08.20 15:09:04.611,1.57038,1.5705,1.50,2.85
2012.08.20 15:09:06.228,1.57038,1.5705,1.50,2.85
2012.08.20 15:09:08.411,1.57036,1.5705,3.00,2.85
2012.08.20 15:09:08.968,1.57038,1.5705,1.50,2.10
2012.08.20 15:09:10.720,1.57038,1.5705,1.50,2.85
2012.08.20 15:09:11.255,1.57038,1.5705,1.50,2.10
2012.08.20 15:09:11.492,1.57038,1.57049,1.50,1.73
2012.08.20 15:09:11.682,1.57032,1.57045,3.23,1.13
2012.08.20 15:09:12.233,1.57034,1.57046,1.73,1.50
2012.08.20 15:09:12.780,1.57034,1.57049,3.98,2.48
2012.08.20 15:09:13.082,1.57038,1.5705,1.50,3.60
2012.08.20 15:09:13.629,1.57038,1.5705,1.50,3.60
2012.08.20 15:09:15.411,1.57036,1.5705,2.25,2.85
2012.08.20 15:09:15.930,1.57038,1.5705,1.50,2.85
2012.08.20 15:09:19.577,1.57038,1.57049,1.50,1.77
2012.08.20 15:09:20.012,1.57036,1.57045,1.50,4.87
2012.08.20 15:09:20.145,1.5703,1.57045,2.86,5.84
2012.08.20 15:09:20.213,1.57032,1.57045,2.25,4.34
2012.08.20 15:09:20.519,1.57032,1.57045,2.48,2.62
2012.08.20 15:09:22.854,1.57033,1.57047,1.73,3.75
2012.08.20 15:09:22.920,1.57034,1.57047,1.73,1.50
2012.08.20 15:09:23.288,1.57036,1.5705,2.25,2.10
2012.08.20 15:09:23.645,1.57038,1.5705,1.50,2.10
2012.08.20 15:09:23.717,1.57036,1.5705,1.50,2.85
2012.08.20 15:09:24.639,1.57036,1.5705,1.50,3.60
2012.08.20 15:09:25.149,1.57034,1.57049,2.48,3.98
2012.08.20 15:09:25.715,1.57036,1.57049,1.50,1.73
2012.08.20 15:09:26.136,1.57034,1.57048,2.48,1.50
2012.08.20 15:09:26.439,1.57038,1.57049,1.50,1.73
2012.08.20 15:09:26.682,1.57036,1.57049,1.50,1.73
2012.08.20 15:09:27.153,1.57036,1.57049,1.50,2.48
2012.08.20 15:09:27.348,1.57036,1.57049,1.50,1.73
2012.08.20 15:09:28.272,1.57036,1.57047,1.50,1.13
2012.08.20 15:09:28.580,1.57032,1.57045,2.48,3.38
2012.08.20 15:09:28.827,1.57033,1.57046,1.73,1.50
2012.08.20 15:09:29.012,1.57034,1.57048,1.73,1.88
2012.08.20 15:09:29.436,1.57036,1.57048,2.25,2.63
2012.08.20 15:09:29.742,1.57038,1.57048,1.50,1.50
2012.08.20 15:09:30.212,1.57038,1.5705,1.50,3.60
2012.08.20 15:09:30.758,1.57036,1.5705,3.00,3.60
2012.08.20 15:09:31.260,1.57036,1.5705,1.50,2.85
2012.08.20 15:09:31.878,1.57038,1.5705,1.50,2.85
2012.08.20 15:09:33.975,1.57038,1.5705,1.50,2.85
2012.08.20 15:09:34.099,1.57036,1.5705,3.00,2.85
2012.08.20 15:09:34.165,1.57036,1.5705,2.25,2.10
2012.08.20 15:09:34.457,1.57036,1.57051,2.48,3.00
2012.08.20 15:09:35.001,1.57038,1.57052,1.73,2.25
2012.08.20 15:09:41.031,1.57038,1.57052,1.73,3.75
2012.08.20 15:09:41.898,1.57038,1.57052,1.73,1.50
2012.08.20 15:09:42.314,1.57038,1.57051,1.73,2.25
2012.08.20 15:09:42.378,1.57038,1.57051,1.73,1.50
2012.08.20 15:09:42.444,1.57038,1.57051,3.23,1.88
2012.08.20 15:09:42.569,1.5704,1.57052,1.73,2.25
2012.08.20 15:09:43.128,1.57038,1.57052,2.48,2.25
2012.08.20 15:09:44.227,1.57038,1.57052,1.73,3.75
2012.08.20 15:09:44.291,1.57038,1.5705,1.50,2.10
2012.08.20 15:09:47.123,1.57036,1.5705,1.50,4.35
2012.08.20 15:09:47.373,1.57034,1.57049,1.73,3.98
2012.08.20 15:09:47.741,1.57034,1.57046,1.73,2.63
2012.08.20 15:09:48.284,1.57034,1.57044,1.50,2.48
2012.08.20 15:09:48.599,1.5703,1.57042,1.73,1.50
2012.08.20 15:09:48.785,1.57028,1.5704,1.50,2.10
2012.08.20 15:09:49.472,1.57028,1.5704,2.48,1.88
2012.08.20 15:09:50.789,1.57028,1.5704,1.50,2.10
2012.08.20 15:09:51.328,1.57028,1.5704,1.73,1.88
2012.08.20 15:09:52.047,1.57028,1.5704,2.25,2.85
2012.08.20 15:09:54.619,1.57028,1.57043,3.98,2.25
2012.08.20 15:09:54.688,1.5703,1.57045,2.26,6.15
2012.08.20 15:09:54.817,1.5703,1.57045,4.36,2.63
2012.08.20 15:09:56.280,1.5703,1.57043,2.86,1.50
2012.08.20 15:09:56.347,1.57031,1.57045,2.48,1.13
2012.08.20 15:09:58.547,1.5703,1.57042,2.11,1.50
2012.08.20 15:09:58.848,1.57032,1.57045,1.73,1.50
2012.08.20 15:09:58.974,1.57032,1.57044,1.50,1.73
2012.08.20 15:09:59.101,1.5703,1.57043,1.73,1.50
2012.08.20 15:10:01.545,1.57031,1.57043,1.50,1.50
2012.08.20 15:10:02.895,1.57029,1.57043,1.73,1.50
2012.08.20 15:10:09.417,1.57029,1.57041,1.73,1.35
2012.08.20 15:10:09.728,1.57026,1.57037,2.25,2.78
2012.08.20 15:10:09.796,1.57026,1.57041,2.48,3.37
2012.08.20 15:10:10.103,1.57025,1.57038,3.23,1.50
2012.08.20 15:10:10.228,1.57028,1.5704,1.50,1.35
2012.08.20 15:10:10.354,1.5703,1.57042,1.50,1.50
2012.08.20 15:10:10.858,1.57028,1.57043,2.48,3.00
2012.08.20 15:10:16.480,1.57028,1.57039,1.73,1.50
2012.08.20 15:10:17.008,1.57028,1.57039,1.50,1.73
2012.08.20 15:10:20.661,1.57028,1.57035,1.50,1.13
2012.08.20 15:10:20.726,1.57026,1.57035,1.50,1.88
2012.08.20 15:10:21.033,1.57027,1.5704,1.73,1.50
2012.08.20 15:10:21.098,1.5703,1.57042,1.73,3.75
2012.08.20 15:10:21.163,1.57033,1.57042,1.50,2.25
2012.08.20 15:10:21.529,1.57031,1.57043,3.00,1.13
2012.08.20 15:10:30.036,1.57031,1.57044,2.25,1.73
2012.08.20 15:10:30.464,1.57033,1.57045,2.25,2.85
2012.08.20 15:10:30.776,1.57041,1.57052,1.50,2.10
2012.08.20 15:10:31.141,1.5704,1.5705,1.13,2.25
2012.08.20 15:10:31.207,1.57037,1.57049,1.50,1.73
2012.08.20 15:10:31.913,1.57035,1.5705,3.60,5.85
2012.08.20 15:10:32.456,1.57035,1.57049,2.48,1.73
2012.08.20 15:10:34.305,1.57035,1.57049,2.48,1.73
2012.08.20 15:10:34.844,1.57035,1.57049,1.73,1.73
2012.08.20 15:10:35.468,1.57035,1.57049,2.48,1.73
2012.08.20 15:10:35.968,1.57035,1.57049,2.48,1.73
2012.08.20 15:10:36.928,1.57035,1.57049,2.25,1.73
2012.08.20 15:10:36.997,1.57035,1.57049,2.25,2.48
2012.08.20 15:10:37.358,1.57035,1.57049,2.25,2.48
2012.08.20 15:10:37.904,1.57035,1.57049,2.48,2.48
2012.08.20 15:10:38.260,1.57035,1.57049,2.48,1.50
2012.08.20 15:10:38.382,1.57035,1.57049,2.48,1.50
2012.08.20 15:10:38.959,1.57037,1.57049,1.50,1.50
2012.08.20 15:10:42.928,1.57037,1.57049,1.50,1.50
2012.08.20 15:10:43.457,1.57037,1.57049,1.50,1.73
2012.08.20 15:10:43.972,1.57037,1.57048,1.50,1.35
2012.08.20 15:10:44.220,1.57033,1.57045,1.73,2.63
2012.08.20 15:10:44.348,1.57031,1.57042,1.50,1.73
2012.08.20 15:10:44.934,1.5703,1.57044,2.11,3.00
2012.08.20 15:10:45.063,1.57032,1.57046,1.50,3.60
2012.08.20 15:10:45.319,1.57033,1.57048,2.48,2.63
2012.08.20 15:10:46.956,1.57035,1.57049,1.73,1.73
2012.08.20 15:10:48.571,1.57033,1.57048,1.73,3.00
2012.08.20 15:10:48.755,1.57033,1.57048,1.73,3.98
2012.08.20 15:10:49.520,1.57033,1.57048,1.73,3.98
2012.08.20 15:10:50.290,1.57033,1.57048,1.73,3.98
2012.08.20 15:10:50.534,1.57035,1.57049,1.50,3.23
2012.08.20 15:10:50.599,1.57033,1.57048,3.23,2.48
2012.08.20 15:10:51.138,1.57033,1.57048,1.73,2.25
2012.08.20 15:10:51.577,1.57037,1.57049,1.50,1.73
2012.08.20 15:10:51.884,1.57037,1.57048,1.50,1.73
2012.08.20 15:10:52.277,1.57033,1.57048,1.73,3.75
2012.08.20 15:10:52.651,1.57031,1.57046,3.23,1.50
2012.08.20 15:10:53.656,1.57033,1.57048,1.73,1.50
2012.08.20 15:10:53.905,1.57037,1.57049,1.50,2.48
2012.08.20 15:10:54.211,1.57037,1.57049,1.50,2.48
2012.08.20 15:10:54.276,1.57037,1.57049,1.50,1.73
2012.08.20 15:10:55.807,1.57037,1.57049,1.50,2.85
2012.08.20 15:10:56.171,1.57033,1.57047,1.73,3.38
2012.08.20 15:10:56.729,1.57031,1.57046,1.73,1.88
2012.08.20 15:10:57.605,1.57033,1.57047,1.73,3.00
2012.08.20 15:10:59.218,1.57035,1.57048,1.73,1.50
2012.08.20 15:10:59.284,1.57037,1.57048,1.50,1.50
2012.08.20 15:10:59.822,1.57037,1.5705,1.50,4.35
2012.08.20 15:11:00.839,1.57037,1.57052,3.23,3.00
2012.08.20 15:11:04.641,1.57037,1.5705,1.73,1.88
2012.08.20 15:11:04.706,1.57037,1.5705,1.50,2.85
2012.08.20 15:11:06.066,1.57035,1.57049,3.23,3.38
2012.08.20 15:11:06.610,1.57035,1.57049,1.73,1.32
2012.08.20 15:11:07.411,1.57037,1.57049,1.50,1.32
2012.08.20 15:11:07.844,1.57035,1.57049,3.23,1.32
2012.08.20 15:11:11.328,1.57035,1.57049,1.73,2.48
2012.08.20 15:11:12.953,1.57034,1.57049,1.73,6.98
2012.08.20 15:11:14.607,1.57034,1.57048,1.73,1.50
2012.08.20 15:11:15.746,1.57034,1.57047,1.73,1.88
2012.08.20 15:11:25.535,1.5703,1.57045,3.60,3.00
2012.08.20 15:11:25.887,1.5703,1.57045,3.60,3.00
2012.08.20 15:11:26.835,1.57032,1.57046,1.73,1.50
2012.08.20 15:11:28.542,1.57032,1.57047,1.73,4.13
2012.08.20 15:11:29.662,1.57032,1.57047,1.73,5.94
2012.08.20 15:11:29.899,1.57032,1.57045,1.73,1.50
2012.08.20 15:11:32.534,1.5703,1.57045,3.60,2.25
2012.08.20 15:11:33.341,1.57032,1.57047,1.73,2.25
2012.08.20 15:11:33.868,1.57034,1.57048,1.73,2.25
2012.08.20 15:11:34.538,1.57032,1.57047,1.73,1.50
2012.08.20 15:11:44.298,1.57034,1.57048,1.73,1.50
2012.08.20 15:11:49.521,1.57034,1.57048,1.73,1.50
2012.08.20 15:11:58.414,1.57034,1.57048,1.73,1.50
2012.08.20 15:11:59.007,1.57032,1.57047,1.73,3.75
2012.08.20 15:12:01.016,1.57034,1.57047,1.73,2.25
2012.08.20 15:12:01.141,1.57034,1.57047,1.73,1.50
2012.08.20 15:12:01.686,1.57034,1.57049,1.73,5.82
2012.08.20 15:12:02.076,1.57034,1.57047,1.73,1.17
2012.08.20 15:12:02.618,1.5703,1.57045,3.60,3.75
2012.08.20 15:12:02.743,1.5703,1.57045,1.73,7.35
2012.08.20 15:12:03.101,1.5703,1.57045,5.10,3.75
2012.08.20 15:12:04.463,1.57032,1.57047,1.73,6.27
2012.08.20 15:12:05.104,1.57032,1.57047,1.73,4.50
2012.08.20 15:12:05.410,1.57034,1.57049,3.23,2.82
2012.08.20 15:12:05.475,1.57034,1.57049,2.48,2.82
2012.08.20 15:12:06.197,1.57036,1.5705,1.50,4.69
2012.08.20 15:12:06.759,1.57032,1.57047,3.98,1.50
2012.08.20 15:12:07.076,1.5703,1.57045,5.11,1.50
2012.08.20 15:12:07.202,1.57032,1.57047,1.73,6.00
2012.08.20 15:12:07.942,1.57032,1.57047,1.73,4.50
2012.08.20 15:12:08.491,1.57034,1.57049,1.73,4.32
2012.08.20 15:12:08.614,1.57034,1.57049,1.73,4.32
2012.08.20 15:12:10.709,1.57034,1.57049,2.48,2.82
2012.08.20 15:12:11.070,1.57036,1.5705,1.50,4.35
2012.08.20 15:12:11.259,1.57038,1.5705,3.00,2.85
2012.08.20 15:12:11.327,1.5704,1.57051,1.50,1.73
2012.08.20 15:12:11.510,1.5704,1.57053,1.73,2.03
2012.08.20 15:12:12.134,1.57036,1.57051,2.48,2.25
2012.08.20 15:12:12.841,1.57036,1.57051,2.48,3.34
2012.08.20 15:12:12.907,1.57036,1.5705,1.73,1.50
2012.08.20 15:12:13.093,1.57036,1.5705,1.50,3.60
2012.08.20 15:12:13.635,1.57036,1.5705,1.50,3.60
2012.08.20 15:12:14.484,1.57034,1.57049,3.23,2.48
2012.08.20 15:12:15.238,1.57036,1.5705,1.50,3.60
2012.08.20 15:12:16.257,1.57036,1.5705,1.50,3.60
2012.08.20 15:12:16.686,1.57034,1.57049,1.73,6.38
2012.08.20 15:12:17.013,1.57031,1.57045,1.73,1.50
2012.08.20 15:12:17.488,1.57032,1.57047,2.48,3.90
2012.08.20 15:12:19.350,1.57032,1.57047,2.48,3.53
2012.08.20 15:12:19.891,1.57032,1.57047,3.23,2.63
2012.08.20 15:12:20.366,1.57034,1.57049,1.73,3.60
2012.08.20 15:12:20.952,1.57034,1.57049,1.73,3.60
2012.08.20 15:12:21.315,1.57034,1.57049,1.73,3.60
2012.08.20 15:12:21.855,1.57036,1.5705,1.50,5.10
2012.08.20 15:12:22.392,1.57034,1.57049,2.48,1.73
2012.08.20 15:12:22.666,1.57034,1.57049,2.48,2.48
2012.08.20 15:12:22.973,1.57036,1.57048,2.25,2.82
2012.08.20 15:12:23.280,1.57035,1.57047,1.50,3.04
2012.08.20 15:12:23.466,1.57035,1.5705,1.73,5.10
2012.08.20 15:12:24.065,1.57035,1.5705,1.73,4.35
2012.08.20 15:12:25.892,1.57035,1.5705,3.98,4.35
2012.08.20 15:12:26.309,1.5704,1.57053,2.25,2.63
2012.08.20 15:12:26.623,1.57045,1.57057,2.86,1.50
2012.08.20 15:12:26.690,1.57045,1.57058,2.48,2.71
2012.08.20 15:12:26.877,1.57044,1.57059,2.48,3.23
2012.08.20 15:12:27.124,1.57046,1.57059,2.25,1.73
2012.08.20 15:12:27.669,1.57046,1.57059,1.50,1.73
2012.08.20 15:12:28.696,1.57046,1.57059,1.50,1.73
2012.08.20 15:12:30.608,1.57046,1.57059,1.50,1.73
2012.08.20 15:12:31.147,1.57046,1.5706,1.50,3.60
2012.08.20 15:12:35.371,1.57046,1.5706,2.25,3.60
2012.08.20 15:12:36.811,1.57046,1.5706,2.25,3.60
2012.08.20 15:12:37.542,1.57046,1.5706,3.38,2.85
2012.08.20 15:12:37.669,1.57048,1.5706,1.13,2.85
2012.08.20 15:12:37.921,1.57049,1.57062,2.48,1.13
2012.08.20 15:12:38.470,1.57053,1.57063,1.50,1.13
2012.08.20 15:12:38.595,1.57051,1.57063,1.50,1.13
2012.08.20 15:12:39.153,1.57049,1.57064,2.48,2.85
2012.08.20 15:12:39.618,1.57049,1.57064,5.48,2.25
2012.08.20 15:12:39.932,1.57058,1.57068,1.50,1.65
2012.08.20 15:12:40.182,1.57058,1.57069,2.48,1.80
2012.08.20 15:12:40.551,1.57056,1.57069,3.75,1.65
2012.08.20 15:12:41.044,1.57056,1.5707,2.48,3.38
2012.08.20 15:12:42.775,1.57055,1.57069,1.73,1.50
2012.08.20 15:12:43.266,1.57056,1.57071,3.23,1.73
2012.08.20 15:12:43.381,1.5706,1.57071,1.13,1.73
2012.08.20 15:12:43.688,1.5706,1.57075,5.10,2.63
2012.08.20 15:12:44.289,1.57064,1.57075,1.73,1.50
2012.08.20 15:12:44.604,1.57066,1.57077,2.48,1.50
2012.08.20 15:12:44.672,1.5707,1.57077,3.60,1.50
2012.08.20 15:12:44.800,1.5707,1.57081,3.60,1.50
2012.08.20 15:12:44.866,1.5707,1.57081,3.60,1.50
2012.08.20 15:12:44.935,1.5707,1.57081,5.10,1.50
2012.08.20 15:12:45.620,1.5707,1.57083,2.86,2.25
2012.08.20 15:12:45.886,1.5707,1.57083,1.73,1.50
2012.08.20 15:12:46.135,1.5707,1.57084,3.61,1.50
2012.08.20 15:12:46.384,1.57068,1.57083,2.48,1.50
2012.08.20 15:12:46.773,1.57068,1.57083,2.48,1.50
2012.08.20 15:12:47.084,1.57075,1.57086,2.86,1.69
2012.08.20 15:12:47.152,1.57075,1.57086,1.88,1.13
2012.08.20 15:12:47.220,1.57076,1.57091,4.88,1.88
2012.08.20 15:12:47.288,1.57078,1.57093,1.50,1.50
2012.08.20 15:12:47.420,1.57078,1.5709,1.50,1.88
2012.08.20 15:12:47.548,1.57077,1.5709,1.13,2.63
2012.08.20 15:12:47.736,1.57077,1.57093,1.13,2.48
2012.08.20 15:12:47.982,1.57076,1.57091,3.23,1.50
2012.08.20 15:12:48.529,1.57076,1.57092,3.00,1.13
2012.08.20 15:12:49.301,1.57075,1.57091,4.13,1.50
2012.08.20 15:12:49.844,1.57075,1.57091,4.88,1.50
2012.08.20 15:12:50.286,1.57078,1.57092,1.50,1.13
2012.08.20 15:12:50.897,1.57076,1.57091,3.38,1.50
2012.08.20 15:12:51.451,1.57076,1.57091,3.60,1.50
2012.08.20 15:12:52.162,1.57076,1.57092,4.35,1.50
2012.08.20 15:12:52.769,1.57079,1.57093,1.50,1.50
2012.08.20 15:12:53.302,1.5708,1.57094,3.01,3.00
2012.08.20 15:12:53.435,1.57081,1.57096,3.38,1.50
2012.08.20 15:12:54.650,1.57083,1.57099,1.50,1.73
2012.08.20 15:12:56.827,1.57083,1.57098,3.00,2.25
2012.08.20 15:12:57.367,1.57087,1.571,1.50,2.85
2012.08.20 15:12:57.611,1.57084,1.57092,1.73,1.50
2012.08.20 15:12:58.154,1.57083,1.57094,1.50,1.50
2012.08.20 15:12:59.691,1.57082,1.57097,2.25,2.25
2012.08.20 15:13:01.158,1.57084,1.57097,1.73,2.25
2012.08.20 15:13:05.635,1.57083,1.57096,2.48,1.50
2012.08.20 15:13:05.766,1.57081,1.57095,1.50,1.13
2012.08.20 15:13:06.015,1.57077,1.5709,4.36,1.88
2012.08.20 15:13:06.202,1.57075,1.5709,2.48,2.85
2012.08.20 15:13:06.569,1.57074,1.57089,1.50,1.50
2012.08.20 15:13:06.700,1.57072,1.57086,3.92,1.50
2012.08.20 15:13:06.945,1.57072,1.57088,2.94,3.00
2012.08.20 15:13:07.312,1.57074,1.57088,1.50,1.50
2012.08.20 15:13:08.174,1.57074,1.57089,1.51,1.50
2012.08.20 15:13:08.837,1.57075,1.57088,3.60,1.50
2012.08.20 15:13:09.084,1.57073,1.57088,1.73,1.50
2012.08.20 15:13:09.151,1.57072,1.57086,3.92,1.13
2012.08.20 15:13:09.281,1.57072,1.57085,1.73,1.13
2012.08.20 15:13:09.537,1.57072,1.57083,1.73,2.25
2012.08.20 15:13:10.093,1.5707,1.57082,2.11,1.50
2012.08.20 15:13:10.159,1.5707,1.57084,2.11,3.00
2012.08.20 15:13:10.709,1.5707,1.57084,2.86,2.25
2012.08.20 15:13:11.223,1.5707,1.57084,2.86,2.25
2012.08.20 15:13:11.850,1.5707,1.57083,2.86,1.50
2012.08.20 15:13:12.538,1.5707,1.57083,2.86,3.00
2012.08.20 15:13:14.038,1.5707,1.57083,2.11,2.25
2012.08.20 15:13:14.220,1.5707,1.57083,2.11,2.25
2012.08.20 15:13:14.758,1.5707,1.57083,2.86,2.25
2012.08.20 15:13:14.882,1.5707,1.57083,2.86,2.25
2012.08.20 15:13:15.392,1.5707,1.57083,2.86,2.25
2012.08.20 15:13:16.268,1.5707,1.57083,2.86,3.00
2012.08.20 15:13:17.010,1.5707,1.57082,2.86,3.00
2012.08.20 15:13:17.497,1.57066,1.57081,3.23,1.50
2012.08.20 15:13:17.564,1.57065,1.57078,2.86,1.50
2012.08.20 15:13:17.867,1.57065,1.57076,2.11,1.50
2012.08.20 15:13:18.300,1.57065,1.57075,1.13,3.00
2012.08.20 15:13:18.427,1.57065,1.57075,2.10,2.25
2012.08.20 15:13:18.493,1.57065,1.57075,2.10,1.50
2012.08.20 15:13:18.621,1.57065,1.57075,2.10,1.50
2012.08.20 15:13:18.928,1.57065,1.57078,2.11,3.00
2012.08.20 15:13:26.517,1.57065,1.57078,2.11,1.50
2012.08.20 15:13:26.639,1.57065,1.57076,2.11,1.50
2012.08.20 15:13:27.400,1.57065,1.57076,2.11,1.50
2012.08.20 15:13:28.088,1.57065,1.57076,2.11,1.50
2012.08.20 15:13:28.622,1.57065,1.57076,2.11,1.50
2012.08.20 15:13:31.314,1.57065,1.57076,1.88,2.10
2012.08.20 15:13:31.565,1.5706,1.57074,3.75,1.35
2012.08.20 15:13:31.634,1.5706,1.57074,3.38,1.35
2012.08.20 15:13:31.823,1.5706,1.57074,2.85,1.35
2012.08.20 15:13:31.891,1.5706,1.57072,2.10,1.50
2012.08.20 15:13:31.960,1.5706,1.57071,1.35,1.50
2012.08.20 15:13:32.027,1.57058,1.57068,1.50,1.50
2012.08.20 15:13:32.393,1.57057,1.57072,1.35,4.50
2012.08.20 15:13:33.027,1.5706,1.57072,1.35,2.25
2012.08.20 15:13:33.103,1.57065,1.57076,2.10,2.63
2012.08.20 15:13:33.170,1.57065,1.57076,2.10,2.63
2012.08.20 15:13:33.415,1.57065,1.57077,2.10,1.50
2012.08.20 15:13:36.253,1.57065,1.57075,2.10,1.50
2012.08.20 15:13:36.563,1.5706,1.57072,3.38,1.50
2012.08.20 15:13:36.787,1.5706,1.57072,1.35,3.00
2012.08.20 15:13:36.917,1.57055,1.57072,4.65,3.00
2012.08.20 15:13:37.102,1.57055,1.5707,3.15,1.50
2012.08.20 15:13:37.303,1.57055,1.57072,5.40,4.50
2012.08.20 15:13:37.759,1.57055,1.5707,3.60,1.50
2012.08.20 15:13:38.317,1.57056,1.57071,1.73,1.50
2012.08.20 15:13:38.865,1.57056,1.57073,3.23,4.50
2012.08.20 15:13:39.660,1.57058,1.57073,1.35,2.25
2012.08.20 15:13:40.145,1.57065,1.57073,1.13,2.25
2012.08.20 15:13:40.606,1.57062,1.57072,4.13,1.13
2012.08.20 15:13:40.677,1.57065,1.57072,1.88,2.25
2012.08.20 15:13:40.744,1.57059,1.57071,1.73,1.50
2012.08.20 15:13:40.870,1.57056,1.57069,2.03,2.25
2012.08.20 15:13:40.997,1.5706,1.57071,2.63,3.00
2012.08.20 15:13:41.307,1.57056,1.57066,1.05,1.32
2012.08.20 15:13:41.379,1.57056,1.57064,1.05,1.88
2012.08.20 15:13:41.627,1.57047,1.57062,1.73,1.50
2012.08.20 15:13:44.054,1.57053,1.57066,1.35,1.87
2012.08.20 15:13:44.194,1.57053,1.57066,2.48,3.00
2012.08.20 15:13:44.542,1.57055,1.57069,2.85,3.98
2012.08.20 15:13:44.612,1.57055,1.57067,3.60,1.50
2012.08.20 15:13:44.742,1.57055,1.5707,4.35,2.25
2012.08.20 15:13:44.928,1.57055,1.5707,4.35,2.25
2012.08.20 15:13:45.472,1.57055,1.57068,2.85,1.50
2012.08.20 15:13:46.035,1.57055,1.57068,3.23,1.50
2012.08.20 15:13:46.166,1.57057,1.5707,2.48,2.25
2012.08.20 15:13:46.353,1.57057,1.57072,2.48,1.50
2012.08.20 15:13:47.022,1.57055,1.57068,2.85,1.50
2012.08.20 15:13:47.332,1.57055,1.57066,2.85,1.50
2012.08.20 15:13:47.875,1.57055,1.57068,2.85,1.50
2012.08.20 15:13:48.359,1.57055,1.57068,3.60,1.50
2012.08.20 15:13:48.904,1.57057,1.57072,1.73,2.48
2012.08.20 15:13:49.029,1.57055,1.57066,3.60,1.50
2012.08.20 15:13:49.533,1.57055,1.57066,2.85,1.50
2012.08.20 15:13:49.847,1.57052,1.57064,1.73,1.50
2012.08.20 15:13:50.218,1.57053,1.57065,3.23,1.13
2012.08.20 15:13:50.285,1.57055,1.57068,2.10,1.50
2012.08.20 15:13:50.350,1.57055,1.5707,4.35,4.84
2012.08.20 15:13:50.905,1.57057,1.57072,1.73,2.25
2012.08.20 15:13:51.453,1.57055,1.5707,4.35,1.50
2012.08.20 15:13:51.997,1.57057,1.57072,1.73,3.75
2012.08.20 15:13:52.504,1.57055,1.5707,4.35,1.50
2012.08.20 15:13:54.398,1.57055,1.57068,2.85,1.50
2012.08.20 15:13:55.508,1.57056,1.57071,1.73,1.50
2012.08.20 15:14:00.569,1.57058,1.57073,1.73,2.25
2012.08.20 15:14:01.127,1.57058,1.57073,2.48,1.88
2012.08.20 15:14:01.379,1.57061,1.57073,2.10,1.50
2012.08.20 15:14:01.629,1.57063,1.57077,1.73,1.50
2012.08.20 15:14:01.697,1.57068,1.57078,1.50,2.25
2012.08.20 15:14:02.224,1.57068,1.57078,1.50,1.50
2012.08.20 15:14:02.299,1.57066,1.57078,1.50,1.50
2012.08.20 15:14:04.425,1.57064,1.57078,2.48,2.25
2012.08.20 15:14:04.970,1.57064,1.57078,2.48,1.50
2012.08.20 15:14:05.571,1.57066,1.57078,1.50,1.50
2012.08.20 15:14:06.225,1.57066,1.57078,1.50,1.50
2012.08.20 15:14:06.881,1.57066,1.57079,1.65,1.73
2012.08.20 15:14:07.069,1.5707,1.57084,1.50,1.50
2012.08.20 15:14:07.196,1.57072,1.57087,1.50,4.32
2012.08.20 15:14:07.447,1.57074,1.57089,2.25,3.75
2012.08.20 15:14:07.514,1.57075,1.57089,2.10,2.25
2012.08.20 15:14:07.941,1.57075,1.57091,1.88,2.25
2012.08.20 15:14:08.436,1.57074,1.57089,1.50,1.50
2012.08.20 15:14:08.860,1.57075,1.57091,1.88,2.25
2012.08.20 15:14:12.136,1.57076,1.57091,1.73,2.44
2012.08.20 15:14:12.452,1.57074,1.57084,1.50,1.50
2012.08.20 15:14:13.372,1.57075,1.57087,1.73,1.88
2012.08.20 15:14:13.678,1.57073,1.57088,1.73,2.25
2012.08.20 15:14:14.223,1.57075,1.57088,1.73,1.50
2012.08.20 15:14:14.766,1.57073,1.57086,2.25,1.50
2012.08.20 15:14:15.077,1.57081,1.57089,1.50,1.50
2012.08.20 15:14:15.326,1.57081,1.57089,1.50,2.25
2012.08.20 15:14:15.516,1.57082,1.57095,1.50,1.88
2012.08.20 15:14:15.586,1.57081,1.57096,2.25,3.00
2012.08.20 15:14:15.998,1.57085,1.57098,1.73,1.50
2012.08.20 15:14:17.076,1.57085,1.57099,1.73,2.82
2012.08.20 15:14:17.627,1.57085,1.57099,1.73,2.07
2012.08.20 15:14:18.173,1.57085,1.57099,1.73,1.32
2012.08.20 15:14:19.795,1.57085,1.57099,2.48,2.07
2012.08.20 15:14:20.673,1.57085,1.57099,2.48,2.07
2012.08.20 15:14:21.217,1.57085,1.57101,3.98,2.48
2012.08.20 15:14:21.282,1.57085,1.57101,4.35,2.48
2012.08.20 15:14:21.712,1.57087,1.571,3.38,1.73
2012.08.20 15:14:21.899,1.57085,1.57101,3.23,2.48
2012.08.20 15:14:22.550,1.57085,1.571,2.48,3.23
2012.08.20 15:14:30.807,1.57087,1.571,1.13,3.23
2012.08.20 15:14:31.311,1.57085,1.571,1.73,3.23
2012.08.20 15:14:31.523,1.57085,1.57098,1.73,1.50
2012.08.20 15:14:33.483,1.57087,1.571,2.26,3.23
2012.08.20 15:14:35.894,1.57088,1.571,1.35,3.00
2012.08.20 15:14:39.059,1.57088,1.571,1.35,1.50
2012.08.20 15:14:39.717,1.57088,1.571,1.35,1.50
2012.08.20 15:14:42.172,1.57088,1.571,1.35,3.00
2012.08.20 15:14:42.719,1.57087,1.57102,1.50,3.75
2012.08.20 15:14:43.265,1.57088,1.57102,1.88,1.50
2012.08.20 15:14:44.202,1.57087,1.57102,2.25,3.75
2012.08.20 15:14:45.002,1.57089,1.57103,1.73,2.25
2012.08.20 15:14:45.068,1.57089,1.57103,1.73,2.25
2012.08.20 15:14:45.931,1.57088,1.57103,1.88,3.00
2012.08.20 15:14:46.060,1.57088,1.57101,1.88,1.50
2012.08.20 15:14:46.367,1.57089,1.571,1.73,1.50
2012.08.20 15:14:46.558,1.57087,1.57099,1.13,1.73
2012.08.20 15:14:47.440,1.57087,1.57099,1.13,2.48
2012.08.20 15:14:47.509,1.57086,1.571,2.25,2.25
2012.08.20 15:14:47.760,1.57087,1.57101,1.13,1.50
2012.08.20 15:14:47.888,1.57087,1.57101,1.88,1.50
2012.08.20 15:14:47.954,1.57087,1.57102,1.88,2.25
2012.08.20 15:14:48.503,1.57087,1.57103,1.88,1.50
2012.08.20 15:14:49.050,1.57087,1.57104,4.13,2.25
2012.08.20 15:14:49.356,1.5709,1.57104,1.51,2.25
2012.08.20 15:14:49.543,1.57091,1.57106,1.50,2.25
2012.08.20 15:14:49.958,1.57093,1.57109,1.73,2.48
2012.08.20 15:14:50.084,1.57095,1.57115,3.00,3.75
2012.08.20 15:14:52.524,1.57101,1.57113,1.50,2.25
2012.08.20 15:14:53.134,1.57099,1.57114,3.23,3.75
2012.08.20 15:14:54.126,1.57099,1.57114,2.48,2.25
2012.08.20 15:14:54.194,1.57102,1.57114,2.63,2.25
2012.08.20 15:14:54.503,1.57102,1.57116,2.10,2.25
2012.08.20 15:14:55.106,1.57102,1.57114,1.35,1.50
2012.08.20 15:14:55.704,1.57102,1.57116,2.10,6.57
2012.08.20 15:14:55.831,1.57102,1.57114,2.10,2.25
2012.08.20 15:14:56.198,1.57099,1.57114,2.48,3.00
2012.08.20 15:14:56.383,1.57099,1.57112,1.73,1.13
2012.08.20 15:14:57.942,1.57099,1.57112,1.73,1.13
2012.08.20 15:15:00.213,1.57099,1.57113,1.73,2.63
2012.08.20 15:15:00.577,1.57099,1.57112,1.73,1.50
2012.08.20 15:15:01.004,1.57097,1.5711,2.85,1.50
2012.08.20 15:15:01.070,1.571,1.57115,1.73,5.25
2012.08.20 15:15:01.136,1.571,1.57113,1.50,1.13
2012.08.20 15:15:01.621,1.57097,1.57109,1.36,1.50
2012.08.20 15:15:02.359,1.57097,1.57111,1.35,2.25
2012.08.20 15:15:04.219,1.57097,1.57111,1.35,3.00
2012.08.20 15:15:04.529,1.57097,1.57107,1.13,2.03
2012.08.20 15:15:04.658,1.57093,1.57106,2.48,1.69
2012.08.20 15:15:05.296,1.57092,1.57104,1.35,2.25
2012.08.20 15:15:05.614,1.57093,1.57107,2.48,1.13
2012.08.20 15:15:05.979,1.57093,1.57108,2.48,1.50
2012.08.20 15:15:06.767,1.57095,1.5711,3.98,5.10
2012.08.20 15:15:06.954,1.57097,1.5711,2.48,3.00
2012.08.20 15:15:07.141,1.57097,1.57112,2.48,1.88
2012.08.20 15:15:11.991,1.57097,1.57112,1.73,2.63
2012.08.20 15:15:12.290,1.57095,1.57109,3.98,1.73
2012.08.20 15:15:12.843,1.57095,1.57109,2.48,1.73
2012.08.20 15:15:14.519,1.57095,1.57109,2.48,1.73
2012.08.20 15:15:16.073,1.57095,1.57109,2.25,1.73
2012.08.20 15:15:16.617,1.57095,1.57109,2.25,1.73
2012.08.20 15:15:18.967,1.57095,1.57109,2.25,1.73
2012.08.20 15:15:19.972,1.57095,1.57109,2.25,1.73
2012.08.20 15:15:20.644,1.57095,1.5711,2.25,4.73
2012.08.20 15:15:21.801,1.57093,1.57108,3.00,1.73
2012.08.20 15:15:22.341,1.57093,1.57108,2.26,1.73
2012.08.20 15:15:23.404,1.57093,1.57108,1.50,1.80
2012.08.20 15:15:23.708,1.57091,1.57106,3.98,3.19
2012.08.20 15:15:24.187,1.57091,1.57106,3.61,1.50
2012.08.20 15:15:24.902,1.57093,1.57107,1.50,2.48
2012.08.20 15:15:25.273,1.57093,1.57105,1.50,1.50
2012.08.20 15:15:25.339,1.57093,1.57107,1.50,2.48
2012.08.20 15:15:25.403,1.57093,1.57107,1.50,1.73
2012.08.20 15:15:25.976,1.57091,1.57106,2.86,1.88
2012.08.20 15:15:26.518,1.57091,1.57104,2.11,1.50
2012.08.20 15:15:27.052,1.57091,1.57104,1.36,1.50
2012.08.20 15:15:27.623,1.57091,1.57105,2.86,1.88
2012.08.20 15:15:28.161,1.57093,1.57107,1.50,2.48
2012.08.20 15:15:28.493,1.57093,1.57105,1.50,1.50
2012.08.20 15:15:29.484,1.57093,1.57105,1.50,1.50
2012.08.20 15:15:30.110,1.57091,1.57105,5.49,1.80
2012.08.20 15:15:30.239,1.57089,1.57103,1.50,1.73
2012.08.20 15:15:32.165,1.57089,1.57103,1.50,1.73
2012.08.20 15:15:32.435,1.57091,1.57103,1.50,1.73
2012.08.20 15:15:32.968,1.57087,1.57096,1.88,1.50
2012.08.20 15:15:33.034,1.57088,1.571,1.50,1.50
2012.08.20 15:15:33.401,1.5709,1.571,1.50,1.50
2012.08.20 15:15:33.526,1.57088,1.571,3.00,2.25
2012.08.20 15:15:34.033,1.57088,1.571,1.50,2.48
2012.08.20 15:15:36.623,1.57088,1.571,1.50,2.48
2012.08.20 15:15:36.930,1.57087,1.57095,1.13,1.50
2012.08.20 15:15:37.294,1.57083,1.57095,3.00,1.50
2012.08.20 15:15:37.721,1.57087,1.57095,1.13,1.73
2012.08.20 15:15:38.033,1.57084,1.57095,2.25,3.00
2012.08.20 15:15:38.163,1.57087,1.57094,1.13,1.35
2012.08.20 15:15:38.351,1.57087,1.57098,1.13,1.73
2012.08.20 15:15:38.896,1.57087,1.57097,1.13,1.73
2012.08.20 15:15:39.150,1.57087,1.57093,1.13,1.50
2012.08.20 15:15:39.218,1.57087,1.57095,1.13,4.50
2012.08.20 15:15:39.286,1.57082,1.57094,1.50,1.13
2012.08.20 15:15:39.355,1.57082,1.57093,1.50,2.10
2012.08.20 15:15:39.483,1.57082,1.57093,1.13,2.10
2012.08.20 15:15:39.891,1.57082,1.57091,1.13,1.50
2012.08.20 15:15:40.018,1.57082,1.57093,1.13,2.10
2012.08.20 15:15:40.690,1.57082,1.57095,3.38,1.73
2012.08.20 15:15:41.259,1.57082,1.57094,2.63,1.73
2012.08.20 15:15:47.295,1.57082,1.57095,1.13,4.73
2012.08.20 15:15:47.595,1.57082,1.57094,1.13,3.98
2012.08.20 15:15:47.726,1.57077,1.5709,1.51,2.48
2012.08.20 15:15:48.158,1.57077,1.57087,1.13,1.73
2012.08.20 15:15:48.614,1.57082,1.57094,1.13,3.98
2012.08.20 15:15:49.887,1.57077,1.57092,3.23,2.25
2012.08.20 15:15:50.076,1.57073,1.57087,3.60,1.50
2012.08.20 15:15:50.145,1.57082,1.57092,1.13,1.80
2012.08.20 15:15:50.400,1.57082,1.57088,1.13,2.63
2012.08.20 15:15:50.472,1.57075,1.57084,4.51,1.73
2012.08.20 15:15:50.540,1.57073,1.57081,3.77,1.50
2012.08.20 15:15:50.607,1.57073,1.57081,1.52,1.50
2012.08.20 15:15:50.675,1.57072,1.57082,1.13,1.73
2012.08.20 15:15:51.478,1.57077,1.57084,1.13,3.00
2012.08.20 15:15:51.546,1.57077,1.57084,1.13,1.50
2012.08.20 15:15:51.613,1.57077,1.57086,1.13,1.50
2012.08.20 15:15:52.155,1.57077,1.57088,1.13,4.35
2012.08.20 15:15:53.057,1.57077,1.57088,1.13,3.23
2012.08.20 15:15:53.479,1.57073,1.57084,1.50,1.50
2012.08.20 15:15:53.546,1.57073,1.57082,2.25,1.73
2012.08.20 15:15:54.065,1.57072,1.57082,1.13,1.73
2012.08.20 15:15:55.037,1.57072,1.57083,1.13,1.73
2012.08.20 15:15:55.581,1.57072,1.57082,1.13,1.73
2012.08.20 15:15:57.444,1.57072,1.57085,1.13,5.48
2012.08.20 15:15:57.804,1.57072,1.57083,2.63,1.73
2012.08.20 15:15:57.930,1.57072,1.57083,1.13,1.73
2012.08.20 15:15:58.484,1.57072,1.57085,1.13,5.48
2012.08.20 15:15:59.375,1.57072,1.57084,1.13,1.73
2012.08.20 15:15:59.913,1.57072,1.57083,1.13,1.73
2012.08.20 15:16:00.467,1.57072,1.57084,1.13,2.48
2012.08.20 15:16:01.014,1.57072,1.57083,1.13,1.73
2012.08.20 15:16:01.557,1.57077,1.57085,1.13,1.50
2012.08.20 15:16:02.043,1.57077,1.57087,1.13,3.23
2012.08.20 15:16:02.905,1.57077,1.57087,1.13,1.73
2012.08.20 15:16:03.446,1.57077,1.57088,1.13,1.73
2012.08.20 15:16:06.676,1.57077,1.57086,1.13,1.50
2012.08.20 15:16:06.978,1.57077,1.57088,1.13,1.73
2012.08.20 15:16:07.681,1.57077,1.57087,1.13,1.73
2012.08.20 15:16:08.184,1.57077,1.57087,1.13,1.73
2012.08.20 15:16:09.903,1.57077,1.57088,1.13,1.73
2012.08.20 15:16:10.097,1.57077,1.57087,1.13,1.73
2012.08.20 15:16:10.279,1.57077,1.57089,1.13,4.73
2012.08.20 15:16:10.818,1.57077,1.57088,1.13,1.73
2012.08.20 15:16:12.057,1.57077,1.57086,1.13,1.50
2012.08.20 15:16:12.182,1.57077,1.57088,1.13,1.73
2012.08.20 15:16:12.738,1.57078,1.57089,1.50,2.48
2012.08.20 15:16:13.307,1.57077,1.57089,1.13,1.73
2012.08.20 15:16:14.779,1.57078,1.57089,1.50,1.73
2012.08.20 15:16:15.315,1.57077,1.57089,1.13,1.73
2012.08.20 15:16:19.843,1.57077,1.5709,1.13,1.73
2012.08.20 15:16:23.132,1.57077,1.57089,1.13,3.23
2012.08.20 15:16:25.246,1.57077,1.57089,1.13,2.48
2012.08.20 15:16:25.311,1.57077,1.57089,1.13,2.48
2012.08.20 15:16:26.161,1.57082,1.57091,1.13,3.75
2012.08.20 15:16:26.348,1.57082,1.5709,1.13,1.50
2012.08.20 15:16:26.537,1.57078,1.5709,1.88,1.50
2012.08.20 15:16:26.604,1.57082,1.57089,1.13,1.50
2012.08.20 15:16:26.854,1.57082,1.57093,1.13,3.23
2012.08.20 15:16:27.704,1.57082,1.57093,1.13,3.23
2012.08.20 15:16:29.170,1.57082,1.57092,1.13,1.73
2012.08.20 15:16:29.800,1.57082,1.57091,1.13,3.00
2012.08.20 15:16:30.049,1.57077,1.5709,1.50,2.25
2012.08.20 15:16:30.356,1.57077,1.57087,1.13,2.48
2012.08.20 15:16:30.909,1.57077,1.57087,1.13,1.73
2012.08.20 15:16:31.477,1.57077,1.57089,1.13,3.23
2012.08.20 15:16:32.760,1.57077,1.5709,1.13,1.73
2012.08.20 15:16:33.309,1.57077,1.5709,1.13,1.73
2012.08.20 15:16:33.374,1.57082,1.57091,1.13,2.48
2012.08.20 15:16:33.502,1.57082,1.57091,1.13,2.25
2012.08.20 15:16:36.952,1.57082,1.57091,1.13,2.25
2012.08.20 15:16:37.494,1.57082,1.57093,1.13,1.73
2012.08.20 15:16:37.679,1.57078,1.57093,2.86,1.73
2012.08.20 15:16:37.746,1.57078,1.57093,2.86,2.48
2012.08.20 15:16:38.058,1.57077,1.5709,1.88,3.23
2012.08.20 15:16:38.564,1.57077,1.57089,1.88,2.48
2012.08.20 15:16:41.716,1.57077,1.57089,1.88,1.73
2012.08.20 15:16:42.472,1.57082,1.57091,1.13,1.50
2012.08.20 15:16:42.720,1.57078,1.5709,1.35,2.25
2012.08.20 15:16:42.846,1.57077,1.57089,1.88,2.48
2012.08.20 15:16:44.427,1.57077,1.57089,1.13,2.48
2012.08.20 15:16:44.957,1.57077,1.57089,1.13,2.48
2012.08.20 15:16:45.467,1.57077,1.57089,1.13,2.48
2012.08.20 15:16:47.744,1.57077,1.57089,1.13,2.48
2012.08.20 15:16:48.285,1.57077,1.57089,1.13,2.48
2012.08.20 15:16:49.463,1.57077,1.57086,1.13,1.50
2012.08.20 15:16:49.528,1.57077,1.57087,1.13,1.50
2012.08.20 15:16:50.232,1.57077,1.57086,1.13,1.50
2012.08.20 15:16:50.789,1.57077,1.57086,1.13,2.25
2012.08.20 15:16:51.348,1.57077,1.57086,1.13,1.50
2012.08.20 15:16:51.952,1.57077,1.57087,1.13,2.25
2012.08.20 15:16:53.030,1.57077,1.57088,1.13,3.00
2012.08.20 15:16:56.061,1.57077,1.57087,1.13,1.50
2012.08.20 15:16:57.564,1.57077,1.57088,2.85,1.50
2012.08.20 15:16:57.806,1.57077,1.57087,2.63,1.50
2012.08.20 15:16:58.728,1.57077,1.57088,1.13,1.50
2012.08.20 15:16:59.686,1.57077,1.57088,1.13,1.50
2012.08.20 15:17:00.397,1.57077,1.57088,1.13,1.50
2012.08.20 15:17:01.576,1.57077,1.57087,2.63,1.50
2012.08.20 15:17:02.137,1.57077,1.57087,2.63,1.50
2012.08.20 15:17:02.265,1.57077,1.57088,2.63,1.50
2012.08.20 15:17:02.818,1.57077,1.57085,1.13,3.75
2012.08.20 15:17:03.151,1.57077,1.57086,1.13,1.50
2012.08.20 15:17:03.758,1.57077,1.57087,1.13,2.25
2012.08.20 15:17:03.884,1.57077,1.57086,1.13,2.25
2012.08.20 15:17:04.487,1.57077,1.57086,1.13,2.25
2012.08.20 15:17:05.947,1.57077,1.57087,1.13,3.75
2012.08.20 15:17:06.497,1.57077,1.57086,1.13,1.50
2012.08.20 15:17:07.967,1.57077,1.57086,1.13,1.50
2012.08.20 15:17:08.471,1.57077,1.57086,1.13,3.23
2012.08.20 15:17:08.600,1.57077,1.57086,1.13,3.75
2012.08.20 15:17:08.787,1.57077,1.57085,1.13,1.50
2012.08.20 15:17:10.869,1.57077,1.57086,1.13,1.50
2012.08.20 15:17:13.834,1.57077,1.57086,1.13,1.50
2012.08.20 15:17:15.247,1.57077,1.57087,1.13,1.50
2012.08.20 15:17:15.731,1.5707,1.57088,1.51,2.48
2012.08.20 15:17:16.097,1.57075,1.57089,1.51,1.73
2012.08.20 15:17:16.285,1.57073,1.57088,1.73,2.25
2012.08.20 15:17:16.589,1.57071,1.57086,3.23,3.00
2012.08.20 15:17:19.867,1.57071,1.57085,2.86,1.50
2012.08.20 15:17:20.411,1.57071,1.57086,2.48,2.25
2012.08.20 15:17:20.951,1.57071,1.57085,2.11,1.50
2012.08.20 15:17:21.248,1.57071,1.57085,2.11,1.50
2012.08.20 15:17:21.371,1.57071,1.57085,2.10,1.50
2012.08.20 15:17:21.497,1.57071,1.57086,2.10,2.25
2012.08.20 15:17:22.025,1.57071,1.57086,2.10,1.50
2012.08.20 15:17:22.496,1.57071,1.57085,4.35,2.25
2012.08.20 15:17:22.806,1.57073,1.57087,1.50,1.50
2012.08.20 15:17:22.991,1.57073,1.57086,1.50,1.50
2012.08.20 15:17:23.118,1.57071,1.57086,3.98,2.25
2012.08.20 15:17:23.428,1.57071,1.57085,3.23,1.50
2012.08.20 15:17:23.732,1.57071,1.57086,3.23,1.50
2012.08.20 15:17:23.918,1.57073,1.57086,1.73,1.50
2012.08.20 15:17:24.106,1.57073,1.57087,1.73,1.50
2012.08.20 15:17:24.610,1.57071,1.57086,2.48,1.50
2012.08.20 15:17:25.114,1.57073,1.57087,1.73,1.50
2012.08.20 15:17:25.989,1.57073,1.57088,1.73,2.25
2012.08.20 15:17:26.377,1.57073,1.57087,1.73,1.50
2012.08.20 15:17:26.919,1.57073,1.57087,1.73,2.25
2012.08.20 15:17:28.033,1.57073,1.57088,1.73,3.00
2012.08.20 15:17:28.760,1.57071,1.57086,3.98,1.50
2012.08.20 15:17:32.293,1.57073,1.57088,1.73,3.75
2012.08.20 15:17:32.896,1.57073,1.57088,1.73,4.50
2012.08.20 15:17:33.683,1.57073,1.57088,1.80,3.00
2012.08.20 15:17:33.930,1.57075,1.57088,1.50,3.00
2012.08.20 15:17:34.437,1.57075,1.57088,3.23,1.50
2012.08.20 15:17:34.758,1.57072,1.57083,1.50,1.88
2012.08.20 15:17:35.242,1.5707,1.57083,1.50,2.63
2012.08.20 15:17:35.426,1.57066,1.5708,3.31,1.50
2012.08.20 15:17:38.539,1.57067,1.57081,1.73,1.50
2012.08.20 15:17:38.906,1.57067,1.5708,1.73,1.88
2012.08.20 15:17:39.097,1.57063,1.57078,3.31,1.50
2012.08.20 15:17:39.223,1.57063,1.57078,2.56,2.25
2012.08.20 15:17:39.891,1.57065,1.57079,1.50,1.73
2012.08.20 15:17:40.451,1.57065,1.5708,1.50,6.60
2012.08.20 15:17:41.725,1.57067,1.5708,1.50,3.60
2012.08.20 15:17:42.277,1.57067,1.57078,1.73,1.50
2012.08.20 15:17:42.822,1.57067,1.57079,1.50,1.73
2012.08.20 15:17:42.947,1.57065,1.57079,2.25,1.73
2012.08.20 15:17:43.490,1.57065,1.57078,1.50,1.50
2012.08.20 15:17:44.198,1.57067,1.57079,1.51,1.73
2012.08.20 15:17:44.609,1.57067,1.57082,1.73,1.50
2012.08.20 15:17:46.331,1.57065,1.5708,5.11,1.50
2012.08.20 15:17:46.974,1.57067,1.57082,1.73,2.25
2012.08.20 15:17:47.038,1.57067,1.57082,1.73,3.00
2012.08.20 15:17:48.564,1.57067,1.57082,4.73,1.50
2012.08.20 15:17:48.688,1.57069,1.57084,1.50,2.25
2012.08.20 15:17:49.561,1.57067,1.57082,3.23,1.50
2012.08.20 15:17:51.481,1.57067,1.57082,3.98,1.50
2012.08.20 15:17:51.749,1.57067,1.57082,4.35,1.50
2012.08.20 15:17:52.304,1.5707,1.57084,3.00,2.25
2012.08.20 15:17:52.807,1.5707,1.57084,1.73,2.25
2012.08.20 15:17:53.549,1.5707,1.57083,1.73,1.50
2012.08.20 15:17:53.918,1.57068,1.5708,1.50,1.50
2012.08.20 15:17:53.988,1.57066,1.57074,2.48,1.50
2012.08.20 15:17:54.180,1.57062,1.57074,1.73,1.50
2012.08.20 15:17:54.310,1.5706,1.57074,1.73,1.50
2012.08.20 15:17:54.562,1.57065,1.57076,1.88,1.50
2012.08.20 15:17:54.791,1.57065,1.57077,1.73,1.88
2012.08.20 15:17:54.981,1.57063,1.57075,1.50,1.88
2012.08.20 15:17:55.170,1.57063,1.57075,1.50,2.63
2012.08.20 15:17:55.236,1.57059,1.57074,1.73,2.25
2012.08.20 15:17:55.659,1.57061,1.57075,1.73,2.63
2012.08.20 15:17:59.066,1.57061,1.57075,1.50,2.85
2012.08.20 15:17:59.132,1.57059,1.57072,1.51,1.50
2012.08.20 15:18:00.216,1.57057,1.57072,1.73,3.00
2012.08.20 15:18:00.766,1.57059,1.57072,1.73,1.50
2012.08.20 15:18:02.136,1.57057,1.57073,1.73,1.81
2012.08.20 15:18:03.760,1.57057,1.57073,2.48,1.06
2012.08.20 15:18:03.892,1.57057,1.57074,2.48,1.88
2012.08.20 15:18:04.386,1.57057,1.57073,2.48,1.13
2012.08.20 15:18:04.630,1.57057,1.57073,1.73,1.13
2012.08.20 15:18:04.817,1.57057,1.57075,3.23,2.10
2012.08.20 15:18:05.003,1.57059,1.57075,1.50,2.10
2012.08.20 15:18:05.068,1.57059,1.57075,1.73,1.88
2012.08.20 15:18:05.801,1.57061,1.57074,1.73,1.50
2012.08.20 15:18:07.402,1.57061,1.57072,1.73,1.50
2012.08.20 15:18:08.072,1.57057,1.57073,1.73,1.44
2012.08.20 15:18:10.300,1.57057,1.57074,1.73,3.31
2012.08.20 15:18:10.790,1.57059,1.57074,1.73,2.94
2012.08.20 15:18:11.435,1.57059,1.57074,3.98,1.50
2012.08.20 15:18:11.681,1.57059,1.57073,3.00,1.44
2012.08.20 15:18:11.806,1.57056,1.5707,3.53,1.50
2012.08.20 15:18:12.719,1.57057,1.57072,1.73,3.00
2012.08.20 15:18:13.149,1.57059,1.57073,1.73,1.13
2012.08.20 15:18:13.512,1.57061,1.57074,1.50,1.13
2012.08.20 15:18:13.755,1.57059,1.57074,1.73,1.13
2012.08.20 15:18:14.301,1.57059,1.57074,1.73,1.50
2012.08.20 15:18:14.427,1.57059,1.57074,1.73,1.50
2012.08.20 15:18:15.210,1.57057,1.57073,1.73,1.50
2012.08.20 15:18:15.573,1.57059,1.57074,1.73,2.25
2012.08.20 15:18:16.427,1.57057,1.57074,2.48,1.50
2012.08.20 15:18:17.962,1.57057,1.57072,1.73,1.88
2012.08.20 15:18:18.384,1.57059,1.57074,1.73,3.00
2012.08.20 15:18:18.936,1.57057,1.57074,1.73,3.00
2012.08.20 15:18:19.900,1.57059,1.57073,1.51,1.50
2012.08.20 15:18:20.028,1.5706,1.57074,1.50,1.50
2012.08.20 15:18:20.500,1.57066,1.57078,2.48,3.00
2012.08.20 15:18:21.010,1.57068,1.5708,2.48,1.65
2012.08.20 15:18:21.078,1.5707,1.5708,1.50,1.65
2012.08.20 15:18:21.569,1.5707,1.57083,1.73,1.13
2012.08.20 15:18:24.585,1.57068,1.57083,1.73,3.00
2012.08.20 15:18:25.123,1.57066,1.57081,2.48,1.50
2012.08.20 15:18:26.321,1.57068,1.57083,1.73,4.50
2012.08.20 15:18:29.058,1.57066,1.57081,3.23,1.50
2012.08.20 15:18:29.635,1.57066,1.57081,1.73,1.50
2012.08.20 15:18:30.312,1.57068,1.57083,2.48,5.25
2012.08.20 15:18:30.555,1.57066,1.57081,1.73,1.50
2012.08.20 15:18:34.059,1.57066,1.57081,1.73,1.50
2012.08.20 15:18:34.125,1.57065,1.57079,2.11,1.50
2012.08.20 15:18:34.560,1.57064,1.57076,1.73,1.50
2012.08.20 15:18:34.628,1.57064,1.57076,1.73,1.50
2012.08.20 15:18:35.179,1.57062,1.57076,3.23,1.50
2012.08.20 15:18:35.858,1.57062,1.57075,3.23,1.50
2012.08.20 15:18:36.488,1.57062,1.57077,2.48,3.53
2012.08.20 15:18:36.676,1.5706,1.57075,3.38,3.23
2012.08.20 15:18:36.803,1.57058,1.57074,2.48,1.50
2012.08.20 15:18:36.868,1.57056,1.57073,3.98,1.50
2012.08.20 15:18:37.356,1.57056,1.57073,3.01,2.25
2012.08.20 15:18:37.662,1.57055,1.57069,2.93,1.73
2012.08.20 15:18:37.851,1.57056,1.57071,1.73,1.50
2012.08.20 15:18:38.353,1.57058,1.57073,2.48,1.50
2012.08.20 15:18:38.723,1.5706,1.57075,3.00,4.73
2012.08.20 15:18:40.260,1.57058,1.57075,3.98,2.85
2012.08.20 15:18:40.567,1.57056,1.57073,2.48,1.88
2012.08.20 15:18:40.872,1.57055,1.57069,2.11,1.50
2012.08.20 15:18:43.654,1.57056,1.57071,1.73,1.50
2012.08.20 15:18:44.023,1.57058,1.57073,1.73,1.50
2012.08.20 15:18:44.148,1.5706,1.57074,1.50,1.50
2012.08.20 15:18:45.148,1.5706,1.57074,1.50,1.13
2012.08.20 15:18:46.784,1.57058,1.57073,3.01,2.63
2012.08.20 15:18:46.913,1.57055,1.57071,3.61,1.50
2012.08.20 15:18:47.291,1.57056,1.57073,1.73,1.35
2012.08.20 15:18:48.188,1.57058,1.57074,1.51,2.63
2012.08.20 15:18:49.500,1.57058,1.57074,1.51,1.13
2012.08.20 15:18:49.683,1.57058,1.57074,1.51,1.88
2012.08.20 15:18:49.987,1.57055,1.57069,2.86,1.50
2012.08.20 15:18:50.721,1.57056,1.57071,1.73,1.50
2012.08.20 15:18:51.435,1.57056,1.57071,1.73,2.25
2012.08.20 15:18:52.828,1.57055,1.57069,1.88,2.25
2012.08.20 15:18:55.893,1.57055,1.57071,1.88,2.48
2012.08.20 15:18:57.197,1.57055,1.57069,1.88,1.50
2012.08.20 15:19:05.129,1.57055,1.57069,1.88,2.48
2012.08.20 15:19:06.378,1.57055,1.57071,1.88,1.50
2012.08.20 15:19:09.193,1.57055,1.57069,1.88,2.48
2012.08.20 15:19:12.544,1.57055,1.5707,4.13,3.98
2012.08.20 15:19:13.077,1.57055,1.57072,4.13,2.25
2012.08.20 15:19:13.387,1.57055,1.57068,1.88,3.00
2012.08.20 15:19:13.453,1.57055,1.5707,2.11,4.49
2012.08.20 15:19:13.701,1.57058,1.57072,1.50,1.13
2012.08.20 15:19:14.538,1.57056,1.57073,3.23,1.35
2012.08.20 15:19:16.193,1.57055,1.57071,2.86,1.50
2012.08.20 15:19:16.798,1.57054,1.57069,2.85,2.25
2012.08.20 15:19:16.865,1.57054,1.57069,2.85,2.25
2012.08.20 15:19:17.480,1.57052,1.57067,3.46,1.50
2012.08.20 15:19:20.317,1.57054,1.57069,2.48,2.25
2012.08.20 15:19:20.854,1.57054,1.5707,2.48,3.60
2012.08.20 15:19:21.156,1.57054,1.5707,2.48,2.85
2012.08.20 15:19:21.287,1.57054,1.5707,2.48,2.85
2012.08.20 15:19:21.832,1.57054,1.5707,2.48,2.10
2012.08.20 15:19:21.961,1.57055,1.5707,1.73,1.13
2012.08.20 15:19:23.861,1.57056,1.57071,2.48,3.75
2012.08.20 15:19:24.372,1.57056,1.57071,2.48,2.25
2012.08.20 15:19:25.645,1.57056,1.57071,2.48,2.25
2012.08.20 15:19:26.147,1.57055,1.57071,3.61,2.25
2012.08.20 15:19:26.536,1.57055,1.57071,3.61,2.25
2012.08.20 15:19:26.661,1.57055,1.57071,3.61,2.25
2012.08.20 15:19:26.966,1.57052,1.57069,4.96,2.25
2012.08.20 15:19:27.032,1.57052,1.57069,4.58,2.48
2012.08.20 15:19:27.335,1.57052,1.57067,1.58,2.25
2012.08.20 15:19:27.596,1.57052,1.57069,3.08,2.48
2012.08.20 15:19:28.170,1.57052,1.57069,3.08,2.48
2012.08.20 15:19:28.720,1.57053,1.5707,1.73,3.38
2012.08.20 15:19:28.928,1.57054,1.5707,2.48,1.88
2012.08.20 15:19:31.490,1.57054,1.57069,2.48,2.25
2012.08.20 15:19:32.006,1.57052,1.57069,3.83,3.00
2012.08.20 15:19:34.012,1.57052,1.57069,3.83,3.00
2012.08.20 15:19:34.556,1.57052,1.57067,1.58,1.50
2012.08.20 15:19:35.038,1.5705,1.57065,2.48,4.35
2012.08.20 15:19:35.105,1.5705,1.57063,3.01,1.50
2012.08.20 15:19:35.172,1.5705,1.57063,3.76,1.50
2012.08.20 15:19:35.843,1.57051,1.57065,1.73,2.25
2012.08.20 15:19:36.030,1.5705,1.57063,1.73,2.25
2012.08.20 15:19:36.096,1.57049,1.57063,1.13,2.25
2012.08.20 15:19:36.843,1.57049,1.57063,1.36,2.25
2012.08.20 15:19:37.359,1.5705,1.57065,2.48,4.13
2012.08.20 15:19:38.642,1.5705,1.57065,2.48,3.38
2012.08.20 15:19:38.708,1.5705,1.57063,2.26,3.21
2012.08.20 15:19:39.252,1.57047,1.57064,3.98,2.48
2012.08.20 15:19:39.678,1.57051,1.57065,2.25,4.35
2012.08.20 15:19:39.807,1.57051,1.57066,4.51,2.25
2012.08.20 15:19:40.117,1.57054,1.57068,1.73,3.00
2012.08.20 15:19:40.506,1.57055,1.57069,2.25,1.50
2012.08.20 15:19:41.107,1.57053,1.57068,2.48,3.00
2012.08.20 15:19:41.767,1.57053,1.57068,2.48,3.00
2012.08.20 15:19:42.307,1.57053,1.57068,2.48,3.00
2012.08.20 15:19:43.017,1.57053,1.5707,2.48,5.85
2012.08.20 15:19:46.806,1.57053,1.57068,2.48,2.25
2012.08.20 15:19:47.329,1.57053,1.57068,2.48,2.25
2012.08.20 15:19:48.288,1.57053,1.57068,2.48,3.00
2012.08.20 15:19:48.820,1.57053,1.5707,2.48,4.35
2012.08.20 15:19:49.518,1.57053,1.57068,2.48,2.25
2012.08.20 15:19:49.976,1.57053,1.5707,2.48,4.35
2012.08.20 15:19:54.178,1.57053,1.57067,2.48,1.50
2012.08.20 15:19:54.813,1.57052,1.57068,1.73,2.25
2012.08.20 15:19:56.592,1.57053,1.57068,1.73,1.50
2012.08.20 15:19:57.803,1.57053,1.57067,1.73,1.50
2012.08.20 15:19:58.313,1.57051,1.57065,2.11,1.50
2012.08.20 15:19:58.757,1.5705,1.57062,4.36,1.50
2012.08.20 15:19:59.247,1.57046,1.5706,1.36,1.50
2012.08.20 15:19:59.374,1.57045,1.57062,4.36,2.25
2012.08.20 15:19:59.499,1.57045,1.5706,4.36,1.50
2012.08.20 15:19:59.920,1.57045,1.57057,1.36,1.50
2012.08.20 15:20:00.239,1.57035,1.57051,3.23,2.25
2012.08.20 15:20:00.547,1.57035,1.57049,2.11,1.50
2012.08.20 15:20:00.746,1.57035,1.57051,2.11,3.00
2012.08.20 15:20:01.298,1.57038,1.57053,1.51,3.16
2012.08.20 15:20:01.831,1.57035,1.57051,2.86,2.93
2012.08.20 15:20:02.371,1.57035,1.57051,1.88,2.93
2012.08.20 15:20:03.361,1.57035,1.57049,1.88,1.65
2012.08.20 15:20:03.427,1.57035,1.57049,1.13,1.43
2012.08.20 15:20:03.494,1.57032,1.57047,2.63,2.18
2012.08.20 15:20:03.742,1.57031,1.57047,2.11,2.93
2012.08.20 15:20:03.808,1.57031,1.57045,1.36,2.40
2012.08.20 15:20:04.533,1.5703,1.57043,1.88,2.40
2012.08.20 15:20:07.411,1.5703,1.5704,2.11,1.43
2012.08.20 15:20:07.713,1.57025,1.5704,6.38,3.90
2012.08.20 15:20:08.137,1.57025,1.57038,3.61,1.50
2012.08.20 15:20:08.265,1.57025,1.57036,1.73,1.50
2012.08.20 15:20:08.455,1.5702,1.5703,2.10,1.50
2012.08.20 15:20:08.521,1.57017,1.57029,1.88,2.85
2012.08.20 15:20:09.247,1.57014,1.57027,1.51,1.73
2012.08.20 15:20:09.612,1.57014,1.57027,1.51,1.73
2012.08.20 15:20:09.797,1.57014,1.57027,1.51,1.73
2012.08.20 15:20:10.578,1.57014,1.57028,1.51,1.73
2012.08.20 15:20:11.304,1.57016,1.57028,1.50,1.73
2012.08.20 15:20:13.299,1.57014,1.57027,1.51,1.73
2012.08.20 15:20:13.364,1.57014,1.57028,1.51,2.48
2012.08.20 15:20:13.755,1.57014,1.57029,1.51,3.98
2012.08.20 15:20:14.125,1.57016,1.57029,1.50,1.73
2012.08.20 15:20:14.676,1.57016,1.57029,2.25,1.73
2012.08.20 15:20:14.741,1.57016,1.57029,3.01,1.73
2012.08.20 15:20:14.866,1.57016,1.57031,3.23,2.25
2012.08.20 15:20:14.994,1.57018,1.5703,1.65,2.63
2012.08.20 15:20:15.242,1.57021,1.57033,1.50,1.88
2012.08.20 15:20:15.845,1.57021,1.57033,2.25,1.13
2012.08.20 15:20:18.197,1.57023,1.57035,1.50,2.85
2012.08.20 15:20:18.515,1.57023,1.57037,3.00,1.73
2012.08.20 15:20:21.490,1.57023,1.57038,3.00,3.23
2012.08.20 15:20:22.443,1.57025,1.57039,1.50,2.48
2012.08.20 15:20:23.530,1.57027,1.57039,1.50,2.48
2012.08.20 15:20:24.310,1.57025,1.57039,1.50,2.48
2012.08.20 15:20:24.615,1.57025,1.57037,1.50,1.73
2012.08.20 15:20:25.158,1.57025,1.57036,1.50,1.50
2012.08.20 15:20:25.467,1.57023,1.57034,1.50,1.50
2012.08.20 15:20:25.533,1.57021,1.57034,2.48,1.50
2012.08.20 15:20:26.199,1.57017,1.57032,1.51,1.88
2012.08.20 15:20:27.984,1.57017,1.57032,1.51,2.25
2012.08.20 15:20:28.049,1.57017,1.57031,1.51,1.50
2012.08.20 15:20:28.352,1.57015,1.57028,1.88,2.48
2012.08.20 15:20:28.597,1.57015,1.57028,1.88,2.48
2012.08.20 15:20:29.133,1.57013,1.57027,1.51,2.48
2012.08.20 15:20:32.721,1.57015,1.57026,1.50,1.73
2012.08.20 15:20:34.422,1.57015,1.57024,1.50,1.66
2012.08.20 15:20:34.745,1.57013,1.57024,1.50,1.06
2012.08.20 15:20:35.007,1.57009,1.57025,4.88,3.38
2012.08.20 15:20:35.080,1.57015,1.57027,1.50,3.00
2012.08.20 15:20:35.146,1.57015,1.57028,1.50,1.50
2012.08.20 15:20:35.452,1.57017,1.57029,1.50,2.85
2012.08.20 15:20:37.936,1.57017,1.57028,1.50,1.73
2012.08.20 15:20:38.245,1.5702,1.5703,3.00,1.13
2012.08.20 15:20:38.311,1.57022,1.57031,1.50,1.50
2012.08.20 15:20:38.620,1.57024,1.57036,1.50,1.50
2012.08.20 15:20:39.000,1.57024,1.57037,1.50,1.35
2012.08.20 15:20:39.071,1.57024,1.57035,1.50,4.73
2012.08.20 15:20:39.138,1.57022,1.57035,3.00,4.73
2012.08.20 15:20:39.263,1.5702,1.57033,1.50,1.73
2012.08.20 15:20:39.389,1.57018,1.57033,1.51,1.73
2012.08.20 15:20:39.533,1.57018,1.57033,1.51,1.73
2012.08.20 15:20:40.159,1.5702,1.57034,1.50,1.73
2012.08.20 15:20:40.284,1.5702,1.57034,1.50,1.73
2012.08.20 15:20:42.386,1.57018,1.57033,1.51,2.10
2012.08.20 15:20:45.076,1.57016,1.57031,1.51,1.50
2012.08.20 15:20:45.506,1.57018,1.57033,1.51,3.23
2012.08.20 15:20:47.799,1.57018,1.57033,1.51,2.85
2012.08.20 15:20:48.816,1.57018,1.57033,1.51,2.48
2012.08.20 15:20:51.208,1.5702,1.57033,1.44,1.73
2012.08.20 15:20:51.516,1.57024,1.57035,1.50,1.35
2012.08.20 15:20:51.824,1.57026,1.57035,1.50,1.13
2012.08.20 15:20:52.369,1.57024,1.57035,1.88,1.13
2012.08.20 15:20:52.876,1.57024,1.57039,1.88,2.48
2012.08.20 15:20:53.357,1.57024,1.57038,1.88,1.73
2012.08.20 15:20:55.378,1.57022,1.57037,4.44,3.23
2012.08.20 15:20:55.505,1.57022,1.57037,4.44,1.73
2012.08.20 15:20:55.628,1.57022,1.57037,4.44,2.48
2012.08.20 15:20:56.141,1.57024,1.57038,2.25,1.73
2012.08.20 15:20:58.429,1.57024,1.57039,2.25,3.23
2012.08.20 15:20:58.731,1.57026,1.57039,1.50,1.73
2012.08.20 15:20:59.212,1.57024,1.57039,3.00,3.23
2012.08.20 15:20:59.337,1.57024,1.57036,1.50,1.50
2012.08.20 15:21:00.115,1.57024,1.57036,1.50,1.50
2012.08.20 15:21:00.770,1.57024,1.57037,3.23,1.50
2012.08.20 15:21:02.220,1.57024,1.57035,3.23,1.50
2012.08.20 15:21:02.952,1.57022,1.57035,5.42,1.50
2012.08.20 15:21:04.802,1.57024,1.57036,2.10,1.50
2012.08.20 15:21:05.110,1.57028,1.57038,1.50,2.25
2012.08.20 15:21:06.014,1.57028,1.57038,1.50,1.50
2012.08.20 15:21:06.141,1.57026,1.57039,1.50,2.48
2012.08.20 15:21:06.936,1.57028,1.57037,1.50,1.50
2012.08.20 15:21:07.060,1.57026,1.57039,1.50,2.48
2012.08.20 15:21:07.732,1.57026,1.57039,1.50,2.48
2012.08.20 15:21:09.247,1.57026,1.57039,1.50,2.48
2012.08.20 15:21:09.503,1.57028,1.57039,1.50,2.48
2012.08.20 15:21:10.046,1.57028,1.5704,1.50,5.10
2012.08.20 15:21:10.346,1.57026,1.5704,1.73,5.10
2012.08.20 15:21:10.882,1.57026,1.57039,1.50,2.48
2012.08.20 15:21:11.189,1.57023,1.57036,1.73,2.25
2012.08.20 15:21:14.320,1.57023,1.57036,2.48,1.50
2012.08.20 15:21:14.681,1.57023,1.57038,3.23,3.00
2012.08.20 15:21:15.226,1.57025,1.57039,2.48,2.25
2012.08.20 15:21:15.292,1.57028,1.57039,1.50,2.48
2012.08.20 15:21:15.416,1.57026,1.57039,3.00,2.48
2012.08.20 15:21:16.343,1.57026,1.57039,1.50,2.48
2012.08.20 15:21:17.283,1.57026,1.5704,2.48,4.35
2012.08.20 15:21:17.348,1.57028,1.5704,1.50,4.35
2012.08.20 15:21:17.657,1.5703,1.57043,1.73,1.50
2012.08.20 15:21:18.203,1.57032,1.57044,2.63,1.50
2012.08.20 15:21:18.510,1.57035,1.57048,2.10,2.25
2012.08.20 15:21:18.816,1.57036,1.57051,1.73,3.75
2012.08.20 15:21:20.130,1.57038,1.57053,1.73,3.75
2012.08.20 15:21:22.483,1.5704,1.57052,2.48,1.50
2012.08.20 15:21:22.851,1.57042,1.57055,1.73,1.50
2012.08.20 15:21:23.411,1.57042,1.57057,1.73,2.25
2012.08.20 15:21:26.114,1.57042,1.57057,1.73,2.25
2012.08.20 15:21:28.859,1.5705,1.5706,1.50,1.13
2012.08.20 15:21:29.177,1.5705,1.57062,1.73,1.50
2012.08.20 15:21:29.364,1.5705,1.57064,1.73,1.50
2012.08.20 15:21:29.552,1.5705,1.57064,1.73,1.50
2012.08.20 15:21:29.800,1.5705,1.57064,1.73,1.50
2012.08.20 15:21:29.924,1.5705,1.57064,1.73,1.50
2012.08.20 15:21:30.409,1.5705,1.57064,1.73,1.50
2012.08.20 15:21:30.653,1.5705,1.57064,1.73,1.50
2012.08.20 15:21:31.647,1.57047,1.57062,1.73,1.50
2012.08.20 15:21:31.956,1.57045,1.5706,6.23,2.25
2012.08.20 15:21:32.391,1.57045,1.5706,4.73,2.25
2012.08.20 15:21:32.519,1.57045,1.5706,4.13,4.13
2012.08.20 15:21:33.192,1.57042,1.57056,1.50,2.25
2012.08.20 15:21:33.623,1.57045,1.5706,1.50,5.63
2012.08.20 15:21:34.473,1.57045,1.57055,1.50,3.38
2012.08.20 15:21:34.851,1.57043,1.57055,1.73,2.63
2012.08.20 15:21:35.040,1.57044,1.57056,1.73,3.00
2012.08.20 15:21:35.832,1.57047,1.57056,1.50,2.25
2012.08.20 15:21:36.136,1.57045,1.57056,1.73,2.25
2012.08.20 15:21:36.831,1.57045,1.57056,1.73,1.50
2012.08.20 15:21:37.467,1.57045,1.57055,1.73,2.63
2012.08.20 15:21:38.148,1.57043,1.57055,1.73,2.63
2012.08.20 15:21:38.351,1.57041,1.57053,2.63,1.50
2012.08.20 15:21:38.907,1.57041,1.57055,2.25,2.85
2012.08.20 15:21:39.453,1.57039,1.57054,2.85,2.25
2012.08.20 15:21:40.031,1.57039,1.57054,2.48,2.25
2012.08.20 15:21:40.103,1.57041,1.57055,2.25,2.85
2012.08.20 15:21:40.417,1.57041,1.57055,3.23,2.63
2012.08.20 15:21:40.484,1.57043,1.57055,1.50,2.85
2012.08.20 15:21:41.202,1.57043,1.57055,1.50,2.85
2012.08.20 15:21:41.329,1.5704,1.57055,2.25,4.35
2012.08.20 15:21:41.869,1.5704,1.57054,1.50,2.63
2012.08.20 15:21:41.934,1.57036,1.57051,2.48,1.50
2012.08.20 15:21:43.210,1.57038,1.57053,1.73,2.25
2012.08.20 15:21:44.605,1.57038,1.57053,2.48,2.25
2012.08.20 15:21:45.150,1.5704,1.57054,2.25,1.50
2012.08.20 15:21:45.457,1.57042,1.57054,1.50,1.50
2012.08.20 15:21:45.644,1.57042,1.57057,1.73,2.25
2012.08.20 15:21:46.165,1.57041,1.57055,1.35,1.50
2012.08.20 15:21:46.759,1.57043,1.57057,1.73,2.25
2012.08.20 15:21:50.257,1.57041,1.57056,3.60,3.75
2012.08.20 15:21:50.324,1.57041,1.57056,3.60,3.00
2012.08.20 15:21:51.367,1.57043,1.57058,1.73,3.00
2012.08.20 15:21:51.763,1.57043,1.57055,1.73,1.50
2012.08.20 15:21:52.073,1.57036,1.57049,1.50,2.48
2012.08.20 15:21:52.259,1.57035,1.57049,1.73,2.48
2012.08.20 15:21:52.805,1.57036,1.57047,2.25,1.50
2012.08.20 15:21:54.870,1.57034,1.57045,2.63,2.85
2012.08.20 15:21:56.209,1.57034,1.57045,2.63,3.60
2012.08.20 15:21:56.741,1.57034,1.57045,4.35,1.88
2012.08.20 15:21:56.867,1.57036,1.57047,2.25,1.50
2012.08.20 15:21:57.112,1.57038,1.57048,1.73,1.50
2012.08.20 15:21:57.181,1.57038,1.5705,1.73,2.40
2012.08.20 15:21:57.309,1.57038,1.5705,1.50,3.60
2012.08.20 15:21:57.557,1.57036,1.57049,2.25,1.73
2012.08.20 15:21:58.198,1.57036,1.5705,2.25,3.60
2012.08.20 15:21:58.385,1.57036,1.5705,2.40,4.35
2012.08.20 15:21:58.697,1.57042,1.57052,5.25,1.65
2012.08.20 15:21:58.825,1.57045,1.57054,1.88,1.13
2012.08.20 15:21:58.894,1.57047,1.57055,1.73,1.50
2012.08.20 15:21:59.023,1.57047,1.57061,3.23,1.50
2012.08.20 15:21:59.568,1.57047,1.57062,1.73,3.00
2012.08.20 15:22:00.460,1.57045,1.5706,5.85,1.50
2012.08.20 15:22:06.540,1.57047,1.57062,1.73,4.50
2012.08.20 15:22:10.482,1.57047,1.57061,2.48,1.50
2012.08.20 15:22:10.556,1.57043,1.57054,1.50,1.50
2012.08.20 15:22:10.621,1.57043,1.57054,1.50,1.50
2012.08.20 15:22:10.749,1.57042,1.57057,4.73,1.50
2012.08.20 15:22:10.935,1.57042,1.57054,2.48,1.50
2012.08.20 15:22:11.245,1.57042,1.57054,3.98,1.50
2012.08.20 15:22:11.615,1.57038,1.57053,2.85,2.25
2012.08.20 15:22:11.682,1.57038,1.57053,2.85,2.25
2012.08.20 15:22:12.194,1.57037,1.57051,2.85,1.50
2012.08.20 15:22:12.737,1.57038,1.57053,2.48,2.25
2012.08.20 15:22:15.236,1.57038,1.57053,2.48,2.25
2012.08.20 15:22:15.769,1.57038,1.57053,2.48,2.25
2012.08.20 15:22:18.269,1.57038,1.57053,2.48,2.25
2012.08.20 15:22:18.801,1.5704,1.57055,2.25,3.60
2012.08.20 15:22:18.925,1.57041,1.57055,1.50,1.73
2012.08.20 15:22:18.991,1.57041,1.57055,1.73,1.50
2012.08.20 15:22:19.573,1.57044,1.57056,1.73,1.50
2012.08.20 15:22:20.497,1.57042,1.57055,3.23,1.50
2012.08.20 15:22:21.907,1.57043,1.57056,1.73,1.50
2012.08.20 15:22:22.455,1.57046,1.57057,2.25,1.50
2012.08.20 15:22:23.111,1.57046,1.57057,2.25,1.50
2012.08.20 15:22:23.597,1.57044,1.57057,1.73,2.48
2012.08.20 15:22:23.904,1.57042,1.57055,2.48,2.25
2012.08.20 15:22:23.969,1.57042,1.57055,2.25,2.48
2012.08.20 15:22:24.036,1.57042,1.57053,1.50,1.50
2012.08.20 15:22:24.224,1.57042,1.57055,1.50,3.90
2012.08.20 15:22:24.415,1.57042,1.57054,3.98,1.50
2012.08.20 15:22:24.721,1.5704,1.57052,3.23,1.50
2012.08.20 15:22:24.905,1.5704,1.57053,3.23,1.50
2012.08.20 15:22:25.485,1.5704,1.57054,1.73,1.13
2012.08.20 15:22:27.983,1.57042,1.57054,1.50,1.88
2012.08.20 15:22:28.477,1.57042,1.57053,1.50,1.50
2012.08.20 15:22:28.605,1.5704,1.57052,3.23,1.50
2012.08.20 15:22:29.254,1.57038,1.5705,2.48,1.50
2012.08.20 15:22:31.138,1.5704,1.57051,1.73,1.50
2012.08.20 15:22:32.198,1.5704,1.57051,1.73,1.50
2012.08.20 15:22:34.256,1.57038,1.57051,2.48,1.50
2012.08.20 15:22:34.689,1.57042,1.57051,1.50,1.50
2012.08.20 15:22:34.758,1.5704,1.57051,3.23,1.50
2012.08.20 15:22:34.826,1.5704,1.57052,1.73,1.50
2012.08.20 15:22:35.013,1.5704,1.5705,2.48,1.50
2012.08.20 15:22:35.974,1.5704,1.57051,1.73,1.50
2012.08.20 15:22:36.281,1.57042,1.57053,1.50,3.00
2012.08.20 15:22:36.469,1.57042,1.57053,2.25,1.50
2012.08.20 15:22:36.535,1.57042,1.57056,2.48,1.65
2012.08.20 15:22:37.091,1.57044,1.57057,1.73,1.50
2012.08.20 15:22:38.836,1.57044,1.57057,1.73,2.25
2012.08.20 15:22:39.388,1.57044,1.57057,1.73,1.50
2012.08.20 15:22:39.931,1.57044,1.57057,1.73,1.73
2012.08.20 15:22:41.218,1.57044,1.57057,3.23,1.50
2012.08.20 15:22:41.797,1.57042,1.57057,3.23,2.40
2012.08.20 15:22:43.856,1.57042,1.57055,1.73,1.50
2012.08.20 15:22:47.415,1.5704,1.57055,2.48,3.38
2012.08.20 15:22:47.600,1.57039,1.57053,1.73,3.00
2012.08.20 15:22:47.667,1.5704,1.57051,1.73,1.50
2012.08.20 15:22:47.734,1.5704,1.57053,2.85,1.50
2012.08.20 15:22:47.800,1.5704,1.57053,2.85,1.50
2012.08.20 15:22:48.115,1.57035,1.57047,2.03,1.88
2012.08.20 15:22:48.357,1.57037,1.57046,1.50,1.50
2012.08.20 15:22:48.436,1.57035,1.57048,1.36,2.25
2012.08.20 15:22:48.567,1.57034,1.57047,1.73,1.50
2012.08.20 15:22:49.117,1.57036,1.57048,1.50,2.25
2012.08.20 15:22:49.655,1.57036,1.57047,1.50,1.50
2012.08.20 15:22:50.157,1.57034,1.57047,1.73,1.50
2012.08.20 15:22:51.118,1.57036,1.57047,1.50,1.50
2012.08.20 15:22:51.665,1.57036,1.57048,1.50,2.25
2012.08.20 15:22:53.223,1.57034,1.57048,3.23,2.25
2012.08.20 15:22:53.765,1.57036,1.57048,1.50,2.25
2012.08.20 15:22:56.901,1.57036,1.57047,1.50,1.50
2012.08.20 15:22:57.272,1.57034,1.57048,1.73,2.03
2012.08.20 15:22:57.460,1.57037,1.57047,1.73,2.25
2012.08.20 15:22:57.773,1.57036,1.57048,1.50,2.25
2012.08.20 15:22:58.321,1.57034,1.57048,1.73,2.25
2012.08.20 15:22:58.752,1.57038,1.57048,1.50,2.25
2012.08.20 15:22:59.300,1.57038,1.57048,1.50,1.50
2012.08.20 15:23:06.654,1.57038,1.57048,1.50,1.50
2012.08.20 15:23:07.280,1.57038,1.5705,1.50,2.10
2012.08.20 15:23:07.470,1.5704,1.57051,1.73,1.50
2012.08.20 15:23:07.780,1.57041,1.57053,1.50,1.50
2012.08.20 15:23:07.848,1.57041,1.57054,2.25,1.66
2012.08.20 15:23:07.915,1.57042,1.57057,2.48,4.50
2012.08.20 15:23:09.082,1.57042,1.57056,3.23,2.44
2012.08.20 15:23:09.721,1.57042,1.57054,2.48,1.13
2012.08.20 15:23:10.276,1.57041,1.57054,1.73,1.88
2012.08.20 15:23:10.932,1.57041,1.57054,1.73,1.13
2012.08.20 15:23:11.747,1.57044,1.57056,1.73,1.50
2012.08.20 15:23:12.574,1.57042,1.57057,4.73,3.23
2012.08.20 15:23:13.108,1.57042,1.57057,3.23,3.23
2012.08.20 15:23:13.721,1.57042,1.57055,3.23,1.88
2012.08.20 15:23:14.993,1.57041,1.57055,1.73,3.38
2012.08.20 15:23:15.418,1.57042,1.57054,1.73,1.50
2012.08.20 15:23:17.243,1.57041,1.57053,1.50,2.25
2012.08.20 15:23:17.771,1.57041,1.57052,1.73,2.25
2012.08.20 15:23:20.235,1.57042,1.57054,1.73,1.88
2012.08.20 15:23:21.705,1.57041,1.57054,1.73,1.13
2012.08.20 15:23:22.249,1.57046,1.57057,1.50,2.25
2012.08.20 15:23:22.314,1.57046,1.57057,1.50,1.50
2012.08.20 15:23:22.857,1.57046,1.57058,1.50,2.25
2012.08.20 15:23:23.043,1.57046,1.57058,2.25,1.50
2012.08.20 15:23:23.657,1.57046,1.57058,1.50,1.50
2012.08.20 15:23:24.024,1.57045,1.57059,2.86,1.73
2012.08.20 15:23:24.269,1.57046,1.57059,1.73,1.50
2012.08.20 15:23:24.693,1.57046,1.57061,3.23,1.50
2012.08.20 15:23:25.902,1.57048,1.57063,1.73,3.75
2012.08.20 15:23:35.008,1.5705,1.57063,1.73,1.13
2012.08.20 15:23:35.198,1.5705,1.57063,1.50,1.13
2012.08.20 15:23:35.748,1.57048,1.57063,1.73,2.63
2012.08.20 15:23:36.406,1.57048,1.57063,1.73,2.63
2012.08.20 15:23:36.711,1.57048,1.57063,1.73,2.63
2012.08.20 15:23:38.703,1.5705,1.57063,1.50,1.13
2012.08.20 15:23:39.207,1.57048,1.57063,1.73,2.63
2012.08.20 15:23:40.366,1.57048,1.57063,1.73,2.63
2012.08.20 15:23:40.670,1.5705,1.57063,1.73,1.13
2012.08.20 15:23:47.660,1.5705,1.57063,2.48,1.50
2012.08.20 15:23:48.155,1.57046,1.57058,3.23,1.50
2012.08.20 15:23:48.225,1.57044,1.57058,2.48,1.50
2012.08.20 15:23:48.817,1.57046,1.57058,1.50,1.50
2012.08.20 15:23:49.321,1.57046,1.57058,1.50,1.50
2012.08.20 15:23:50.673,1.57048,1.57059,1.50,1.73
2012.08.20 15:23:51.952,1.57046,1.57059,2.25,1.73
2012.08.20 15:23:54.746,1.57046,1.5706,2.48,3.38
2012.08.20 15:23:55.172,1.57051,1.5706,1.50,1.13
2012.08.20 15:23:55.486,1.57056,1.57068,1.73,4.47
2012.08.20 15:23:55.851,1.57056,1.5707,1.73,2.25
2012.08.20 15:23:56.279,1.57055,1.57068,1.73,1.50
2012.08.20 15:23:57.428,1.57053,1.57068,2.48,3.75
2012.08.20 15:23:57.553,1.57053,1.57068,2.48,2.25
2012.08.20 15:23:58.186,1.57053,1.57068,2.48,3.00
2012.08.20 15:23:58.688,1.57053,1.57068,2.48,4.50
2012.08.20 15:24:00.975,1.57053,1.57068,2.48,3.00
2012.08.20 15:24:01.932,1.57053,1.57068,2.48,3.75
2012.08.20 15:24:04.330,1.57053,1.57067,2.48,1.50
2012.08.20 15:24:07.407,1.57052,1.57067,3.23,2.25
2012.08.20 15:24:07.967,1.57051,1.57065,1.73,1.50
2012.08.20 15:24:08.154,1.57052,1.57067,2.48,3.00
2012.08.20 15:24:08.849,1.57054,1.57067,1.50,1.50
2012.08.20 15:24:09.625,1.57054,1.57067,1.50,1.50
2012.08.20 15:24:09.689,1.57054,1.57068,1.50,1.50
2012.08.20 15:24:10.051,1.57052,1.57067,3.23,2.25
2012.08.20 15:24:11.677,1.57052,1.57067,3.23,1.88
2012.08.20 15:24:12.411,1.57052,1.57067,2.48,3.90
2012.08.20 15:24:13.201,1.57052,1.57065,1.73,1.88
2012.08.20 15:24:13.594,1.5705,1.57063,1.50,3.00
2012.08.20 15:24:13.722,1.57048,1.57063,1.50,3.00
2012.08.20 15:24:14.346,1.5705,1.57063,1.50,1.50
2012.08.20 15:24:15.303,1.57048,1.57063,3.23,3.00
2012.08.20 15:24:17.254,1.5705,1.57062,1.50,1.50
2012.08.20 15:24:17.379,1.5705,1.57063,1.50,1.50
2012.08.20 15:24:17.568,1.57052,1.57064,1.50,1.50
