2011.06.07 17:00:00.242,1.64326,1.64341,2.25,1.17
2011.06.07 17:00:00.469,1.64326,1.64341,1.50,1.92
2011.06.07 17:00:00.693,1.64326,1.64332,1.50,4.05
2011.06.07 17:00:01.031,1.64326,1.64332,1.50,3.40
2011.06.07 17:00:01.259,1.64326,1.64341,1.50,1.17
2011.06.07 17:00:01.481,1.64328,1.64344,1.50,3.08
2011.06.07 17:00:01.898,1.64333,1.64347,1.13,2.55
2011.06.07 17:00:02.238,1.64333,1.64347,1.13,2.13
2011.06.07 17:00:02.788,1.64333,1.64347,1.13,2.13
2011.06.07 17:00:03.014,1.64336,1.64354,1.50,2.71
2011.06.07 17:00:03.683,1.64345,1.64355,1.50,2.25
2011.06.07 17:00:03.803,1.64346,1.64356,1.50,1.50
2011.06.07 17:00:04.031,1.64345,1.64364,1.50,1.58
2011.06.07 17:00:04.149,1.64345,1.64363,1.50,1.58
2011.06.07 17:00:04.697,1.64344,1.64361,1.50,1.58
2011.06.07 17:00:05.065,1.64344,1.64362,2.25,1.92
2011.06.07 17:00:05.618,1.64346,1.64361,1.50,2.33
2011.06.07 17:00:06.167,1.64347,1.64363,1.50,2.33
2011.06.07 17:00:06.502,1.64342,1.6436,3.38,1.92
2011.06.07 17:00:06.621,1.64342,1.64358,3.00,2.10
2011.06.07 17:00:06.960,1.64339,1.64358,2.25,2.02
2011.06.07 17:00:07.077,1.64339,1.64358,2.25,2.77
2011.06.07 17:00:07.188,1.64339,1.64358,2.25,2.02
2011.06.07 17:00:07.737,1.64339,1.64358,2.25,2.02
2011.06.07 17:00:08.287,1.64342,1.64358,1.50,2.02
2011.06.07 17:00:08.619,1.64347,1.64363,1.50,1.92
2011.06.07 17:00:09.059,1.64347,1.64363,1.50,1.58
2011.06.07 17:00:09.598,1.64347,1.64365,1.50,4.96
2011.06.07 17:00:10.148,1.64347,1.64363,1.50,3.83
2011.06.07 17:00:10.698,1.64347,1.64363,1.50,3.83
2011.06.07 17:00:11.027,1.64347,1.64363,1.50,3.83
2011.06.07 17:00:11.468,1.64349,1.64363,1.35,2.33
2011.06.07 17:00:12.241,1.64346,1.64359,1.50,1.92
2011.06.07 17:00:12.472,1.64344,1.64359,1.50,1.58
2011.06.07 17:00:12.592,1.64344,1.64358,1.50,2.33
2011.06.07 17:00:13.192,1.64346,1.64363,1.50,3.08
2011.06.07 17:00:13.313,1.64346,1.64363,1.50,2.33
2011.06.07 17:00:13.428,1.64346,1.64363,1.50,2.33
2011.06.07 17:00:15.078,1.64346,1.64363,1.50,2.33
2011.06.07 17:00:15.738,1.64346,1.64363,1.50,2.33
2011.06.07 17:00:16.397,1.64346,1.64363,1.50,2.33
2011.06.07 17:00:19.287,1.64346,1.64363,1.50,2.33
2011.06.07 17:00:19.868,1.64346,1.64363,1.50,2.33
2011.06.07 17:00:21.710,1.64346,1.64363,1.50,2.33
2011.06.07 17:00:23.147,1.64346,1.64363,1.50,3.08
2011.06.07 17:00:23.918,1.64346,1.64363,1.50,3.08
2011.06.07 17:00:24.247,1.64346,1.64363,1.50,3.08
2011.06.07 17:00:24.797,1.64346,1.64363,1.50,3.08
2011.06.07 17:00:25.348,1.64346,1.64362,1.50,1.58
2011.06.07 17:00:25.897,1.64346,1.64363,1.50,3.83
2011.06.07 17:00:28.418,1.64346,1.64363,2.25,3.08
2011.06.07 17:00:32.738,1.64349,1.64363,1.13,2.33
2011.06.07 17:00:33.289,1.6435,1.64363,2.25,2.25
2011.06.07 17:00:33.620,1.64351,1.64367,1.50,3.08
2011.06.07 17:00:33.849,1.64346,1.64363,1.50,2.33
2011.06.07 17:00:35.069,1.64353,1.64366,1.88,2.25
2011.06.07 17:00:35.961,1.6435,1.64367,1.50,1.58
2011.06.07 17:00:36.219,1.64351,1.64366,1.50,1.58
2011.06.07 17:00:36.335,1.64347,1.64363,2.25,3.08
2011.06.07 17:00:36.560,1.64346,1.64363,1.50,3.08
2011.06.07 17:00:37.550,1.64346,1.64363,1.50,2.33
2011.06.07 17:00:37.888,1.64346,1.64366,1.50,5.18
2011.06.07 17:00:38.548,1.64346,1.64365,1.50,1.58
2011.06.07 17:00:39.073,1.64346,1.64363,1.50,3.08
2011.06.07 17:00:39.629,1.64346,1.64363,1.50,4.35
2011.06.07 17:00:40.399,1.64346,1.64363,1.50,2.33
2011.06.07 17:00:41.057,1.64346,1.64365,1.50,4.35
2011.06.07 17:00:41.607,1.64346,1.64366,1.50,7.28
2011.06.07 17:00:44.247,1.64346,1.64366,1.50,8.11
2011.06.07 17:00:44.797,1.64346,1.64366,1.50,7.36
2011.06.07 17:00:45.133,1.64353,1.64366,1.13,4.21
2011.06.07 17:00:45.250,1.64355,1.64366,1.50,2.25
2011.06.07 17:00:45.470,1.64356,1.64371,1.50,2.33
2011.06.07 17:00:45.976,1.64356,1.64371,1.50,1.58
2011.06.07 17:00:46.748,1.64356,1.64371,1.50,3.08
2011.06.07 17:00:48.399,1.64355,1.64366,1.50,2.33
2011.06.07 17:00:48.730,1.64349,1.64365,1.88,2.33
2011.06.07 17:00:48.958,1.64347,1.64364,1.88,1.58
2011.06.07 17:00:50.828,1.64345,1.64362,3.00,1.58
2011.06.07 17:00:51.377,1.64344,1.64359,1.50,1.58
2011.06.07 17:00:51.977,1.64347,1.6436,2.25,1.58
2011.06.07 17:00:52.309,1.64346,1.64363,3.00,1.58
2011.06.07 17:00:52.528,1.64346,1.64362,3.00,1.58
2011.06.07 17:00:52.747,1.64346,1.64363,3.00,2.33
2011.06.07 17:00:54.967,1.64346,1.64363,3.00,2.33
2011.06.07 17:00:55.517,1.64346,1.64363,3.00,1.58
2011.06.07 17:00:56.067,1.64346,1.64363,3.00,2.33
2011.06.07 17:00:56.618,1.64346,1.64363,3.00,1.58
2011.06.07 17:00:57.167,1.64346,1.64363,3.00,2.33
2011.06.07 17:00:58.047,1.64346,1.6436,2.25,1.58
2011.06.07 17:00:58.597,1.64343,1.64361,1.88,2.33
2011.06.07 17:01:00.357,1.64344,1.64361,2.25,3.83
2011.06.07 17:01:00.908,1.64344,1.64361,1.50,3.83
2011.06.07 17:01:01.459,1.64344,1.64361,2.25,3.83
2011.06.07 17:01:02.007,1.64344,1.64361,1.50,3.83
2011.06.07 17:01:02.557,1.64344,1.64361,2.25,3.83
2011.06.07 17:01:02.999,1.64344,1.64359,2.25,1.96
2011.06.07 17:01:04.428,1.64342,1.64356,1.50,1.95
2011.06.07 17:01:07.567,1.64342,1.64356,1.50,1.88
2011.06.07 17:01:08.117,1.64342,1.64356,1.50,2.10
2011.06.07 17:01:10.097,1.6434,1.64355,2.25,1.50
2011.06.07 17:01:10.211,1.64339,1.64354,6.75,1.58
2011.06.07 17:01:10.328,1.6434,1.64356,1.50,2.33
2011.06.07 17:01:10.877,1.6434,1.64356,1.50,3.08
2011.06.07 17:01:16.827,1.6434,1.64356,1.50,3.08
2011.06.07 17:01:17.156,1.6434,1.64356,1.50,3.08
2011.06.07 17:01:17.708,1.6434,1.64356,1.50,3.08
2011.06.07 17:01:17.817,1.6434,1.64356,1.50,3.08
2011.06.07 17:01:18.477,1.64339,1.64356,1.50,4.21
2011.06.07 17:01:19.028,1.64339,1.64356,1.50,4.21
2011.06.07 17:01:20.660,1.64339,1.64356,1.50,3.46
2011.06.07 17:01:21.218,1.64339,1.64356,1.50,2.86
2011.06.07 17:01:21.664,1.64343,1.64356,1.50,2.03
2011.06.07 17:01:21.782,1.64344,1.64358,1.50,2.33
2011.06.07 17:01:22.442,1.64344,1.64358,1.50,1.58
2011.06.07 17:01:22.560,1.64344,1.6436,1.50,3.46
2011.06.07 17:01:23.342,1.64344,1.64358,1.50,1.58
2011.06.07 17:01:24.450,1.64344,1.6436,1.50,1.58
2011.06.07 17:01:26.870,1.64344,1.6436,1.50,1.96
2011.06.07 17:01:28.139,1.64344,1.6436,1.50,1.96
2011.06.07 17:01:28.688,1.64347,1.6436,1.13,1.58
2011.06.07 17:01:32.318,1.64349,1.64362,1.13,1.58
2011.06.07 17:01:37.140,1.64349,1.64363,1.13,3.08
2011.06.07 17:01:38.347,1.64349,1.64362,1.13,1.58
2011.06.07 17:01:39.111,1.64349,1.64363,1.13,3.83
2011.06.07 17:01:39.779,1.64349,1.64363,1.13,3.83
2011.06.07 17:01:43.847,1.64349,1.64363,1.13,3.83
2011.06.07 17:01:44.399,1.64349,1.64362,1.88,1.50
2011.06.07 17:01:44.947,1.64349,1.64363,1.88,1.58
2011.06.07 17:01:47.837,1.64349,1.64363,1.88,1.58
2011.06.07 17:01:48.388,1.64349,1.64363,1.88,1.58
2011.06.07 17:01:49.598,1.64349,1.64362,1.88,1.50
2011.06.07 17:01:50.039,1.64349,1.64363,1.88,1.58
2011.06.07 17:01:50.648,1.64349,1.64363,1.88,1.58
2011.06.07 17:01:52.848,1.64349,1.64362,2.63,1.50
2011.06.07 17:01:53.399,1.6435,1.64364,1.50,2.71
2011.06.07 17:01:56.150,1.6435,1.64364,1.50,1.58
2011.06.07 17:01:57.037,1.64349,1.64363,1.13,2.33
2011.06.07 17:01:58.249,1.64349,1.64364,1.13,3.42
2011.06.07 17:01:58.471,1.64354,1.64365,1.50,3.75
2011.06.07 17:01:58.697,1.64353,1.64366,1.50,2.18
2011.06.07 17:01:58.917,1.64349,1.64366,1.88,2.26
2011.06.07 17:01:59.262,1.64349,1.64366,1.88,3.76
2011.06.07 17:01:59.385,1.64349,1.64365,1.13,1.58
2011.06.07 17:01:59.939,1.64349,1.64363,1.13,2.33
2011.06.07 17:02:00.490,1.64349,1.64363,1.13,2.33
2011.06.07 17:02:00.719,1.6435,1.64365,1.50,2.25
2011.06.07 17:02:00.939,1.64349,1.64363,1.13,3.08
2011.06.07 17:02:01.270,1.6435,1.64365,1.50,1.58
2011.06.07 17:02:01.504,1.64352,1.64366,1.50,5.33
2011.06.07 17:02:01.729,1.6435,1.64365,2.25,1.58
2011.06.07 17:02:01.949,1.6435,1.64365,1.50,2.33
2011.06.07 17:02:02.899,1.6435,1.64363,1.50,2.33
2011.06.07 17:02:03.450,1.64346,1.64363,1.50,3.08
2011.06.07 17:02:03.668,1.64345,1.64363,1.50,1.58
2011.06.07 17:02:03.888,1.64345,1.64363,1.50,3.83
2011.06.07 17:02:04.878,1.64345,1.64363,1.50,3.83
2011.06.07 17:02:05.429,1.64345,1.64363,2.25,4.58
2011.06.07 17:02:05.978,1.64345,1.64363,1.50,3.83
2011.06.07 17:02:06.527,1.64345,1.64364,1.50,3.83
2011.06.07 17:02:07.077,1.64345,1.64364,1.50,4.58
2011.06.07 17:02:10.838,1.64345,1.64363,1.50,3.08
2011.06.07 17:02:11.401,1.64345,1.64363,1.50,3.08
2011.06.07 17:02:15.530,1.64345,1.64363,1.50,3.08
2011.06.07 17:02:16.087,1.64345,1.64363,1.50,3.08
2011.06.07 17:02:17.588,1.64345,1.64363,1.50,3.08
2011.06.07 17:02:20.107,1.64345,1.64363,1.50,3.08
2011.06.07 17:02:21.427,1.64345,1.64363,1.50,3.08
2011.06.07 17:02:21.978,1.64345,1.64363,1.50,3.08
2011.06.07 17:02:22.489,1.64345,1.64363,1.50,3.08
2011.06.07 17:02:23.038,1.64345,1.64363,1.50,3.08
2011.06.07 17:02:23.588,1.64345,1.64363,1.50,3.08
2011.06.07 17:02:24.588,1.64345,1.64363,1.50,3.08
2011.06.07 17:02:33.298,1.64347,1.64363,1.50,3.83
2011.06.07 17:02:33.847,1.64347,1.64363,1.50,3.08
2011.06.07 17:02:43.328,1.64349,1.6436,1.13,1.73
2011.06.07 17:02:43.659,1.64345,1.64356,1.50,1.65
2011.06.07 17:02:43.772,1.64342,1.64356,3.75,2.11
2011.06.07 17:02:43.892,1.6434,1.64355,2.25,2.10
2011.06.07 17:02:44.678,1.6434,1.64354,1.50,1.58
2011.06.07 17:02:45.579,1.6434,1.64356,1.50,3.53
2011.06.07 17:02:46.129,1.6434,1.64356,1.50,1.96
2011.06.07 17:02:46.464,1.64343,1.64356,1.50,1.13
2011.06.07 17:02:47.018,1.64345,1.64359,1.50,1.58
2011.06.07 17:02:47.595,1.64345,1.64361,1.50,1.58
2011.06.07 17:02:48.148,1.64345,1.64361,1.50,2.33
2011.06.07 17:02:50.958,1.64345,1.64359,1.50,1.58
2011.06.07 17:02:52.718,1.64345,1.64361,1.50,5.29
2011.06.07 17:02:53.267,1.64345,1.6436,1.50,1.58
2011.06.07 17:02:53.817,1.64345,1.64361,1.50,3.08
2011.06.07 17:02:54.917,1.64345,1.6436,1.50,1.58
2011.06.07 17:02:55.467,1.64345,1.64361,1.50,2.33
2011.06.07 17:02:56.019,1.64345,1.64362,1.50,2.33
2011.06.07 17:02:56.567,1.64345,1.64361,1.50,1.58
2011.06.07 17:02:57.119,1.64345,1.64362,1.50,2.33
2011.06.07 17:02:59.847,1.64345,1.64361,1.50,1.58
2011.06.07 17:03:00.408,1.64345,1.64362,1.50,3.08
2011.06.07 17:03:00.957,1.64345,1.64361,1.50,1.58
2011.06.07 17:03:01.509,1.64345,1.64362,1.50,3.08
2011.06.07 17:03:02.058,1.64345,1.64361,1.50,1.58
2011.06.07 17:03:02.607,1.64345,1.64362,1.50,3.08
2011.06.07 17:03:03.486,1.64345,1.64361,1.50,1.58
2011.06.07 17:03:04.588,1.64345,1.64362,1.50,3.08
2011.06.07 17:03:05.247,1.64345,1.64361,1.50,1.58
2011.06.07 17:03:06.600,1.64345,1.64362,1.50,2.33
2011.06.07 17:03:07.191,1.64345,1.64361,1.50,1.58
2011.06.07 17:03:08.787,1.64345,1.64362,1.50,3.08
2011.06.07 17:03:09.336,1.64345,1.64361,1.50,1.58
2011.06.07 17:03:10.877,1.64345,1.64362,1.50,3.08
2011.06.07 17:03:21.478,1.64347,1.64361,1.43,1.58
2011.06.07 17:03:24.469,1.64344,1.64361,1.50,1.58
2011.06.07 17:03:25.018,1.64344,1.64361,1.50,3.83
2011.06.07 17:03:28.868,1.64346,1.64361,2.25,3.08
2011.06.07 17:03:28.979,1.64346,1.64361,2.25,3.83
2011.06.07 17:03:29.968,1.64344,1.6436,1.50,1.58
2011.06.07 17:03:32.392,1.64344,1.64361,1.50,1.58
2011.06.07 17:03:33.168,1.64345,1.64362,1.50,2.33
2011.06.07 17:03:34.939,1.64345,1.64362,1.50,1.58
2011.06.07 17:03:36.699,1.64345,1.64359,1.50,1.36
2011.06.07 17:03:37.248,1.64344,1.64357,2.25,1.65
2011.06.07 17:03:37.798,1.64344,1.64361,3.00,3.46
2011.06.07 17:03:41.040,1.64344,1.64361,1.50,2.33
2011.06.07 17:03:41.918,1.64344,1.64361,1.50,1.58
2011.06.07 17:03:48.738,1.64345,1.6436,2.25,1.58
2011.06.07 17:03:49.286,1.64345,1.64361,2.25,2.33
2011.06.07 17:03:49.838,1.64345,1.64362,1.50,1.58
2011.06.07 17:03:50.388,1.64345,1.64361,1.50,1.58
2011.06.07 17:03:50.937,1.64345,1.64361,1.50,1.58
2011.06.07 17:03:51.926,1.64345,1.64361,1.50,2.33
2011.06.07 17:03:52.698,1.64345,1.64361,1.50,1.58
2011.06.07 17:03:53.247,1.64345,1.64361,1.50,2.33
2011.06.07 17:04:01.297,1.64347,1.64361,1.43,1.58
2011.06.07 17:04:26.307,1.64349,1.64363,1.43,3.83
2011.06.07 17:04:32.741,1.64348,1.64361,2.18,3.08
2011.06.07 17:04:32.969,1.64348,1.64358,1.43,3.08
2011.06.07 17:04:33.517,1.64349,1.64363,2.18,3.08
2011.06.07 17:04:34.508,1.64349,1.64361,1.43,2.33
2011.06.07 17:04:34.729,1.64349,1.64358,1.43,3.08
2011.06.07 17:04:36.580,1.6435,1.64359,1.50,1.35
2011.06.07 17:04:37.129,1.64349,1.64363,2.18,3.08
2011.06.07 17:04:38.008,1.64349,1.64363,2.18,2.33
2011.06.07 17:04:38.338,1.64349,1.64359,1.43,2.10
2011.06.07 17:04:39.108,1.64349,1.64363,2.18,2.33
2011.06.07 17:04:39.989,1.64349,1.64361,1.43,3.83
2011.06.07 17:04:40.210,1.64346,1.64358,1.43,3.08
2011.06.07 17:04:41.978,1.64349,1.64361,1.43,2.33
2011.06.07 17:04:42.199,1.64349,1.64358,1.43,3.60
2011.06.07 17:04:44.450,1.64348,1.64358,1.43,2.33
2011.06.07 17:04:44.668,1.64348,1.64358,1.43,3.83
2011.06.07 17:04:45.218,1.64347,1.64363,1.43,3.08
2011.06.07 17:04:45.658,1.64349,1.64363,1.43,3.08
2011.06.07 17:04:50.199,1.64348,1.64361,1.43,1.58
2011.06.07 17:04:50.529,1.64348,1.64358,1.43,3.08
2011.06.07 17:04:52.068,1.64349,1.64363,2.18,2.33
2011.06.07 17:04:52.472,1.64349,1.64363,1.43,3.08
2011.06.07 17:04:52.821,1.64349,1.64358,1.43,2.33
2011.06.07 17:04:53.160,1.6435,1.64363,2.25,2.33
2011.06.07 17:04:53.717,1.6435,1.64365,2.25,2.33
2011.06.07 17:04:55.588,1.6435,1.64364,1.50,1.58
2011.06.07 17:05:00.097,1.6435,1.64364,1.50,1.58
2011.06.07 17:05:00.647,1.6435,1.64365,2.25,2.85
2011.06.07 17:05:01.432,1.6435,1.64365,1.50,3.60
2011.06.07 17:05:02.577,1.64349,1.64362,1.43,1.58
2011.06.07 17:05:03.128,1.64349,1.64362,1.43,1.58
2011.06.07 17:05:09.070,1.64349,1.64362,1.43,1.58
2011.06.07 17:05:09.729,1.64349,1.64362,1.43,1.58
2011.06.07 17:05:10.277,1.64349,1.64363,1.43,3.83
2011.06.07 17:05:11.048,1.64349,1.64363,1.43,3.83
2011.06.07 17:05:11.647,1.64349,1.64363,1.43,3.08
2011.06.07 17:05:16.007,1.64349,1.64363,1.43,3.08
2011.06.07 17:05:16.557,1.64349,1.64363,1.43,2.33
2011.06.07 17:05:32.917,1.64349,1.64363,1.43,2.33
2011.06.07 17:05:33.468,1.64349,1.64364,1.43,1.58
2011.06.07 17:05:34.770,1.64349,1.64365,1.43,3.04
2011.06.07 17:05:37.142,1.64349,1.64365,1.43,2.67
2011.06.07 17:05:37.265,1.64345,1.64364,2.18,4.58
2011.06.07 17:05:46.860,1.64349,1.64356,1.43,1.13
2011.06.07 17:05:46.972,1.64339,1.64356,2.59,1.73
2011.06.07 17:05:47.199,1.64336,1.64354,1.50,1.21
2011.06.07 17:05:47.310,1.64336,1.64354,1.50,2.71
2011.06.07 17:05:47.858,1.64334,1.64351,1.50,2.85
2011.06.07 17:05:49.880,1.64334,1.64346,1.50,2.25
2011.06.07 17:05:52.449,1.64334,1.64348,1.50,3.67
2011.06.07 17:05:52.669,1.64334,1.64348,1.50,1.58
2011.06.07 17:05:53.219,1.64334,1.6435,1.50,2.33
2011.06.07 17:05:53.328,1.64334,1.6435,1.50,1.58
2011.06.07 17:05:54.208,1.64334,1.6435,1.50,1.58
2011.06.07 17:05:57.649,1.64334,1.6435,1.50,1.58
2011.06.07 17:05:58.197,1.64334,1.6435,1.50,1.58
2011.06.07 17:06:00.618,1.64334,1.6435,1.50,1.58
2011.06.07 17:06:01.169,1.64334,1.6435,1.50,1.58
2011.06.07 17:06:03.368,1.64334,1.6435,1.50,1.58
2011.06.07 17:06:04.122,1.64334,1.6435,1.50,1.58
2011.06.07 17:06:05.229,1.64334,1.6435,1.50,2.33
2011.06.07 17:06:05.776,1.64334,1.64349,1.50,1.58
2011.06.07 17:06:14.483,1.64334,1.6435,1.50,2.33
2011.06.07 17:06:18.009,1.64334,1.64349,1.50,1.58
2011.06.07 17:06:19.108,1.64334,1.6435,1.50,2.33
2011.06.07 17:06:19.657,1.64334,1.64349,1.50,1.58
2011.06.07 17:06:20.208,1.64334,1.6435,1.50,2.33
2011.06.07 17:06:20.939,1.64332,1.64348,1.50,1.58
2011.06.07 17:06:26.972,1.64337,1.64351,1.50,1.50
2011.06.07 17:06:27.311,1.64339,1.64355,2.25,1.58
2011.06.07 17:06:27.550,1.64342,1.64357,1.50,1.50
2011.06.07 17:06:35.999,1.64341,1.64357,1.50,1.50
2011.06.07 17:06:36.218,1.64339,1.64356,2.25,1.58
2011.06.07 17:06:36.567,1.64339,1.64354,1.50,1.58
2011.06.07 17:06:36.910,1.64344,1.64357,1.50,2.25
2011.06.07 17:06:37.578,1.64341,1.64357,1.50,2.25
2011.06.07 17:06:38.128,1.64342,1.64357,1.50,2.25
2011.06.07 17:06:38.678,1.64341,1.64357,1.50,2.25
2011.06.07 17:06:39.119,1.64339,1.64357,1.50,2.25
2011.06.07 17:06:39.670,1.6434,1.64357,1.50,2.25
2011.06.07 17:06:40.218,1.64339,1.64357,1.50,2.25
2011.06.07 17:06:41.099,1.64341,1.64357,1.50,1.50
2011.06.07 17:06:41.472,1.64339,1.64357,1.50,1.50
2011.06.07 17:06:41.592,1.64341,1.64357,1.50,1.50
2011.06.07 17:06:44.618,1.64344,1.64357,1.50,1.50
2011.06.07 17:06:45.169,1.64344,1.64357,1.50,1.50
2011.06.07 17:06:45.281,1.64344,1.64357,1.50,1.50
2011.06.07 17:06:45.839,1.64343,1.64357,1.50,4.50
2011.06.07 17:06:46.388,1.64343,1.64357,1.50,2.25
2011.06.07 17:07:01.232,1.64343,1.64358,2.25,3.75
2011.06.07 17:07:01.624,1.64345,1.64361,1.13,1.50
2011.06.07 17:07:01.863,1.64352,1.64363,1.13,1.27
2011.06.07 17:07:01.982,1.64352,1.64366,1.13,1.02
2011.06.07 17:07:02.210,1.64352,1.64367,1.13,1.58
2011.06.07 17:07:02.759,1.64353,1.64369,1.13,1.58
2011.06.07 17:07:03.336,1.64353,1.64369,1.13,1.58
2011.06.07 17:07:03.671,1.64353,1.64369,1.13,3.08
2011.06.07 17:07:04.230,1.6435,1.64367,1.50,1.58
2011.06.07 17:07:04.671,1.6435,1.64368,1.50,2.33
2011.06.07 17:07:04.888,1.6435,1.64364,1.50,1.50
2011.06.07 17:07:05.328,1.64347,1.64363,1.50,3.08
2011.06.07 17:07:05.878,1.64345,1.64363,1.50,2.33
2011.06.07 17:07:06.099,1.6435,1.64364,1.50,1.50
2011.06.07 17:07:06.319,1.64348,1.64363,1.50,2.33
2011.06.07 17:07:06.430,1.64345,1.64363,1.50,3.08
2011.06.07 17:07:09.628,1.64345,1.64364,1.50,3.83
2011.06.07 17:07:10.199,1.64345,1.64363,1.50,3.83
2011.06.07 17:07:10.748,1.64345,1.64363,1.50,3.08
2011.06.07 17:07:11.297,1.64345,1.64363,1.50,3.08
2011.06.07 17:07:13.498,1.64345,1.64363,1.50,3.08
2011.06.07 17:07:14.047,1.64345,1.64363,1.50,2.33
2011.06.07 17:07:15.151,1.64346,1.64363,1.50,2.33
2011.06.07 17:07:15.270,1.64346,1.64366,1.50,2.63
2011.06.07 17:07:15.379,1.6435,1.64366,1.50,1.50
2011.06.07 17:07:20.148,1.6435,1.64367,1.50,1.58
2011.06.07 17:07:20.698,1.6435,1.64367,1.50,1.58
2011.06.07 17:07:21.249,1.6435,1.64367,1.50,1.58
2011.06.07 17:07:22.501,1.6435,1.64368,1.50,3.83
2011.06.07 17:07:24.377,1.6435,1.64368,1.50,3.08
2011.06.07 17:07:24.931,1.6435,1.64368,1.50,2.33
2011.06.07 17:07:25.488,1.6435,1.64368,1.50,2.33
2011.06.07 17:07:25.599,1.64351,1.64368,1.13,1.58
2011.06.07 17:07:26.588,1.64353,1.64368,1.13,2.33
2011.06.07 17:07:29.789,1.64353,1.6437,1.50,1.58
2011.06.07 17:07:38.031,1.64353,1.6437,1.50,2.33
2011.06.07 17:07:38.627,1.64353,1.6437,1.50,1.58
2011.06.07 17:07:39.179,1.64353,1.6437,1.50,2.33
2011.06.07 17:07:39.729,1.64353,1.64371,1.50,1.50
2011.06.07 17:07:39.841,1.64353,1.64372,1.50,3.83
2011.06.07 17:07:40.180,1.64353,1.64373,1.50,3.08
2011.06.07 17:07:40.400,1.64357,1.64373,1.50,1.50
2011.06.07 17:07:40.738,1.64355,1.64374,1.50,2.10
2011.06.07 17:07:41.288,1.64353,1.64372,1.50,1.58
2011.06.07 17:07:41.619,1.64353,1.64371,1.50,2.33
2011.06.07 17:07:43.610,1.64353,1.64371,1.50,2.33
2011.06.07 17:07:59.270,1.64353,1.64369,1.13,1.58
2011.06.07 17:07:59.819,1.64353,1.6437,1.13,4.35
2011.06.07 17:08:01.360,1.64353,1.64369,1.50,1.58
2011.06.07 17:08:01.908,1.64353,1.6437,1.13,4.35
2011.06.07 17:08:02.362,1.64345,1.64357,1.50,1.32
2011.06.07 17:08:02.870,1.64341,1.64355,1.50,1.50
2011.06.07 17:08:02.999,1.64337,1.64353,1.50,3.83
2011.06.07 17:08:03.549,1.64335,1.64353,1.50,4.58
2011.06.07 17:08:04.191,1.64335,1.64353,1.50,3.83
2011.06.07 17:08:05.958,1.64335,1.64353,1.50,4.58
2011.06.07 17:08:06.509,1.64335,1.64353,1.50,4.58
2011.06.07 17:08:06.730,1.64335,1.64352,1.50,1.58
2011.06.07 17:08:07.072,1.64334,1.64348,1.50,2.03
2011.06.07 17:08:07.302,1.64328,1.64344,1.50,1.50
2011.06.07 17:08:08.083,1.64328,1.64344,1.50,1.50
2011.06.07 17:08:08.969,1.64328,1.64344,1.50,1.50
2011.06.07 17:08:09.409,1.64329,1.64344,1.50,1.50
2011.06.07 17:08:10.068,1.64328,1.64344,2.25,1.50
2011.06.07 17:08:10.651,1.64329,1.64344,1.50,1.50
2011.06.07 17:08:12.198,1.6433,1.64345,1.50,1.50
2011.06.07 17:08:12.748,1.64328,1.64344,2.25,1.50
2011.06.07 17:08:14.308,1.64331,1.64344,1.50,1.50
2011.06.07 17:08:14.641,1.64337,1.64349,1.50,2.02
2011.06.07 17:08:14.999,1.64347,1.64362,1.50,2.25
2011.06.07 17:08:15.223,1.64349,1.64364,1.50,2.25
2011.06.07 17:08:15.338,1.64349,1.64366,1.50,1.88
2011.06.07 17:08:15.451,1.64348,1.64366,2.25,1.88
2011.06.07 17:08:15.571,1.64348,1.64366,2.25,1.13
2011.06.07 17:08:16.019,1.64353,1.6437,1.50,1.50
2011.06.07 17:08:16.568,1.64353,1.6437,1.50,1.50
2011.06.07 17:08:17.118,1.64353,1.64371,1.50,1.50
2011.06.07 17:08:17.889,1.64353,1.6437,1.50,1.50
2011.06.07 17:08:18.422,1.64353,1.64372,1.50,1.58
2011.06.07 17:08:19.589,1.64353,1.64373,1.50,2.33
2011.06.07 17:08:20.139,1.64353,1.64373,1.50,3.08
2011.06.07 17:08:21.708,1.64353,1.64369,1.50,1.50
2011.06.07 17:08:22.040,1.6435,1.64365,2.25,1.50
2011.06.07 17:08:22.164,1.6435,1.64365,2.25,1.58
2011.06.07 17:08:22.500,1.64344,1.64358,1.50,1.58
2011.06.07 17:08:22.829,1.64344,1.64356,1.50,1.13
2011.06.07 17:08:23.269,1.64344,1.64356,1.50,1.13
2011.06.07 17:08:24.529,1.6434,1.64357,1.50,1.96
2011.06.07 17:08:25.629,1.6434,1.64359,1.50,2.33
2011.06.07 17:08:26.358,1.6434,1.64359,1.50,2.33
2011.06.07 17:08:26.908,1.6434,1.64359,1.50,1.58
2011.06.07 17:08:27.459,1.6434,1.64359,1.50,1.58
2011.06.07 17:08:28.789,1.6434,1.6436,1.50,1.58
2011.06.07 17:08:29.230,1.64345,1.64361,1.50,3.38
2011.06.07 17:08:29.559,1.64345,1.64361,1.50,1.50
2011.06.07 17:08:30.879,1.64345,1.64361,1.50,1.50
2011.06.07 17:08:31.428,1.64345,1.64362,1.50,3.08
2011.06.07 17:08:31.977,1.64345,1.64361,1.50,1.50
2011.06.07 17:08:34.808,1.64345,1.64362,1.50,3.08
2011.06.07 17:08:38.438,1.64345,1.64361,1.50,1.50
2011.06.07 17:08:39.318,1.64345,1.64362,1.50,2.33
2011.06.07 17:08:39.867,1.64345,1.64361,1.50,1.50
2011.06.07 17:08:40.420,1.64345,1.64362,1.50,2.33
2011.06.07 17:08:41.079,1.64345,1.64363,1.50,5.33
2011.06.07 17:08:41.627,1.64345,1.64363,1.50,3.83
2011.06.07 17:08:42.688,1.64345,1.64363,1.50,3.83
2011.06.07 17:08:43.191,1.64345,1.64363,1.50,3.08
2011.06.07 17:08:43.749,1.64349,1.64363,1.13,3.08
2011.06.07 17:08:44.688,1.64349,1.64363,1.13,3.00
2011.06.07 17:08:44.909,1.6435,1.64365,1.50,1.50
2011.06.07 17:08:45.239,1.64349,1.64366,1.13,3.00
2011.06.07 17:08:45.459,1.64349,1.64366,1.13,3.00
2011.06.07 17:08:46.007,1.6435,1.64366,1.50,3.38
2011.06.07 17:08:46.558,1.64349,1.64364,1.88,1.50
2011.06.07 17:08:47.108,1.6435,1.64365,1.50,2.25
2011.06.07 17:08:48.430,1.6435,1.64364,1.50,1.50
2011.06.07 17:08:48.987,1.6435,1.64365,1.50,1.88
2011.06.07 17:08:49.538,1.6435,1.64364,1.50,1.50
2011.06.07 17:08:50.718,1.6435,1.64365,1.50,2.63
2011.06.07 17:08:52.038,1.6435,1.64364,1.50,1.50
2011.06.07 17:08:52.370,1.6435,1.64364,1.50,2.10
2011.06.07 17:08:52.918,1.64349,1.64363,1.13,3.83
2011.06.07 17:08:54.129,1.64349,1.64363,1.50,2.33
2011.06.07 17:08:54.459,1.64352,1.64363,1.13,2.25
2011.06.07 17:08:54.571,1.64352,1.64365,1.13,2.02
2011.06.07 17:08:54.692,1.64355,1.64371,1.50,3.75
2011.06.07 17:08:54.919,1.64353,1.64373,1.50,3.08
2011.06.07 17:08:56.291,1.64353,1.64373,1.13,3.08
2011.06.07 17:08:56.524,1.64351,1.64372,1.50,1.92
2011.06.07 17:08:56.752,1.64351,1.6437,1.50,2.77
2011.06.07 17:08:57.309,1.6435,1.64367,1.50,2.21
2011.06.07 17:08:57.641,1.6435,1.64362,1.50,1.50
2011.06.07 17:08:57.871,1.64348,1.64358,1.13,3.60
2011.06.07 17:08:57.989,1.64349,1.64358,1.13,3.52
2011.06.07 17:08:58.100,1.64349,1.6436,1.13,1.27
2011.06.07 17:08:58.209,1.64349,1.64363,1.13,3.08
2011.06.07 17:09:00.188,1.64349,1.64361,1.13,1.58
2011.06.07 17:09:00.410,1.64347,1.64358,1.13,3.52
2011.06.07 17:09:00.630,1.64348,1.64363,1.13,3.83
2011.06.07 17:09:00.848,1.64349,1.64363,1.13,3.83
2011.06.07 17:09:01.821,1.64349,1.64363,1.13,3.08
2011.06.07 17:09:02.378,1.64349,1.64363,1.13,3.08
2011.06.07 17:09:06.251,1.64345,1.64358,1.50,1.13
2011.06.07 17:09:06.372,1.64345,1.64361,1.50,4.69
2011.06.07 17:09:06.491,1.64345,1.64359,1.50,1.50
2011.06.07 17:09:06.721,1.64343,1.64357,1.50,1.58
2011.06.07 17:09:07.271,1.6434,1.64356,1.50,1.50
2011.06.07 17:09:07.867,1.6434,1.64357,1.50,4.23
2011.06.07 17:09:08.418,1.6434,1.64357,1.50,3.71
2011.06.07 17:09:10.398,1.6434,1.64357,1.50,3.71
2011.06.07 17:09:10.948,1.6434,1.64357,1.50,2.96
2011.06.07 17:09:11.390,1.6434,1.64357,1.50,2.96
2011.06.07 17:09:12.379,1.6434,1.64356,1.50,1.50
2011.06.07 17:09:20.579,1.6434,1.64357,1.50,2.96
2011.06.07 17:09:20.799,1.64343,1.6436,1.50,1.13
2011.06.07 17:09:20.910,1.6435,1.6436,1.50,1.17
2011.06.07 17:09:21.020,1.64349,1.64359,1.50,1.58
2011.06.07 17:09:21.239,1.6434,1.64359,1.50,1.58
2011.06.07 17:09:21.898,1.6434,1.64357,1.50,1.58
2011.06.07 17:09:22.489,1.6434,1.64357,1.50,1.58
2011.06.07 17:09:23.108,1.6434,1.64357,1.50,1.58
2011.06.07 17:09:24.208,1.6434,1.64357,1.50,1.58
2011.06.07 17:09:24.757,1.6434,1.64357,1.50,1.58
2011.06.07 17:09:26.097,1.6434,1.64357,1.50,1.58
2011.06.07 17:09:26.320,1.64343,1.64358,1.13,1.58
2011.06.07 17:09:26.433,1.64343,1.6436,2.25,1.84
2011.06.07 17:09:26.551,1.64343,1.64362,2.25,2.33
2011.06.07 17:09:26.671,1.64345,1.64363,1.50,3.75
2011.06.07 17:09:27.160,1.64348,1.64367,1.50,4.38
2011.06.07 17:09:27.940,1.64348,1.64367,2.25,1.50
2011.06.07 17:09:28.489,1.64348,1.64368,2.25,2.77
2011.06.07 17:09:33.159,1.64348,1.64366,1.50,1.50
2011.06.07 17:09:33.599,1.6435,1.64367,1.50,1.58
2011.06.07 17:09:33.928,1.6435,1.64365,1.50,3.00
2011.06.07 17:09:34.040,1.6435,1.64366,1.50,2.25
2011.06.07 17:09:34.262,1.6435,1.64365,1.50,2.25
2011.06.07 17:09:34.598,1.6435,1.64367,1.50,1.58
2011.06.07 17:09:35.259,1.6435,1.64368,1.50,2.33
2011.06.07 17:09:35.808,1.6435,1.64367,1.50,1.58
2011.06.07 17:09:36.358,1.6435,1.64367,1.50,1.58
2011.06.07 17:09:36.908,1.6435,1.64367,1.50,1.58
2011.06.07 17:09:38.117,1.6435,1.64367,1.50,1.58
2011.06.07 17:09:38.451,1.6435,1.64366,1.50,4.87
2011.06.07 17:09:38.570,1.64345,1.64364,1.50,2.33
2011.06.07 17:09:38.789,1.64345,1.64361,1.50,1.58
2011.06.07 17:09:39.310,1.64344,1.64361,1.03,1.58
2011.06.07 17:09:39.870,1.64344,1.64361,1.03,1.58
2011.06.07 17:09:40.419,1.64344,1.64361,1.03,1.58
2011.06.07 17:09:42.729,1.64344,1.64362,1.03,2.96
2011.06.07 17:09:42.952,1.64348,1.64363,1.50,2.25
2011.06.07 17:09:43.289,1.64348,1.64369,4.13,1.50
2011.06.07 17:09:43.400,1.64349,1.6437,2.33,2.63
2011.06.07 17:09:44.057,1.64351,1.6437,1.50,1.50
2011.06.07 17:09:44.617,1.64351,1.6437,1.50,1.50
2011.06.07 17:09:47.079,1.64351,1.6437,1.50,1.50
2011.06.07 17:09:47.627,1.64351,1.6437,1.50,1.50
2011.06.07 17:09:49.449,1.64351,1.6437,1.50,1.50
2011.06.07 17:09:49.998,1.64351,1.6437,1.50,1.50
2011.06.07 17:09:51.538,1.64351,1.64368,1.50,1.50
2011.06.07 17:09:52.088,1.6435,1.64368,1.50,2.33
2011.06.07 17:09:52.420,1.64349,1.64369,2.33,1.50
2011.06.07 17:09:52.638,1.64349,1.64369,2.33,1.50
2011.06.07 17:09:53.125,1.64349,1.6437,2.74,2.25
2011.06.07 17:09:53.581,1.64344,1.64353,1.03,2.33
2011.06.07 17:09:54.138,1.64344,1.64353,1.03,2.25
2011.06.07 17:09:54.472,1.64345,1.64363,1.50,1.58
2011.06.07 17:09:54.699,1.64345,1.64363,1.50,3.83
2011.06.07 17:09:55.252,1.64345,1.64363,1.50,3.83
2011.06.07 17:09:55.590,1.6435,1.64363,1.50,2.25
2011.06.07 17:09:55.699,1.6435,1.64367,1.50,3.71
2011.06.07 17:09:55.919,1.6435,1.64367,1.50,3.71
2011.06.07 17:09:56.469,1.6435,1.64367,1.50,3.71
2011.06.07 17:09:56.581,1.6435,1.64367,1.50,3.86
2011.06.07 17:09:56.920,1.64348,1.64361,1.50,1.58
2011.06.07 17:09:57.140,1.64344,1.64361,1.78,1.58
2011.06.07 17:09:57.695,1.64344,1.64356,1.03,1.50
2011.06.07 17:09:58.273,1.64346,1.64361,2.63,2.33
2011.06.07 17:09:58.392,1.64346,1.64361,2.63,1.50
2011.06.07 17:09:58.511,1.64344,1.64363,1.03,2.63
2011.06.07 17:09:58.741,1.64344,1.64363,1.78,3.83
2011.06.07 17:09:59.289,1.64344,1.64363,1.03,3.83
2011.06.07 17:09:59.837,1.64344,1.64363,1.03,3.83
2011.06.07 17:10:04.378,1.64344,1.64362,1.03,3.08
2011.06.07 17:10:04.928,1.64344,1.64362,1.03,3.08
2011.06.07 17:10:05.259,1.64344,1.64361,1.03,1.58
2011.06.07 17:10:05.699,1.64344,1.64363,1.03,4.13
2011.06.07 17:10:06.248,1.64345,1.64363,1.50,3.08
2011.06.07 17:10:06.798,1.64345,1.64363,1.50,3.08
2011.06.07 17:10:06.910,1.64345,1.64363,1.50,3.42
2011.06.07 17:10:07.239,1.64344,1.64361,1.03,1.58
2011.06.07 17:10:07.352,1.64344,1.6436,1.03,2.33
2011.06.07 17:10:07.973,1.64344,1.64358,1.03,2.10
2011.06.07 17:10:10.082,1.6434,1.6436,2.50,1.58
2011.06.07 17:10:12.729,1.64341,1.64362,1.75,4.46
2011.06.07 17:10:13.278,1.64345,1.64362,1.50,2.33
2011.06.07 17:10:16.168,1.64343,1.64362,1.75,1.58
2011.06.07 17:10:17.489,1.64343,1.64362,1.75,2.33
2011.06.07 17:10:18.949,1.64349,1.64363,1.50,3.75
2011.06.07 17:10:19.170,1.64352,1.64366,4.50,3.08
2011.06.07 17:10:19.280,1.64352,1.64363,2.25,2.25
2011.06.07 17:10:19.718,1.64353,1.64366,1.50,1.28
2011.06.07 17:10:19.830,1.64352,1.64366,1.50,1.13
2011.06.07 17:10:20.397,1.64353,1.64367,1.50,1.21
2011.06.07 17:10:21.719,1.64353,1.64368,1.50,1.21
2011.06.07 17:10:22.339,1.64353,1.64369,1.50,1.58
2011.06.07 17:10:22.887,1.64353,1.64369,1.50,2.33
2011.06.07 17:10:24.598,1.64353,1.64371,1.50,2.71
2011.06.07 17:10:25.149,1.64355,1.64371,1.13,2.33
2011.06.07 17:10:25.370,1.64351,1.64368,1.50,3.83
2011.06.07 17:10:26.027,1.64349,1.64368,2.25,4.58
2011.06.07 17:10:27.350,1.64349,1.64368,2.25,3.83
2011.06.07 17:10:27.898,1.64349,1.64368,1.50,4.58
2011.06.07 17:10:30.509,1.64349,1.64368,1.50,3.83
2011.06.07 17:10:32.271,1.64349,1.64368,1.88,4.58
2011.06.07 17:10:32.828,1.64349,1.64368,2.63,3.08
2011.06.07 17:10:36.868,1.64349,1.64368,1.88,3.83
2011.06.07 17:10:37.969,1.64349,1.64368,2.63,3.83
2011.06.07 17:10:38.518,1.64349,1.64368,1.88,3.83
2011.06.07 17:10:48.909,1.64349,1.64368,1.88,3.83
2011.06.07 17:10:53.308,1.64349,1.64368,1.88,3.83
2011.06.07 17:10:55.637,1.64349,1.64368,2.63,4.00
2011.06.07 17:10:57.026,1.64353,1.64368,1.50,1.75
2011.06.07 17:11:00.881,1.64353,1.64373,3.75,4.00
2011.06.07 17:11:01.219,1.64353,1.64373,6.00,3.08
2011.06.07 17:11:02.973,1.64353,1.64373,6.00,3.08
2011.06.07 17:11:03.528,1.64353,1.64373,6.00,3.08
2011.06.07 17:11:04.519,1.64353,1.64373,6.00,3.08
2011.06.07 17:11:05.102,1.64353,1.64373,6.00,3.08
2011.06.07 17:11:06.212,1.64353,1.64373,6.00,3.08
2011.06.07 17:11:06.769,1.64353,1.64373,6.00,3.08
2011.06.07 17:11:07.318,1.64353,1.64374,6.00,3.83
2011.06.07 17:11:07.870,1.64354,1.64374,1.13,3.83
2011.06.07 17:11:08.869,1.64354,1.64374,2.63,3.83
2011.06.07 17:11:09.457,1.64354,1.64373,2.63,3.08
2011.06.07 17:11:10.888,1.64354,1.64373,2.63,3.08
2011.06.07 17:11:11.438,1.64354,1.64373,2.63,3.08
2011.06.07 17:11:17.103,1.64354,1.64373,2.25,3.08
2011.06.07 17:11:17.992,1.64354,1.64374,2.25,3.83
2011.06.07 17:11:19.758,1.64353,1.64374,6.75,3.83
2011.06.07 17:11:22.459,1.64354,1.64373,1.50,3.08
2011.06.07 17:11:23.053,1.64355,1.64374,1.50,3.83
2011.06.07 17:11:23.719,1.64355,1.64374,1.50,3.83
2011.06.07 17:11:24.269,1.64355,1.64374,1.50,3.83
2011.06.07 17:11:27.018,1.64355,1.64373,1.50,3.08
2011.06.07 17:11:27.599,1.64355,1.64373,1.50,3.08
2011.06.07 17:11:28.508,1.64355,1.64373,1.50,3.08
2011.06.07 17:11:29.070,1.64355,1.64373,1.50,3.08
2011.06.07 17:11:30.058,1.64355,1.64373,1.50,3.08
2011.06.07 17:11:37.950,1.64355,1.64373,1.50,3.08
2011.06.07 17:11:38.499,1.64353,1.64374,5.63,3.83
2011.06.07 17:11:39.060,1.64353,1.64374,5.63,1.58
2011.06.07 17:11:40.048,1.64354,1.64374,1.50,1.58
2011.06.07 17:11:40.599,1.64355,1.64374,1.50,1.58
2011.06.07 17:11:41.040,1.64359,1.64374,1.50,1.50
2011.06.07 17:11:41.371,1.64361,1.6438,2.25,1.58
2011.06.07 17:11:41.479,1.6436,1.64377,1.13,1.58
2011.06.07 17:11:43.149,1.6436,1.64379,1.13,1.58
2011.06.07 17:11:43.699,1.6436,1.64379,1.13,1.58
2011.06.07 17:11:44.248,1.6436,1.64379,1.13,1.58
2011.06.07 17:11:45.575,1.6436,1.6438,1.13,3.83
2011.06.07 17:11:46.458,1.6436,1.6438,1.13,3.83
2011.06.07 17:11:46.788,1.6436,1.6438,1.13,3.83
2011.06.07 17:11:47.337,1.6436,1.6438,1.13,3.83
2011.06.07 17:11:48.108,1.6436,1.6438,1.13,3.83
2011.06.07 17:11:49.449,1.64359,1.64379,1.50,1.58
2011.06.07 17:11:49.672,1.64359,1.64379,1.50,1.58
2011.06.07 17:11:49.789,1.64359,1.6438,2.25,3.08
2011.06.07 17:11:50.119,1.64364,1.6438,2.63,1.58
2011.06.07 17:11:50.560,1.64364,1.64381,2.63,1.21
2011.06.07 17:11:50.933,1.64364,1.64381,2.63,2.71
2011.06.07 17:11:51.383,1.64363,1.6438,1.13,2.33
2011.06.07 17:11:51.939,1.64363,1.6438,1.13,2.33
2011.06.07 17:11:52.491,1.64363,1.6438,1.13,2.33
2011.06.07 17:11:53.161,1.64363,1.6438,1.13,1.58
2011.06.07 17:11:53.609,1.64363,1.6438,1.13,1.58
2011.06.07 17:11:54.159,1.64363,1.6438,1.13,1.58
2011.06.07 17:11:54.709,1.6436,1.6438,3.38,1.58
2011.06.07 17:11:56.550,1.6436,1.6438,2.63,2.33
2011.06.07 17:11:56.993,1.64372,1.64381,2.25,3.38
2011.06.07 17:11:57.112,1.64373,1.64381,1.50,1.88
2011.06.07 17:11:57.341,1.64371,1.64383,2.25,2.25
2011.06.07 17:11:57.571,1.64372,1.64384,1.50,2.25
2011.06.07 17:11:57.691,1.64372,1.64388,4.50,2.77
2011.06.07 17:11:58.131,1.64371,1.64385,1.50,1.50
2011.06.07 17:11:58.459,1.64374,1.64388,1.50,2.77
2011.06.07 17:11:58.889,1.6437,1.64385,1.50,1.50
2011.06.07 17:11:59.007,1.64371,1.64385,1.50,1.50
2011.06.07 17:12:08.452,1.64373,1.64385,1.50,1.50
2011.06.07 17:12:08.791,1.64376,1.6439,1.50,1.50
2011.06.07 17:12:09.020,1.64377,1.64392,1.50,2.33
2011.06.07 17:12:09.129,1.64377,1.64393,1.50,1.58
2011.06.07 17:12:09.572,1.64378,1.64393,1.13,1.58
2011.06.07 17:12:09.803,1.64381,1.64397,2.63,3.63
2011.06.07 17:12:09.919,1.64383,1.64397,1.50,2.13
2011.06.07 17:12:11.010,1.64383,1.64397,1.13,2.13
2011.06.07 17:12:11.558,1.64383,1.64397,1.13,2.13
2011.06.07 17:12:12.550,1.64383,1.64397,1.13,2.13
2011.06.07 17:12:13.100,1.64383,1.64397,1.13,2.13
2011.06.07 17:12:14.202,1.64383,1.64397,1.13,2.96
2011.06.07 17:12:14.544,1.64378,1.64397,2.25,2.96
2011.06.07 17:12:15.212,1.64378,1.64397,3.00,2.21
2011.06.07 17:12:19.179,1.64383,1.64397,1.50,2.21
2011.06.07 17:12:19.290,1.64383,1.64397,1.50,2.96
2011.06.07 17:12:25.393,1.64379,1.64394,1.50,3.00
2011.06.07 17:12:25.512,1.64378,1.64394,1.50,2.33
2011.06.07 17:12:25.849,1.64378,1.64396,1.50,2.86
2011.06.07 17:12:26.069,1.64378,1.64396,1.50,2.86
2011.06.07 17:12:26.610,1.64378,1.64396,1.50,1.96
2011.06.07 17:12:26.939,1.64378,1.64397,1.50,3.71
2011.06.07 17:12:27.490,1.64378,1.64396,1.50,1.58
2011.06.07 17:12:28.040,1.64378,1.64393,1.50,1.58
2011.06.07 17:12:28.588,1.64378,1.64394,1.50,1.58
2011.06.07 17:12:29.138,1.64378,1.64393,1.50,1.58
2011.06.07 17:12:29.688,1.64378,1.64394,1.50,1.58
2011.06.07 17:12:30.237,1.64378,1.64394,1.50,1.58
2011.06.07 17:12:30.789,1.64377,1.64392,1.50,1.58
2011.06.07 17:12:31.338,1.64378,1.64394,1.50,1.58
2011.06.07 17:12:31.778,1.64378,1.64394,1.50,1.58
2011.06.07 17:12:33.023,1.64378,1.64397,1.50,3.71
2011.06.07 17:12:35.450,1.64378,1.64397,1.50,3.71
2011.06.07 17:12:40.319,1.64378,1.64395,1.50,1.58
2011.06.07 17:12:40.868,1.64378,1.64395,1.50,1.58
2011.06.07 17:12:41.749,1.64378,1.64394,1.50,1.58
2011.06.07 17:12:43.619,1.64376,1.64391,1.50,1.50
2011.06.07 17:12:43.841,1.64376,1.64391,1.50,2.25
2011.06.07 17:12:43.951,1.64371,1.64381,1.50,1.50
2011.06.07 17:12:44.072,1.64371,1.64381,1.50,3.16
2011.06.07 17:12:44.191,1.64369,1.64376,1.50,1.06
2011.06.07 17:12:44.301,1.6436,1.64375,1.50,1.09
2011.06.07 17:12:44.738,1.64357,1.64374,1.50,3.75
2011.06.07 17:12:47.011,1.64357,1.64375,2.25,1.50
2011.06.07 17:12:47.136,1.64362,1.64377,1.13,1.50
2011.06.07 17:12:47.692,1.6436,1.64377,1.50,1.50
2011.06.07 17:12:48.250,1.6436,1.64378,1.50,1.50
2011.06.07 17:12:50.779,1.6436,1.64377,1.50,1.50
2011.06.07 17:12:51.330,1.64358,1.64378,1.50,2.25
2011.06.07 17:12:51.878,1.64358,1.64378,1.50,2.25
2011.06.07 17:12:58.468,1.64358,1.64378,1.88,1.50
2011.06.07 17:12:59.128,1.64358,1.64378,1.88,1.50
2011.06.07 17:13:04.418,1.64358,1.64378,2.63,1.50
2011.06.07 17:13:06.999,1.64358,1.64378,1.88,1.50
2011.06.07 17:13:07.548,1.64358,1.64378,1.88,1.50
2011.06.07 17:13:08.281,1.64358,1.64377,1.50,1.88
2011.06.07 17:13:08.833,1.64358,1.64378,1.50,1.50
2011.06.07 17:13:14.889,1.64358,1.64377,1.50,1.50
2011.06.07 17:13:27.639,1.64358,1.64377,1.50,1.50
2011.06.07 17:13:28.298,1.64358,1.64377,1.50,1.50
2011.06.07 17:13:36.091,1.64358,1.64377,1.50,1.50
2011.06.07 17:13:36.639,1.64358,1.64377,1.50,1.50
2011.06.07 17:13:37.740,1.64358,1.64378,1.50,2.25
2011.06.07 17:13:41.399,1.64361,1.64378,1.50,3.00
2011.06.07 17:13:41.949,1.64362,1.6438,2.25,3.08
2011.06.07 17:13:50.239,1.64362,1.64381,1.13,4.58
2011.06.07 17:13:50.569,1.64362,1.64381,1.13,2.71
2011.06.07 17:13:51.010,1.64362,1.64378,1.13,1.58
2011.06.07 17:13:51.778,1.6436,1.64377,1.13,1.58
2011.06.07 17:13:52.328,1.64358,1.64377,2.25,1.58
2011.06.07 17:13:52.659,1.6436,1.64377,1.50,1.58
2011.06.07 17:13:53.480,1.64358,1.64377,2.25,2.33
2011.06.07 17:13:54.029,1.64358,1.64376,2.25,1.58
2011.06.07 17:13:55.459,1.64358,1.64377,2.25,1.58
2011.06.07 17:13:56.233,1.64358,1.64371,1.88,3.00
2011.06.07 17:13:56.349,1.6436,1.64376,1.13,1.58
2011.06.07 17:13:56.459,1.6436,1.64378,1.50,2.33
2011.06.07 17:13:57.009,1.64358,1.64378,1.50,1.58
2011.06.07 17:13:57.339,1.64363,1.6438,1.50,2.25
2011.06.07 17:13:57.670,1.64363,1.64371,2.25,1.50
2011.06.07 17:13:57.781,1.64363,1.64378,2.25,1.58
2011.06.07 17:13:57.899,1.64363,1.64381,2.25,1.58
2011.06.07 17:13:58.009,1.64363,1.64381,1.50,1.58
2011.06.07 17:13:58.602,1.64362,1.6438,1.13,1.58
2011.06.07 17:14:01.029,1.64367,1.64381,1.88,1.96
2011.06.07 17:14:01.251,1.6437,1.64381,1.50,1.13
2011.06.07 17:14:01.924,1.64373,1.64383,1.50,1.50
2011.06.07 17:14:02.043,1.64373,1.64386,1.50,1.04
2011.06.07 17:14:02.162,1.64378,1.64392,1.50,1.58
2011.06.07 17:14:02.719,1.64376,1.64392,1.50,1.58
2011.06.07 17:14:05.059,1.64375,1.64392,2.25,1.58
2011.06.07 17:14:05.281,1.64372,1.64392,2.25,1.58
2011.06.07 17:14:05.634,1.64374,1.64392,1.50,1.58
2011.06.07 17:14:06.518,1.64375,1.64392,1.50,1.58
2011.06.07 17:14:07.068,1.64376,1.64394,1.50,1.58
2011.06.07 17:14:07.619,1.64377,1.64394,1.50,1.58
2011.06.07 17:14:12.920,1.64378,1.64396,1.13,2.33
2011.06.07 17:14:13.470,1.64376,1.64396,1.50,3.08
2011.06.07 17:14:14.029,1.64375,1.64396,1.50,3.08
2011.06.07 17:14:14.909,1.64376,1.64396,2.25,2.33
2011.06.07 17:14:15.239,1.64379,1.64396,1.13,2.33
2011.06.07 17:14:16.100,1.64376,1.64396,1.50,2.33
2011.06.07 17:14:16.649,1.64375,1.64396,1.50,4.58
2011.06.07 17:14:19.700,1.64377,1.64396,1.50,2.33
2011.06.07 17:14:24.479,1.64376,1.64396,1.50,2.33
2011.06.07 17:14:29.332,1.64377,1.64392,1.50,1.58
2011.06.07 17:14:29.953,1.64377,1.64391,1.50,2.25
2011.06.07 17:14:30.078,1.6437,1.64388,1.50,1.50
2011.06.07 17:14:33.928,1.64368,1.64388,1.50,1.50
2011.06.07 17:14:34.867,1.64366,1.64384,1.50,1.58
2011.06.07 17:14:35.309,1.64363,1.64382,3.00,1.58
2011.06.07 17:14:35.970,1.64363,1.64383,2.25,3.83
2011.06.07 17:14:36.302,1.64362,1.6438,1.50,1.58
2011.06.07 17:14:36.858,1.64362,1.6438,1.50,1.58
2011.06.07 17:14:39.159,1.64362,1.6438,1.50,1.58
2011.06.07 17:14:39.708,1.64362,1.6438,1.50,1.58
2011.06.07 17:14:44.761,1.64363,1.6438,1.50,1.58
2011.06.07 17:14:44.981,1.64366,1.64381,1.50,1.50
2011.06.07 17:14:45.539,1.64368,1.64386,1.50,1.58
2011.06.07 17:14:54.131,1.64366,1.64386,1.50,2.33
2011.06.07 17:14:54.798,1.64365,1.64386,2.25,2.33
2011.06.07 17:14:55.348,1.64366,1.64386,1.50,2.33
2011.06.07 17:14:57.921,1.64368,1.64386,1.50,2.33
2011.06.07 17:14:59.436,1.64364,1.64381,1.50,1.58
2011.06.07 17:15:00.001,1.64362,1.64379,1.13,1.58
2011.06.07 17:15:00.224,1.64359,1.64376,1.50,1.58
2011.06.07 17:15:00.780,1.64359,1.64375,1.50,3.08
2011.06.07 17:15:01.331,1.6436,1.64378,1.50,1.58
2011.06.07 17:15:01.670,1.64362,1.64381,1.50,2.71
2011.06.07 17:15:01.784,1.64363,1.64381,1.50,1.96
2011.06.07 17:15:03.639,1.64363,1.64383,1.50,6.60
2011.06.07 17:15:06.618,1.64362,1.64383,1.50,5.33
2011.06.07 17:15:07.278,1.64362,1.64381,1.13,1.96
2011.06.07 17:15:08.491,1.64362,1.64377,1.13,2.33
2011.06.07 17:15:09.368,1.64362,1.64377,1.50,2.33
2011.06.07 17:15:09.819,1.64363,1.64379,1.50,1.35
2011.06.07 17:15:09.934,1.64366,1.6438,2.25,3.00
2011.06.07 17:15:10.167,1.64368,1.64384,1.50,5.33
2011.06.07 17:15:11.571,1.64368,1.64384,1.50,3.08
2011.06.07 17:15:12.559,1.64368,1.64384,1.50,3.08
2011.06.07 17:15:13.110,1.64367,1.64383,1.50,1.58
2011.06.07 17:15:13.780,1.64363,1.64383,1.50,5.10
2011.06.07 17:15:14.549,1.64363,1.64382,1.50,1.58
2011.06.07 17:15:15.309,1.64363,1.64383,1.50,5.10
2011.06.07 17:15:15.860,1.64363,1.64383,1.50,4.35
2011.06.07 17:15:16.570,1.64363,1.64383,1.50,5.10
2011.06.07 17:15:17.451,1.64368,1.64383,1.50,4.35
2011.06.07 17:15:17.560,1.64368,1.64384,1.50,2.33
2011.06.07 17:15:19.980,1.6437,1.64384,1.50,2.33
2011.06.07 17:15:20.313,1.64373,1.6439,1.50,1.50
2011.06.07 17:15:20.430,1.64375,1.6439,1.50,1.50
2011.06.07 17:15:22.190,1.64376,1.6439,1.50,1.50
2011.06.07 17:15:22.302,1.64372,1.6439,1.50,1.58
2011.06.07 17:15:22.422,1.64376,1.64391,1.50,1.50
2011.06.07 17:15:23.110,1.64376,1.64391,1.50,3.00
2011.06.07 17:15:23.440,1.64374,1.6439,1.50,3.00
2011.06.07 17:15:23.770,1.64372,1.64387,1.88,2.25
2011.06.07 17:15:24.319,1.64372,1.64387,1.13,2.25
2011.06.07 17:15:25.421,1.64374,1.64388,1.50,2.25
2011.06.07 17:15:25.640,1.64376,1.64391,1.50,1.50
2011.06.07 17:15:30.038,1.64377,1.64392,1.50,1.58
2011.06.07 17:15:31.069,1.64378,1.64394,1.50,1.58
2011.06.07 17:15:31.619,1.64378,1.64393,1.50,1.58
2011.06.07 17:15:33.599,1.64378,1.64395,1.50,1.96
2011.06.07 17:15:33.930,1.64382,1.64395,1.50,1.88
2011.06.07 17:15:34.790,1.64379,1.64395,1.50,1.88
2011.06.07 17:15:35.999,1.6438,1.64395,1.50,1.88
2011.06.07 17:15:36.549,1.64379,1.64395,1.50,1.88
2011.06.07 17:15:37.098,1.6438,1.64395,1.50,1.88
2011.06.07 17:15:37.764,1.64381,1.64397,1.50,2.33
2011.06.07 17:15:49.918,1.64382,1.64397,1.50,1.58
2011.06.07 17:15:50.468,1.64381,1.64397,1.50,1.58
2011.06.07 17:15:51.018,1.64382,1.64397,1.50,1.58
2011.06.07 17:15:53.688,1.64381,1.64397,1.50,1.58
2011.06.07 17:15:55.019,1.6438,1.64396,1.50,1.50
2011.06.07 17:15:56.009,1.64379,1.64395,1.50,1.13
2011.06.07 17:15:56.561,1.64377,1.64393,1.50,1.50
2011.06.07 17:15:56.680,1.64377,1.64393,1.50,1.58
2011.06.07 17:15:56.791,1.64375,1.64393,4.50,1.58
2011.06.07 17:15:57.239,1.64372,1.6439,1.88,1.58
2011.06.07 17:15:57.680,1.64375,1.64392,1.50,1.58
2011.06.07 17:15:58.228,1.64376,1.64392,1.50,1.58
2011.06.07 17:15:58.779,1.64374,1.64392,1.50,3.83
2011.06.07 17:15:59.448,1.64373,1.64392,1.50,3.83
2011.06.07 17:15:59.780,1.64371,1.64392,2.25,3.83
2011.06.07 17:15:59.890,1.64371,1.64389,2.25,1.58
2011.06.07 17:16:00.439,1.6437,1.64389,1.50,2.33
2011.06.07 17:16:01.759,1.6437,1.64381,1.50,2.25
2011.06.07 17:16:01.981,1.64368,1.64381,2.25,2.25
2011.06.07 17:16:02.200,1.64369,1.64385,1.50,1.50
2011.06.07 17:16:02.748,1.6437,1.64385,1.50,1.50
2011.06.07 17:16:05.179,1.64371,1.64387,1.50,1.50
2011.06.07 17:16:05.510,1.64373,1.64389,1.50,1.50
2011.06.07 17:16:05.839,1.64375,1.64391,1.50,2.77
2011.06.07 17:16:06.059,1.64373,1.64391,1.50,2.77
2011.06.07 17:16:06.609,1.64374,1.64391,1.50,1.50
2011.06.07 17:16:07.050,1.64377,1.64392,1.50,2.85
2011.06.07 17:16:08.209,1.64376,1.64393,1.50,3.08
2011.06.07 17:16:09.790,1.64375,1.64392,1.50,3.08
2011.06.07 17:16:10.559,1.64377,1.64392,1.50,3.08
2011.06.07 17:16:10.671,1.64376,1.64395,1.50,1.58
2011.06.07 17:16:10.889,1.64377,1.64395,1.50,1.58
2011.06.07 17:16:12.819,1.64376,1.64395,2.25,1.58
2011.06.07 17:16:16.531,1.64372,1.64392,1.88,1.58
2011.06.07 17:16:16.643,1.64372,1.64389,1.13,1.58
2011.06.07 17:16:17.199,1.64371,1.64388,2.63,2.02
2011.06.07 17:16:18.101,1.64371,1.64388,1.13,2.02
2011.06.07 17:16:18.320,1.64372,1.64388,1.13,2.02
2011.06.07 17:16:20.430,1.64371,1.64384,1.88,5.96
2011.06.07 17:16:20.653,1.64366,1.64378,3.75,1.50
2011.06.07 17:16:20.773,1.64362,1.64378,1.50,1.50
2011.06.07 17:16:20.890,1.64362,1.64383,2.25,2.25
2011.06.07 17:16:21.110,1.64362,1.64381,3.75,2.25
2011.06.07 17:16:21.333,1.64365,1.64385,1.50,1.50
2011.06.07 17:16:21.670,1.64367,1.64386,1.50,3.52
2011.06.07 17:16:22.939,1.64368,1.64386,1.50,2.77
2011.06.07 17:16:23.380,1.64366,1.64386,1.50,2.77
2011.06.07 17:16:24.148,1.64367,1.64386,1.50,2.77
2011.06.07 17:16:24.808,1.64366,1.64386,1.50,2.77
2011.06.07 17:16:26.089,1.64367,1.64386,1.50,2.77
2011.06.07 17:16:27.658,1.64366,1.64385,1.50,2.02
2011.06.07 17:16:28.979,1.64365,1.64385,2.25,2.02
2011.06.07 17:16:29.528,1.64365,1.64384,1.50,3.00
2011.06.07 17:16:30.191,1.64365,1.64384,1.50,3.83
2011.06.07 17:16:30.300,1.64368,1.64384,1.50,3.83
2011.06.07 17:16:30.849,1.64367,1.64383,1.50,1.58
2011.06.07 17:16:34.720,1.64368,1.64384,1.50,1.58
2011.06.07 17:16:34.942,1.64368,1.64386,1.50,2.33
2011.06.07 17:16:35.499,1.64368,1.64385,1.50,1.58
2011.06.07 17:16:39.459,1.64368,1.64386,1.50,2.33
2011.06.07 17:16:40.490,1.64368,1.64385,1.50,1.58
2011.06.07 17:16:41.038,1.64368,1.64386,1.50,2.33
2011.06.07 17:16:42.470,1.64368,1.64385,1.50,1.96
2011.06.07 17:16:42.801,1.64365,1.64381,1.50,1.58
2011.06.07 17:16:43.129,1.64363,1.64383,2.25,3.83
2011.06.07 17:16:43.682,1.64363,1.64379,1.50,1.58
2011.06.07 17:16:44.240,1.64363,1.64379,1.50,1.58
2011.06.07 17:16:45.009,1.64363,1.64379,1.50,1.58
2011.06.07 17:16:45.560,1.64362,1.64379,1.13,1.58
2011.06.07 17:16:48.411,1.64362,1.64379,1.88,1.58
2011.06.07 17:16:48.632,1.64362,1.64379,1.13,3.83
2011.06.07 17:16:48.750,1.64363,1.64379,1.50,3.83
2011.06.07 17:16:50.509,1.64363,1.64379,1.50,1.58
2011.06.07 17:16:52.026,1.64362,1.64379,1.88,1.58
2011.06.07 17:16:53.352,1.64363,1.64382,1.50,1.58
2011.06.07 17:16:53.475,1.64366,1.64382,1.50,1.58
2011.06.07 17:16:53.822,1.64371,1.64386,1.50,1.50
2011.06.07 17:16:54.160,1.64368,1.64386,2.25,1.58
2011.06.07 17:16:54.708,1.64368,1.64386,1.50,3.08
2011.06.07 17:16:57.892,1.64368,1.64385,1.50,1.58
2011.06.07 17:16:58.561,1.64368,1.64386,1.50,2.33
2011.06.07 17:16:59.109,1.64368,1.64385,1.50,1.58
2011.06.07 17:17:02.169,1.64368,1.64384,1.50,1.58
2011.06.07 17:17:03.159,1.64365,1.64384,1.50,2.33
2011.06.07 17:17:03.599,1.64363,1.64381,1.50,1.58
2011.06.07 17:17:04.478,1.64363,1.64382,1.50,1.58
2011.06.07 17:17:05.599,1.64363,1.64383,1.50,6.83
2011.06.07 17:17:06.150,1.64363,1.64383,2.25,3.83
2011.06.07 17:17:06.261,1.64369,1.64383,1.50,3.00
2011.06.07 17:17:06.480,1.6437,1.64385,1.50,2.25
2011.06.07 17:17:10.650,1.64374,1.64386,1.50,1.50
2011.06.07 17:17:10.979,1.64374,1.64388,1.50,1.50
2011.06.07 17:17:11.487,1.64372,1.64388,1.50,1.50
2011.06.07 17:17:12.479,1.64373,1.64388,1.50,1.50
2011.06.07 17:17:13.249,1.64372,1.64388,1.50,1.50
2011.06.07 17:17:13.798,1.64373,1.64388,1.50,1.50
2011.06.07 17:17:14.349,1.64372,1.64388,1.50,1.50
2011.06.07 17:17:14.899,1.64374,1.64389,1.50,2.25
2011.06.07 17:17:15.338,1.64371,1.64388,1.50,1.50
2011.06.07 17:17:15.888,1.64372,1.64388,1.50,1.50
2011.06.07 17:17:16.681,1.64371,1.64388,1.50,1.50
2011.06.07 17:17:16.791,1.64371,1.64388,1.50,1.58
2011.06.07 17:17:17.011,1.64368,1.64388,2.25,1.58
2011.06.07 17:17:17.451,1.64365,1.64384,1.50,1.58
2011.06.07 17:17:17.670,1.64363,1.64383,2.25,3.08
2011.06.07 17:17:18.002,1.64363,1.6438,2.25,3.08
2011.06.07 17:17:18.121,1.64363,1.6438,1.50,3.83
2011.06.07 17:17:18.700,1.64363,1.64382,1.50,2.85
2011.06.07 17:17:19.249,1.64363,1.64381,1.50,2.33
2011.06.07 17:17:20.022,1.64363,1.64381,1.50,1.58
2011.06.07 17:17:20.472,1.64368,1.64383,1.50,3.83
2011.06.07 17:17:20.701,1.64368,1.64385,1.50,1.96
2011.06.07 17:17:23.229,1.64368,1.64386,1.50,1.43
2011.06.07 17:17:25.788,1.64368,1.64386,1.50,2.11
2011.06.07 17:17:26.230,1.64373,1.64389,1.50,2.67
2011.06.07 17:17:26.890,1.64373,1.64391,1.50,1.58
2011.06.07 17:17:27.441,1.64373,1.64392,1.50,3.08
2011.06.07 17:17:27.988,1.64373,1.64392,1.50,3.08
2011.06.07 17:17:28.538,1.64373,1.64392,1.50,3.08
2011.06.07 17:17:37.001,1.64373,1.64392,1.50,1.58
2011.06.07 17:17:37.225,1.64373,1.6439,1.50,1.58
2011.06.07 17:17:37.779,1.64373,1.64391,1.50,4.58
2011.06.07 17:17:38.329,1.64373,1.6439,1.50,1.58
2011.06.07 17:17:38.888,1.64373,1.6439,1.50,1.58
2011.06.07 17:17:40.540,1.64373,1.64391,1.50,2.33
2011.06.07 17:17:40.974,1.64373,1.64393,1.50,5.33
2011.06.07 17:17:41.640,1.64373,1.64393,1.50,3.83
2011.06.07 17:17:42.519,1.64373,1.64393,1.50,3.08
2011.06.07 17:17:43.179,1.64378,1.64393,1.50,3.08
2011.06.07 17:17:43.400,1.64378,1.64395,1.50,2.33
2011.06.07 17:17:46.889,1.64378,1.64395,1.50,1.58
2011.06.07 17:17:54.449,1.64378,1.64396,1.50,3.08
2011.06.07 17:17:54.999,1.64378,1.64395,1.50,1.58
2011.06.07 17:17:56.630,1.6438,1.64395,1.13,1.58
2011.06.07 17:17:58.502,1.64378,1.64396,1.50,2.33
2011.06.07 17:17:59.062,1.64378,1.64395,1.50,3.83
2011.06.07 17:17:59.517,1.64372,1.64393,1.13,3.46
2011.06.07 17:18:00.071,1.64372,1.6439,1.13,1.58
2011.06.07 17:18:01.501,1.64375,1.64391,1.50,2.25
2011.06.07 17:18:02.049,1.64376,1.64391,1.50,1.50
2011.06.07 17:18:02.599,1.64378,1.64393,1.50,1.58
2011.06.07 17:18:02.929,1.64378,1.64395,1.50,3.46
2011.06.07 17:18:03.499,1.64378,1.64394,1.50,1.58
2011.06.07 17:18:04.050,1.64378,1.64395,1.50,2.33
2011.06.07 17:18:04.600,1.64378,1.64395,1.50,2.33
2011.06.07 17:18:05.630,1.64378,1.64395,1.50,2.33
2011.06.07 17:18:06.400,1.64378,1.64395,1.50,2.33
2011.06.07 17:18:06.949,1.64378,1.64395,1.50,2.33
2011.06.07 17:18:07.609,1.64378,1.64395,1.50,2.33
2011.06.07 17:18:08.158,1.64378,1.64395,1.50,2.33
2011.06.07 17:18:09.541,1.64378,1.64395,1.50,2.33
2011.06.07 17:18:12.512,1.64378,1.64395,1.50,1.58
2011.06.07 17:18:14.173,1.64382,1.64396,1.13,1.58
2011.06.07 17:18:14.510,1.64382,1.64397,1.50,1.58
2011.06.07 17:18:14.951,1.64383,1.644,1.50,3.08
2011.06.07 17:18:16.929,1.64382,1.644,1.13,1.58
2011.06.07 17:18:24.629,1.64382,1.64398,1.13,1.58
2011.06.07 17:18:25.070,1.64378,1.64397,1.50,2.33
2011.06.07 17:18:25.619,1.64378,1.64396,1.50,1.58
2011.06.07 17:18:26.541,1.64378,1.64397,1.50,2.33
2011.06.07 17:18:31.239,1.64378,1.64396,1.50,1.58
2011.06.07 17:18:31.789,1.64378,1.64396,1.50,1.58
2011.06.07 17:18:34.449,1.64376,1.64394,1.50,2.33
2011.06.07 17:18:34.779,1.64376,1.64393,1.50,2.33
2011.06.07 17:18:40.880,1.64378,1.64394,1.50,1.58
2011.06.07 17:18:41.211,1.64378,1.64396,1.50,3.60
2011.06.07 17:18:43.870,1.64378,1.64396,1.50,2.10
2011.06.07 17:18:44.419,1.64378,1.64396,1.50,2.85
2011.06.07 17:18:44.904,1.64376,1.64396,1.50,2.85
2011.06.07 17:18:45.470,1.64376,1.64393,1.50,2.33
2011.06.07 17:18:46.131,1.64376,1.64393,1.50,2.33
2011.06.07 17:18:46.679,1.64376,1.64393,1.50,2.33
2011.06.07 17:18:47.013,1.64378,1.64395,1.50,1.58
2011.06.07 17:18:48.013,1.64376,1.64393,1.50,3.08
2011.06.07 17:18:48.350,1.64376,1.64393,1.50,2.33
2011.06.07 17:18:50.461,1.64378,1.64393,1.50,2.33
2011.06.07 17:18:50.572,1.64378,1.64396,1.50,3.97
2011.06.07 17:18:50.799,1.64378,1.64396,1.50,4.35
2011.06.07 17:18:52.401,1.64381,1.64396,1.50,3.60
2011.06.07 17:18:52.729,1.64382,1.64397,1.50,1.58
2011.06.07 17:18:53.828,1.64382,1.64398,1.50,1.58
2011.06.07 17:18:57.950,1.64382,1.64398,1.20,1.58
2011.06.07 17:18:58.171,1.64383,1.64398,1.50,1.58
2011.06.07 17:18:58.720,1.64383,1.644,1.50,1.58
2011.06.07 17:18:59.159,1.64383,1.644,1.50,2.33
2011.06.07 17:19:00.480,1.64382,1.644,1.58,2.25
2011.06.07 17:19:01.739,1.64383,1.644,1.50,1.58
2011.06.07 17:19:04.290,1.64383,1.64402,2.25,1.58
2011.06.07 17:19:05.089,1.64383,1.64402,2.25,1.58
2011.06.07 17:19:05.972,1.64383,1.64402,2.25,1.58
2011.06.07 17:19:06.530,1.64383,1.64402,2.25,1.58
2011.06.07 17:19:06.859,1.64382,1.64398,1.58,3.83
2011.06.07 17:19:06.971,1.64383,1.64398,1.50,1.58
2011.06.07 17:19:07.300,1.64383,1.64402,1.50,1.58
2011.06.07 17:19:08.069,1.64383,1.64402,2.25,1.58
2011.06.07 17:19:08.871,1.64383,1.64402,2.25,1.58
2011.06.07 17:19:11.619,1.64383,1.64402,1.50,1.58
2011.06.07 17:19:12.279,1.64383,1.64402,1.50,1.58
2011.06.07 17:19:12.829,1.64383,1.64402,1.50,1.58
2011.06.07 17:19:13.378,1.64383,1.64402,1.50,1.58
2011.06.07 17:19:14.040,1.64383,1.64402,1.50,1.58
2011.06.07 17:19:22.599,1.64383,1.64402,2.25,1.58
2011.06.07 17:19:30.304,1.64383,1.64396,1.50,1.13
2011.06.07 17:19:30.645,1.64377,1.64393,1.50,3.08
2011.06.07 17:19:31.439,1.64375,1.64393,1.50,3.08
2011.06.07 17:19:31.663,1.64373,1.64393,2.25,4.58
2011.06.07 17:19:34.201,1.64373,1.64393,2.25,3.08
2011.06.07 17:19:34.749,1.64374,1.64393,1.50,3.08
2011.06.07 17:19:35.192,1.64376,1.64393,2.25,3.08
2011.06.07 17:19:35.749,1.64377,1.64396,1.50,1.58
2011.06.07 17:19:42.690,1.64376,1.64396,2.25,1.58
2011.06.07 17:19:42.912,1.64376,1.64396,1.50,2.33
2011.06.07 17:19:46.140,1.64374,1.64393,1.50,3.08
2011.06.07 17:19:54.549,1.64379,1.64393,1.13,3.08
2011.06.07 17:19:54.663,1.6438,1.64393,1.50,3.08
2011.06.07 17:19:54.781,1.64378,1.64393,2.44,3.08
2011.06.07 17:19:55.004,1.64379,1.64399,1.50,1.58
2011.06.07 17:19:55.452,1.64382,1.64398,1.50,1.17
2011.06.07 17:19:55.671,1.64381,1.64399,1.50,1.92
2011.06.07 17:20:27.423,1.64378,1.64394,1.50,1.58
2011.06.07 17:20:27.545,1.64377,1.64392,1.50,1.58
2011.06.07 17:20:27.772,1.64373,1.64391,1.50,1.58
2011.06.07 17:20:27.990,1.64372,1.6439,3.00,1.58
2011.06.07 17:20:28.212,1.64372,1.6439,2.25,3.08
2011.06.07 17:20:28.770,1.64371,1.64391,1.13,1.96
2011.06.07 17:20:28.991,1.64372,1.6439,1.88,1.58
2011.06.07 17:20:29.652,1.64372,1.64392,1.13,2.33
2011.06.07 17:20:30.209,1.64373,1.64392,1.50,1.58
2011.06.07 17:20:30.874,1.64373,1.64393,1.50,3.08
2011.06.07 17:20:30.993,1.64375,1.64393,2.25,3.08
2011.06.07 17:20:31.550,1.64376,1.64394,2.25,1.58
2011.06.07 17:20:45.269,1.64377,1.64394,1.50,1.58
2011.06.07 17:20:45.819,1.64376,1.64397,1.50,1.58
2011.06.07 17:20:46.369,1.64378,1.64397,1.50,1.58
2011.06.07 17:20:51.639,1.64378,1.64397,1.50,1.58
2011.06.07 17:20:53.889,1.64374,1.64397,3.75,1.96
2011.06.07 17:20:54.001,1.64374,1.64394,1.50,2.33
2011.06.07 17:20:54.439,1.64374,1.64393,1.50,3.83
2011.06.07 17:21:00.061,1.64378,1.64395,1.50,2.33
2011.06.07 17:21:00.391,1.64374,1.64395,2.25,1.58
2011.06.07 17:21:00.844,1.64374,1.64393,1.50,3.08
2011.06.07 17:21:02.528,1.64374,1.64393,1.50,3.08
2011.06.07 17:21:03.349,1.64374,1.64393,1.50,3.08
2011.06.07 17:21:03.898,1.64374,1.64393,1.50,3.08
2011.06.07 17:21:06.430,1.64374,1.64393,1.50,3.08
2011.06.07 17:21:06.760,1.64377,1.64393,1.50,3.08
2011.06.07 17:21:12.940,1.64374,1.64394,2.25,2.33
2011.06.07 17:21:13.270,1.64374,1.64393,1.50,3.08
2011.06.07 17:21:13.379,1.64374,1.64393,2.25,2.33
2011.06.07 17:21:13.710,1.64378,1.64393,1.50,2.33
2011.06.07 17:21:14.262,1.64376,1.64393,1.50,2.33
2011.06.07 17:21:14.379,1.64376,1.64393,1.50,3.08
2011.06.07 17:21:14.599,1.64376,1.64393,1.50,2.33
2011.06.07 17:21:15.180,1.64376,1.64393,1.50,2.33
2011.06.07 17:21:15.840,1.64376,1.64393,1.50,2.33
2011.06.07 17:21:16.501,1.64376,1.64393,1.50,2.33
2011.06.07 17:21:23.160,1.64376,1.64393,1.50,2.33
2011.06.07 17:21:23.271,1.64378,1.64393,1.50,2.33
2011.06.07 17:21:23.381,1.64378,1.64397,1.50,1.58
2011.06.07 17:21:23.599,1.64378,1.64396,1.50,1.58
2011.06.07 17:21:27.900,1.64376,1.64394,2.25,1.58
2011.06.07 17:21:28.011,1.64376,1.64394,1.50,3.08
2011.06.07 17:21:28.449,1.64376,1.64393,1.50,3.08
2011.06.07 17:21:48.091,1.64376,1.64393,1.50,2.33
2011.06.07 17:21:49.449,1.64376,1.64393,1.50,2.33
2011.06.07 17:21:50.112,1.64376,1.64393,1.50,2.33
2011.06.07 17:21:50.670,1.64376,1.64393,1.50,2.33
2011.06.07 17:21:51.219,1.64376,1.64393,1.50,2.33
2011.06.07 17:21:51.769,1.64376,1.64393,1.50,2.33
2011.06.07 17:21:57.201,1.64376,1.64393,1.50,2.33
2011.06.07 17:21:59.519,1.64376,1.64393,1.50,2.33
2011.06.07 17:22:02.282,1.64376,1.64393,1.50,3.08
2011.06.07 17:22:02.839,1.64376,1.64393,1.50,2.33
2011.06.07 17:22:03.939,1.64376,1.64393,1.50,2.33
2011.06.07 17:22:04.600,1.64374,1.64393,1.50,4.92
2011.06.07 17:22:04.820,1.64374,1.64391,1.50,1.58
2011.06.07 17:22:05.042,1.64374,1.64391,1.50,1.58
2011.06.07 17:22:05.272,1.64373,1.64391,1.50,2.33
2011.06.07 17:22:05.379,1.64372,1.64391,1.88,3.08
2011.06.07 17:22:05.930,1.64372,1.64391,1.88,1.96
2011.06.07 17:22:06.607,1.64372,1.64391,1.88,1.96
2011.06.07 17:22:07.158,1.64372,1.64391,1.88,1.96
2011.06.07 17:22:07.712,1.64373,1.64392,1.50,5.96
2011.06.07 17:22:08.159,1.64373,1.64393,1.50,4.58
2011.06.07 17:22:14.649,1.64373,1.6439,1.50,1.58
2011.06.07 17:22:15.200,1.64373,1.64391,1.50,1.58
2011.06.07 17:22:20.359,1.64373,1.64391,1.50,1.58
2011.06.07 17:22:21.569,1.64373,1.64391,1.50,1.58
2011.06.07 17:22:22.119,1.64373,1.6439,1.50,1.58
2011.06.07 17:22:22.669,1.64373,1.64391,1.50,1.58
2011.06.07 17:22:23.312,1.64373,1.64387,1.50,1.96
2011.06.07 17:22:23.544,1.64369,1.64384,1.50,1.58
2011.06.07 17:22:24.100,1.64366,1.64383,1.50,1.58
2011.06.07 17:22:25.089,1.64365,1.64385,2.25,1.96
2011.06.07 17:22:25.640,1.64368,1.64385,1.50,1.21
2011.06.07 17:22:28.566,1.64372,1.64389,1.88,2.33
2011.06.07 17:22:28.806,1.64378,1.64393,1.50,3.60
2011.06.07 17:22:29.031,1.64375,1.64392,1.50,1.58
2011.06.07 17:22:29.580,1.64376,1.64393,1.50,2.10
2011.06.07 17:22:31.561,1.64374,1.64393,1.50,2.10
2011.06.07 17:22:31.780,1.64376,1.64395,1.50,1.96
2011.06.07 17:22:32.383,1.64375,1.64395,1.50,1.96
2011.06.07 17:22:32.512,1.6437,1.64385,2.25,1.13
2011.06.07 17:22:32.747,1.64368,1.64385,2.25,1.96
2011.06.07 17:22:33.304,1.64368,1.64385,1.50,1.21
2011.06.07 17:22:33.640,1.64371,1.64388,1.50,2.10
2011.06.07 17:22:34.191,1.64372,1.64391,1.50,2.33
2011.06.07 17:22:35.733,1.64373,1.64393,1.50,3.08
2011.06.07 17:22:35.851,1.64376,1.64393,1.50,3.08
2011.06.07 17:22:36.180,1.64374,1.64393,1.50,3.08
2011.06.07 17:22:36.989,1.64372,1.64392,1.88,1.58
2011.06.07 17:22:40.411,1.6437,1.64391,1.50,3.60
2011.06.07 17:22:40.958,1.64368,1.64388,1.50,3.08
2011.06.07 17:22:41.729,1.64368,1.64387,1.50,1.58
2011.06.07 17:22:42.280,1.64368,1.64384,1.50,3.08
2011.06.07 17:22:49.453,1.64373,1.6439,1.50,2.33
2011.06.07 17:22:49.900,1.64372,1.6439,1.50,1.58
2011.06.07 17:22:50.456,1.64377,1.64393,1.50,2.33
2011.06.07 17:22:51.011,1.64373,1.64393,3.00,1.58
2011.06.07 17:22:51.230,1.64377,1.64394,1.50,3.83
2011.06.07 17:22:55.851,1.64375,1.64392,1.50,1.58
2011.06.07 17:22:56.320,1.64372,1.64391,2.63,1.58
2011.06.07 17:22:56.871,1.64373,1.64392,1.50,1.58
2011.06.07 17:22:57.590,1.64373,1.64392,1.50,1.58
2011.06.07 17:22:58.139,1.64373,1.64391,1.50,1.58
2011.06.07 17:22:58.910,1.64373,1.64392,1.50,1.58
2011.06.07 17:23:00.010,1.64373,1.64393,2.25,3.83
2011.06.07 17:23:00.231,1.64375,1.64393,1.50,1.58
2011.06.07 17:23:00.341,1.64378,1.64395,1.50,1.58
2011.06.07 17:23:00.889,1.64377,1.64395,1.50,1.58
2011.06.07 17:23:01.879,1.64376,1.64395,1.50,1.58
2011.06.07 17:23:05.191,1.64375,1.64395,1.50,1.58
2011.06.07 17:23:05.411,1.64372,1.64393,3.00,3.08
2011.06.07 17:23:05.630,1.64373,1.64393,1.50,3.08
2011.06.07 17:23:07.390,1.64373,1.64393,1.50,3.08
2011.06.07 17:23:07.941,1.64373,1.64393,1.50,3.08
2011.06.07 17:23:09.700,1.64373,1.64393,1.50,3.08
2011.06.07 17:23:10.249,1.64373,1.64393,1.50,3.08
2011.06.07 17:23:13.421,1.64372,1.64388,3.00,3.08
2011.06.07 17:23:13.969,1.64372,1.64388,2.25,3.08
2011.06.07 17:23:24.949,1.64372,1.64388,3.75,3.08
2011.06.07 17:23:25.499,1.64372,1.64388,2.25,3.08
2011.06.07 17:23:27.591,1.64373,1.64388,1.50,3.08
2011.06.07 17:23:27.812,1.64376,1.64393,1.50,2.10
2011.06.07 17:23:27.920,1.64378,1.64397,1.50,2.33
2011.06.07 17:23:28.249,1.64378,1.64398,1.50,1.58
2011.06.07 17:23:29.460,1.64378,1.64398,2.25,1.58
2011.06.07 17:23:30.010,1.64378,1.64398,2.25,1.58
2011.06.07 17:23:30.560,1.64378,1.64399,2.25,2.33
2011.06.07 17:23:31.330,1.64378,1.64397,2.25,1.58
2011.06.07 17:23:31.440,1.64378,1.64394,1.50,1.58
2011.06.07 17:23:31.552,1.64376,1.64394,1.50,1.58
2011.06.07 17:23:34.391,1.64376,1.64394,2.25,1.58
2011.06.07 17:23:34.502,1.64378,1.64395,1.50,2.85
2011.06.07 17:23:35.060,1.64378,1.64395,2.25,1.58
2011.06.07 17:23:38.059,1.64378,1.64398,2.25,2.33
2011.06.07 17:23:38.390,1.64378,1.64398,2.25,2.33
2011.06.07 17:23:40.261,1.64383,1.64398,1.50,2.33
2011.06.07 17:23:40.809,1.64383,1.644,1.50,2.33
2011.06.07 17:23:40.921,1.64383,1.644,1.50,2.25
2011.06.07 17:23:41.250,1.64382,1.644,1.50,1.58
2011.06.07 17:23:41.799,1.64381,1.644,2.25,1.58
2011.06.07 17:23:42.461,1.64382,1.64402,2.25,1.58
2011.06.07 17:23:42.572,1.64383,1.64402,1.50,1.58
2011.06.07 17:23:42.998,1.64387,1.64404,1.50,1.58
2011.06.07 17:23:43.113,1.64386,1.64404,1.50,1.58
2011.06.07 17:23:43.670,1.64385,1.64403,1.50,3.08
2011.06.07 17:23:44.439,1.64384,1.64403,1.50,3.83
2011.06.07 17:23:44.989,1.64383,1.64403,2.25,3.83
2011.06.07 17:23:45.653,1.64383,1.64403,3.00,3.83
2011.06.07 17:23:48.944,1.64386,1.64403,1.50,3.83
2011.06.07 17:23:49.060,1.64388,1.64403,1.50,3.08
2011.06.07 17:23:49.501,1.64384,1.64403,1.50,1.58
2011.06.07 17:23:50.051,1.64386,1.64403,1.50,3.08
2011.06.07 17:23:50.599,1.64386,1.64403,1.50,3.08
2011.06.07 17:23:52.912,1.64383,1.64403,3.00,3.08
2011.06.07 17:23:53.690,1.64383,1.64403,3.00,3.08
2011.06.07 17:23:58.870,1.64383,1.64403,2.25,3.83
2011.06.07 17:24:00.654,1.64383,1.64397,2.25,1.06
2011.06.07 17:24:00.990,1.64378,1.64395,2.25,1.50
2011.06.07 17:24:03.161,1.64377,1.64391,1.50,1.58
2011.06.07 17:24:03.384,1.64372,1.64388,1.13,5.33
2011.06.07 17:24:03.722,1.64372,1.64386,1.13,1.50
2011.06.07 17:24:03.953,1.64371,1.64388,1.09,2.10
2011.06.07 17:24:05.721,1.64369,1.64388,3.00,2.02
2011.06.07 17:24:06.160,1.64372,1.64388,1.88,2.02
2011.06.07 17:24:08.580,1.64373,1.64388,1.50,2.02
2011.06.07 17:24:09.262,1.64374,1.64391,1.50,2.63
2011.06.07 17:24:09.716,1.64376,1.64392,2.25,2.02
2011.06.07 17:24:10.270,1.64378,1.64393,1.50,1.50
2011.06.07 17:24:11.262,1.64376,1.64393,3.00,1.58
2011.06.07 17:24:12.150,1.64376,1.64393,1.50,1.58
2011.06.07 17:24:12.710,1.64376,1.64393,2.25,1.58
2011.06.07 17:24:13.701,1.64378,1.64393,1.50,1.58
2011.06.07 17:24:14.031,1.6438,1.64393,1.50,3.75
2011.06.07 17:24:14.250,1.64379,1.64394,1.50,1.50
2011.06.07 17:24:15.003,1.64378,1.64395,2.25,1.50
2011.06.07 17:24:15.234,1.64378,1.64395,1.50,1.58
2011.06.07 17:24:15.570,1.64376,1.64393,1.50,1.58
2011.06.07 17:24:15.901,1.64375,1.64393,1.50,4.58
2011.06.07 17:24:16.121,1.6437,1.64388,3.38,3.83
2011.06.07 17:24:16.232,1.64375,1.64388,1.50,3.00
2011.06.07 17:24:16.352,1.64374,1.6439,1.50,2.02
2011.06.07 17:24:16.570,1.64376,1.6439,1.50,1.27
2011.06.07 17:24:20.049,1.64374,1.64392,2.25,2.33
2011.06.07 17:24:20.600,1.64375,1.64392,2.25,1.58
2011.06.07 17:24:21.150,1.64374,1.64392,1.50,1.58
2011.06.07 17:24:21.874,1.64372,1.64389,2.63,1.50
2011.06.07 17:24:22.430,1.64372,1.64389,1.88,1.50
2011.06.07 17:24:23.202,1.64372,1.64389,1.88,2.33
2011.06.07 17:24:25.550,1.64372,1.64389,1.13,2.33
2011.06.07 17:24:25.666,1.6437,1.64385,1.50,1.58
2011.06.07 17:24:25.890,1.64367,1.64385,1.50,1.96
2011.06.07 17:24:26.440,1.64365,1.64385,1.50,2.33
2011.06.07 17:24:26.991,1.64366,1.64383,1.50,1.58
2011.06.07 17:24:27.539,1.64365,1.64383,1.50,1.58
2011.06.07 17:24:28.310,1.64364,1.64383,1.50,1.92
2011.06.07 17:24:29.141,1.64363,1.6438,1.50,3.83
2011.06.07 17:24:29.363,1.64362,1.64379,1.50,1.58
2011.06.07 17:24:29.920,1.64359,1.64379,1.50,1.58
2011.06.07 17:24:30.801,1.6436,1.6438,1.50,5.71
2011.06.07 17:24:33.109,1.64359,1.64379,1.84,5.10
2011.06.07 17:24:33.658,1.64359,1.64379,1.09,5.10
2011.06.07 17:24:34.759,1.64359,1.64378,1.09,1.58
2011.06.07 17:24:37.288,1.64359,1.64378,1.09,3.83
2011.06.07 17:24:38.938,1.6436,1.64378,1.50,3.83
2011.06.07 17:24:39.783,1.6436,1.64378,1.50,1.58
2011.06.07 17:24:40.340,1.64361,1.64379,1.50,2.10
2011.06.07 17:24:40.890,1.64362,1.64379,1.50,2.85
2011.06.07 17:24:42.210,1.64362,1.64377,1.50,1.58
2011.06.07 17:24:44.959,1.64359,1.64374,1.50,1.50
2011.06.07 17:24:46.501,1.64363,1.64379,1.50,2.85
2011.06.07 17:24:46.829,1.64363,1.64379,1.50,2.10
2011.06.07 17:24:47.932,1.64363,1.6438,1.50,1.58
2011.06.07 17:24:48.371,1.64365,1.64383,1.50,5.10
2011.06.07 17:24:48.481,1.64368,1.64383,1.50,5.10
2011.06.07 17:24:49.031,1.64373,1.64387,1.50,2.10
2011.06.07 17:24:49.580,1.64373,1.64389,1.50,1.58
2011.06.07 17:24:50.130,1.64373,1.64388,1.50,1.21
2011.06.07 17:24:50.704,1.64373,1.64387,1.50,1.58
2011.06.07 17:24:51.480,1.64378,1.64388,1.50,1.88
2011.06.07 17:24:51.812,1.64373,1.64388,1.50,2.71
2011.06.07 17:24:52.358,1.64373,1.64388,1.50,2.33
2011.06.07 17:24:55.010,1.64373,1.64388,1.50,3.60
2011.06.07 17:24:55.229,1.64373,1.64388,1.50,3.60
2011.06.07 17:24:57.539,1.64373,1.64388,1.50,4.35
2011.06.07 17:25:00.692,1.64373,1.64387,1.50,1.36
2011.06.07 17:25:00.922,1.64367,1.64386,3.00,1.96
2011.06.07 17:25:01.141,1.64364,1.6438,3.00,1.58
2011.06.07 17:25:01.469,1.64363,1.64379,1.50,1.58
2011.06.07 17:25:01.689,1.64363,1.6438,1.50,1.58
2011.06.07 17:25:06.704,1.64363,1.64381,2.25,1.58
2011.06.07 17:25:06.935,1.64371,1.64384,1.50,2.33
2011.06.07 17:25:07.162,1.64377,1.6439,1.50,3.75
2011.06.07 17:25:07.711,1.64373,1.6439,1.50,2.33
2011.06.07 17:25:11.011,1.64378,1.6439,1.50,1.50
2011.06.07 17:25:11.581,1.64378,1.6439,1.50,1.50
2011.06.07 17:25:11.909,1.64378,1.6439,1.50,1.50
2011.06.07 17:25:14.001,1.64373,1.64387,1.50,1.21
2011.06.07 17:25:14.219,1.64373,1.64385,1.50,1.13
2011.06.07 17:25:14.991,1.64368,1.64385,2.25,1.21
2011.06.07 17:25:15.657,1.64365,1.64384,2.25,2.33
2011.06.07 17:25:15.777,1.64363,1.64383,2.25,3.83
2011.06.07 17:25:16.440,1.64363,1.64383,2.25,3.83
2011.06.07 17:25:16.989,1.64363,1.64382,1.50,2.33
2011.06.07 17:25:17.211,1.64363,1.64382,1.50,1.58
2011.06.07 17:25:17.763,1.64367,1.64382,1.50,2.33
2011.06.07 17:25:18.319,1.64368,1.64382,1.50,1.58
2011.06.07 17:25:19.639,1.64368,1.64382,1.50,1.58
2011.06.07 17:25:22.169,1.64372,1.64383,1.50,1.50
2011.06.07 17:25:25.050,1.64373,1.64382,1.50,1.50
2011.06.07 17:25:26.260,1.64371,1.64384,1.50,2.25
2011.06.07 17:25:31.451,1.64372,1.64387,1.50,3.08
2011.06.07 17:25:31.564,1.64373,1.64387,1.50,1.58
2011.06.07 17:25:32.121,1.64373,1.6439,1.50,1.58
2011.06.07 17:25:33.440,1.64373,1.6439,1.50,1.58
2011.06.07 17:25:34.100,1.64373,1.6439,1.50,1.58
2011.06.07 17:25:35.450,1.64373,1.6439,1.50,1.58
2011.06.07 17:25:35.892,1.64373,1.64389,1.50,1.58
2011.06.07 17:25:36.495,1.64373,1.64389,1.50,2.33
2011.06.07 17:25:36.832,1.64373,1.64389,1.50,1.58
2011.06.07 17:25:37.710,1.64373,1.64389,1.50,1.58
2011.06.07 17:25:38.150,1.64373,1.64389,1.50,1.58
2011.06.07 17:25:38.703,1.64373,1.64391,1.50,2.33
2011.06.07 17:25:39.261,1.64373,1.64391,1.50,1.58
2011.06.07 17:25:41.350,1.64373,1.64391,1.50,1.58
2011.06.07 17:25:41.461,1.64378,1.64391,1.50,1.50
2011.06.07 17:25:41.792,1.64378,1.64395,1.50,2.33
2011.06.07 17:25:42.349,1.64378,1.64395,1.50,1.58
2011.06.07 17:25:53.871,1.64378,1.64395,1.50,1.58
2011.06.07 17:25:54.419,1.64378,1.64396,1.50,2.93
2011.06.07 17:25:55.850,1.64378,1.64395,1.50,1.58
2011.06.07 17:26:04.408,1.64378,1.64395,1.50,1.58
2011.06.07 17:26:12.854,1.64382,1.64396,1.50,2.25
2011.06.07 17:26:13.197,1.64388,1.64401,1.84,1.58
2011.06.07 17:26:13.314,1.64391,1.64404,1.50,2.77
2011.06.07 17:26:13.802,1.64391,1.64407,2.25,1.58
2011.06.07 17:26:14.390,1.64392,1.64407,1.50,1.58
2011.06.07 17:26:15.160,1.64391,1.64407,3.00,1.58
2011.06.07 17:26:15.711,1.64392,1.64407,1.50,1.58
2011.06.07 17:26:19.125,1.64394,1.64411,1.88,3.42
2011.06.07 17:26:19.247,1.64401,1.64413,1.50,2.25
2011.06.07 17:26:19.365,1.64402,1.64416,1.13,2.25
2011.06.07 17:26:19.801,1.64402,1.6442,1.88,1.58
2011.06.07 17:26:20.353,1.64402,1.6442,1.88,2.33
2011.06.07 17:26:21.131,1.64402,1.64419,1.88,1.58
2011.06.07 17:26:22.231,1.64404,1.64419,1.50,1.50
2011.06.07 17:26:22.451,1.64403,1.6442,1.50,1.58
2011.06.07 17:26:22.999,1.64403,1.64419,1.50,1.58
2011.06.07 17:26:27.829,1.64402,1.64419,1.88,1.58
2011.06.07 17:26:28.491,1.64402,1.64419,1.13,1.58
2011.06.07 17:26:29.041,1.644,1.64415,1.50,1.13
2011.06.07 17:26:29.589,1.64398,1.64415,1.50,1.13
2011.06.07 17:26:30.139,1.64399,1.64415,1.50,1.13
2011.06.07 17:26:30.802,1.644,1.64415,1.50,1.13
2011.06.07 17:26:31.351,1.64399,1.64415,1.50,1.13
2011.06.07 17:26:34.300,1.644,1.64419,1.50,1.58
2011.06.07 17:26:37.599,1.64399,1.64418,1.50,1.58
2011.06.07 17:26:41.469,1.644,1.64417,1.50,1.58
2011.06.07 17:26:42.130,1.64398,1.64417,2.25,1.58
2011.06.07 17:26:42.350,1.644,1.64417,1.50,1.58
2011.06.07 17:26:43.230,1.64399,1.64417,1.50,1.58
2011.06.07 17:26:44.662,1.64397,1.64415,1.50,2.25
2011.06.07 17:26:45.220,1.64396,1.64415,3.00,3.00
2011.06.07 17:26:45.773,1.64395,1.64414,2.25,1.96
2011.06.07 17:26:46.496,1.64394,1.64411,1.50,1.58
2011.06.07 17:26:49.642,1.64395,1.64413,1.50,3.60
2011.06.07 17:26:52.179,1.64396,1.64413,1.50,2.33
2011.06.07 17:26:56.171,1.64397,1.64413,1.50,2.33
2011.06.07 17:26:56.942,1.64396,1.64413,1.50,2.33
2011.06.07 17:26:57.490,1.64395,1.64413,1.50,3.60
2011.06.07 17:26:59.710,1.64392,1.64413,1.88,3.60
2011.06.07 17:26:59.931,1.64392,1.64411,1.50,1.58
2011.06.07 17:27:00.479,1.64392,1.64411,3.00,2.33
2011.06.07 17:27:01.030,1.64392,1.64411,2.25,2.33
2011.06.07 17:27:01.581,1.64392,1.64411,3.00,2.33
2011.06.07 17:27:02.627,1.64392,1.64411,2.25,2.33
2011.06.07 17:27:03.180,1.64392,1.64411,3.75,1.58
2011.06.07 17:27:03.731,1.64392,1.64411,2.25,3.83
2011.06.07 17:27:04.831,1.64392,1.64411,1.88,3.83
2011.06.07 17:27:05.270,1.64393,1.64411,1.50,2.33
2011.06.07 17:27:05.820,1.64394,1.64411,1.50,2.33
2011.06.07 17:27:06.369,1.64393,1.64411,1.50,2.33
2011.06.07 17:27:06.920,1.64394,1.64411,1.50,1.58
2011.06.07 17:27:07.469,1.64393,1.64413,1.50,2.33
2011.06.07 17:27:08.466,1.64392,1.64407,1.50,1.81
2011.06.07 17:27:08.693,1.64389,1.64405,1.50,1.58
2011.06.07 17:27:08.815,1.64387,1.64402,3.00,1.58
2011.06.07 17:27:09.168,1.64382,1.64399,1.50,1.58
2011.06.07 17:27:09.720,1.64381,1.64399,1.50,1.58
2011.06.07 17:27:12.140,1.64381,1.64396,1.50,1.21
2011.06.07 17:27:12.583,1.64378,1.64395,1.50,1.13
2011.06.07 17:27:12.921,1.64377,1.64395,1.50,1.13
2011.06.07 17:27:13.478,1.64378,1.64395,1.50,1.50
2011.06.07 17:27:13.922,1.64376,1.64392,2.25,1.58
2011.06.07 17:27:14.253,1.64374,1.64392,1.50,2.33
2011.06.07 17:27:14.811,1.64372,1.64392,1.50,2.33
2011.06.07 17:27:16.241,1.64371,1.64392,1.50,5.85
2011.06.07 17:27:16.901,1.64374,1.64392,1.50,5.77
2011.06.07 17:27:17.012,1.64375,1.64392,1.50,3.52
2011.06.07 17:27:17.233,1.64376,1.64392,1.50,2.33
2011.06.07 17:27:17.791,1.64372,1.64391,1.50,2.10
2011.06.07 17:27:18.812,1.64374,1.64392,1.50,1.58
2011.06.07 17:27:18.926,1.64376,1.64392,1.50,1.58
2011.06.07 17:27:19.263,1.64377,1.64394,2.25,1.58
2011.06.07 17:27:19.602,1.64379,1.64396,2.25,1.58
2011.06.07 17:27:19.713,1.64381,1.64397,1.50,1.21
2011.06.07 17:27:19.833,1.64382,1.64399,1.50,1.58
2011.06.07 17:27:19.954,1.64384,1.644,1.50,2.33
2011.06.07 17:27:20.512,1.64382,1.64401,2.25,2.33
2011.06.07 17:27:20.850,1.64382,1.64399,1.50,1.58
2011.06.07 17:27:21.399,1.6438,1.64399,1.50,1.58
2011.06.07 17:27:25.110,1.6438,1.644,1.50,1.21
2011.06.07 17:27:25.770,1.6438,1.644,1.50,1.21
2011.06.07 17:27:26.649,1.64379,1.64395,2.25,1.58
2011.06.07 17:27:28.520,1.64378,1.64395,1.50,1.58
2011.06.07 17:27:29.635,1.6438,1.64398,1.50,1.58
2011.06.07 17:27:34.220,1.64379,1.64395,2.25,1.21
2011.06.07 17:27:39.721,1.64378,1.64395,1.84,1.58
2011.06.07 17:27:40.270,1.6438,1.64399,2.25,1.58
2011.06.07 17:27:42.029,1.6438,1.64399,1.50,1.58
2011.06.07 17:27:42.579,1.6438,1.64399,1.50,1.58
2011.06.07 17:27:43.349,1.6438,1.64399,1.50,1.58
2011.06.07 17:27:46.990,1.6438,1.64399,1.50,1.58
2011.06.07 17:27:47.540,1.6438,1.64399,1.50,1.58
2011.06.07 17:27:47.873,1.64382,1.644,2.25,1.21
2011.06.07 17:27:47.992,1.64384,1.644,2.25,1.21
2011.06.07 17:27:48.441,1.64383,1.64402,1.50,1.58
2011.06.07 17:27:48.661,1.64381,1.644,1.50,1.21
2011.06.07 17:27:49.209,1.6438,1.644,2.25,1.21
2011.06.07 17:27:53.079,1.6438,1.644,2.25,1.21
2011.06.07 17:27:53.629,1.6438,1.644,2.25,1.21
2011.06.07 17:27:54.179,1.6438,1.644,2.25,1.21
2011.06.07 17:27:54.729,1.6438,1.644,2.25,1.21
2011.06.07 17:27:55.609,1.6438,1.644,2.25,1.21
2011.06.07 17:27:56.159,1.6438,1.644,2.25,1.21
2011.06.07 17:27:56.711,1.6438,1.64397,2.25,1.21
2011.06.07 17:27:57.259,1.6438,1.64397,2.25,1.58
2011.06.07 17:27:58.142,1.6438,1.64396,2.25,1.73
2011.06.07 17:27:58.471,1.64377,1.64395,2.25,1.58
2011.06.07 17:28:00.543,1.64378,1.64395,1.50,1.58
2011.06.07 17:28:01.102,1.64377,1.64395,4.50,1.58
2011.06.07 17:28:02.421,1.64378,1.64395,1.50,1.58
2011.06.07 17:28:02.955,1.64377,1.64395,3.75,1.58
2011.06.07 17:28:03.949,1.64378,1.64395,1.50,1.58
2011.06.07 17:28:04.500,1.64379,1.64395,1.50,1.21
2011.06.07 17:28:05.710,1.64378,1.64395,1.50,1.21
2011.06.07 17:28:06.259,1.64379,1.64395,1.50,1.21
2011.06.07 17:28:08.459,1.64378,1.64395,1.50,1.58
2011.06.07 17:28:11.590,1.64378,1.64395,1.50,1.21
2011.06.07 17:28:12.140,1.6438,1.64395,1.50,1.21
2011.06.07 17:28:12.471,1.64384,1.64399,1.50,1.58
2011.06.07 17:28:12.911,1.64382,1.64403,1.50,1.58
2011.06.07 17:28:13.130,1.64382,1.644,1.50,1.21
2011.06.07 17:28:13.960,1.64382,1.644,1.50,1.21
2011.06.07 17:28:14.510,1.64382,1.644,1.50,1.21
2011.06.07 17:28:16.861,1.6438,1.644,2.25,1.21
2011.06.07 17:28:17.629,1.6438,1.644,2.25,1.96
2011.06.07 17:28:18.179,1.6438,1.64399,1.50,1.58
2011.06.07 17:28:18.729,1.6438,1.64399,1.50,1.58
2011.06.07 17:28:24.681,1.6438,1.64388,1.50,2.25
2011.06.07 17:28:25.122,1.6438,1.64394,1.50,1.58
2011.06.07 17:28:25.233,1.64375,1.64393,3.75,1.58
2011.06.07 17:28:25.790,1.64374,1.64391,1.50,1.58
2011.06.07 17:28:27.222,1.6437,1.6439,3.75,1.58
2011.06.07 17:28:27.880,1.6437,1.64389,1.50,2.71
2011.06.07 17:28:28.430,1.6437,1.64389,1.50,2.71
2011.06.07 17:28:31.180,1.64367,1.64388,4.50,1.58
2011.06.07 17:28:31.402,1.64367,1.64385,2.25,1.21
2011.06.07 17:28:31.731,1.6437,1.64386,1.50,1.21
2011.06.07 17:28:32.060,1.6437,1.64386,1.50,1.58
2011.06.07 17:28:34.480,1.6437,1.64386,1.50,1.58
2011.06.07 17:28:34.923,1.64375,1.64386,1.50,1.50
2011.06.07 17:28:35.154,1.64376,1.64394,2.25,3.08
2011.06.07 17:28:35.820,1.64375,1.64394,3.00,2.33
2011.06.07 17:28:36.372,1.64375,1.64394,3.00,2.33
2011.06.07 17:28:37.140,1.64376,1.64394,1.50,2.33
2011.06.07 17:28:38.910,1.64376,1.64394,1.50,2.33
2011.06.07 17:28:39.693,1.64376,1.64394,1.50,2.33
2011.06.07 17:28:40.470,1.64376,1.64394,1.50,2.33
2011.06.07 17:28:41.020,1.64376,1.64394,1.50,2.33
2011.06.07 17:28:43.443,1.64376,1.64394,1.50,2.33
2011.06.07 17:28:44.331,1.64377,1.64395,1.50,1.21
2011.06.07 17:28:44.881,1.64377,1.64395,1.50,1.21
2011.06.07 17:28:45.751,1.64377,1.64396,1.50,1.21
2011.06.07 17:28:48.450,1.64377,1.64396,1.50,1.21
2011.06.07 17:28:52.093,1.64375,1.64395,2.25,3.22
2011.06.07 17:28:52.433,1.64375,1.64392,1.50,1.58
2011.06.07 17:28:53.033,1.64375,1.64392,1.50,2.33
2011.06.07 17:28:53.580,1.64375,1.64392,1.50,2.33
2011.06.07 17:28:54.570,1.64375,1.64394,1.50,3.08
2011.06.07 17:28:55.121,1.64376,1.64395,1.50,3.60
2011.06.07 17:28:55.671,1.64376,1.64395,1.50,1.58
2011.06.07 17:28:56.441,1.64376,1.64397,1.50,1.58
2011.06.07 17:29:05.891,1.64377,1.64397,1.50,2.33
2011.06.07 17:29:06.442,1.64377,1.64397,1.50,1.21
2011.06.07 17:29:07.101,1.64377,1.64397,1.50,1.21
2011.06.07 17:29:07.761,1.64376,1.64396,1.50,1.96
2011.06.07 17:29:08.430,1.64376,1.64395,1.50,1.21
2011.06.07 17:29:09.202,1.64376,1.64396,1.50,2.47
2011.06.07 17:29:09.536,1.6438,1.64396,1.63,2.10
2011.06.07 17:29:09.982,1.64383,1.64398,1.63,1.50
2011.06.07 17:29:10.202,1.64384,1.64399,2.25,3.00
2011.06.07 17:29:10.422,1.64387,1.644,1.50,1.27
2011.06.07 17:29:10.531,1.64385,1.64401,2.25,1.35
2011.06.07 17:29:10.860,1.64389,1.64401,1.50,1.27
2011.06.07 17:29:10.972,1.64389,1.64403,2.25,1.50
2011.06.07 17:29:11.192,1.64388,1.64404,1.50,1.58
2011.06.07 17:29:11.740,1.6439,1.64406,1.50,1.58
2011.06.07 17:29:12.511,1.6439,1.64406,1.50,2.33
2011.06.07 17:29:13.060,1.6439,1.64407,1.50,2.33
2011.06.07 17:29:14.240,1.6439,1.64406,1.50,1.58
2011.06.07 17:29:19.150,1.6439,1.64407,1.50,2.33
2011.06.07 17:29:19.699,1.6439,1.64406,1.50,1.58
2011.06.07 17:29:22.103,1.6439,1.64409,3.00,2.33
2011.06.07 17:29:22.223,1.64393,1.64409,1.50,1.58
2011.06.07 17:29:22.455,1.64394,1.64412,1.50,1.58
2011.06.07 17:29:23.120,1.64393,1.64412,2.25,1.58
2011.06.07 17:29:24.222,1.64392,1.64409,1.13,1.58
2011.06.07 17:29:24.661,1.6439,1.64409,1.50,1.58
2011.06.07 17:29:25.210,1.6439,1.64408,1.50,1.58
2011.06.07 17:29:25.760,1.6439,1.64408,1.50,1.58
2011.06.07 17:29:33.722,1.64388,1.64407,1.50,2.96
2011.06.07 17:29:33.940,1.64387,1.64405,2.25,1.21
2011.06.07 17:29:34.489,1.64387,1.64405,2.25,1.21
2011.06.07 17:29:34.820,1.64387,1.64406,2.25,1.21
2011.06.07 17:29:36.582,1.64387,1.64405,1.50,1.96
2011.06.07 17:29:37.181,1.64384,1.64401,1.58,2.10
2011.06.07 17:29:37.733,1.64385,1.64403,1.50,1.58
2011.06.07 17:29:45.000,1.64385,1.64403,1.50,1.58
2011.06.07 17:29:48.081,1.64385,1.64403,2.25,1.58
2011.06.07 17:29:48.302,1.64385,1.64403,2.25,3.83
2011.06.07 17:29:49.625,1.64385,1.64403,1.50,4.21
2011.06.07 17:29:49.742,1.64384,1.64401,1.58,3.22
2011.06.07 17:29:49.961,1.64382,1.64401,3.08,3.22
2011.06.07 17:29:50.590,1.64382,1.64401,2.33,3.22
2011.06.07 17:29:51.141,1.64382,1.64401,1.58,6.22
2011.06.07 17:29:51.690,1.64382,1.64401,1.58,4.96
2011.06.07 17:29:52.691,1.64383,1.64401,1.58,4.96
2011.06.07 17:29:53.239,1.64383,1.64401,1.58,4.96
2011.06.07 17:29:53.789,1.64382,1.64401,1.58,4.96
2011.06.07 17:29:54.339,1.64382,1.64401,1.58,4.96
2011.06.07 17:29:56.380,1.64382,1.64401,1.58,4.96
2011.06.07 17:29:57.261,1.64384,1.64404,3.08,2.33
2011.06.07 17:29:58.702,1.64387,1.64405,1.50,2.47
2011.06.07 17:29:59.250,1.64388,1.64406,1.50,1.58
2011.06.07 17:29:59.800,1.64388,1.64406,2.25,1.58
2011.06.07 17:30:00.526,1.64388,1.64406,2.25,1.58
2011.06.07 17:30:01.080,1.64388,1.64406,2.25,1.58
2011.06.07 17:30:03.651,1.64388,1.64407,3.00,1.58
2011.06.07 17:30:04.530,1.6439,1.64407,1.50,1.58
2011.06.07 17:30:05.080,1.64388,1.64408,3.00,2.85
2011.06.07 17:30:07.173,1.6439,1.64409,1.50,1.58
2011.06.07 17:30:07.513,1.64393,1.6441,1.50,1.96
2011.06.07 17:30:08.072,1.64393,1.6441,1.50,1.58
2011.06.07 17:30:08.634,1.64393,1.6441,1.50,1.58
2011.06.07 17:30:09.083,1.64393,1.64411,2.25,3.83
2011.06.07 17:30:09.631,1.64393,1.64411,1.50,3.83
2011.06.07 17:30:10.301,1.64393,1.64411,2.25,3.83
2011.06.07 17:30:10.851,1.64393,1.64411,1.50,3.83
2011.06.07 17:30:11.400,1.64393,1.64411,1.50,3.83
2011.06.07 17:30:12.831,1.64394,1.64411,3.00,3.83
2011.06.07 17:30:19.619,1.64395,1.64412,1.50,1.58
2011.06.07 17:30:20.170,1.64395,1.64411,1.50,1.58
2011.06.07 17:30:20.721,1.64395,1.64412,1.50,1.58
2011.06.07 17:30:25.157,1.64394,1.64412,1.50,2.33
2011.06.07 17:30:25.711,1.64392,1.64411,1.21,3.46
2011.06.07 17:30:26.370,1.6439,1.6441,1.58,1.96
2011.06.07 17:30:27.362,1.6439,1.64408,1.58,1.36
2011.06.07 17:30:27.474,1.64389,1.64405,1.58,1.21
2011.06.07 17:30:28.912,1.6439,1.64408,1.58,1.96
2011.06.07 17:30:34.901,1.6439,1.64409,1.58,3.60
2011.06.07 17:30:36.809,1.6439,1.64408,1.58,1.58
2011.06.07 17:30:37.469,1.6439,1.64409,1.58,3.60
2011.06.07 17:30:38.021,1.6439,1.64408,1.58,1.58
2011.06.07 17:30:38.570,1.6439,1.64409,1.58,3.08
2011.06.07 17:30:39.131,1.6439,1.64408,1.58,1.58
2011.06.07 17:30:42.241,1.64391,1.64409,1.58,2.33
2011.06.07 17:30:42.790,1.64392,1.6441,1.21,1.21
2011.06.07 17:30:43.340,1.64392,1.6441,1.58,1.21
2011.06.07 17:30:44.262,1.64392,1.6441,1.58,1.21
2011.06.07 17:30:45.033,1.64392,1.6441,1.58,1.21
2011.06.07 17:30:45.141,1.64395,1.6441,1.50,1.21
2011.06.07 17:30:45.473,1.64392,1.64412,1.58,2.33
2011.06.07 17:30:46.030,1.64392,1.64411,1.21,1.96
2011.06.07 17:30:46.580,1.64392,1.6441,1.21,1.96
2011.06.07 17:30:47.129,1.64392,1.6441,1.21,1.21
2011.06.07 17:30:48.342,1.64391,1.6441,2.33,1.21
2011.06.07 17:30:48.571,1.64391,1.6441,1.58,1.96
2011.06.07 17:30:49.013,1.64391,1.64407,1.58,1.36
2011.06.07 17:30:49.233,1.64388,1.64407,2.33,1.58
2011.06.07 17:30:49.792,1.64388,1.64407,2.33,1.21
2011.06.07 17:30:50.178,1.6439,1.64409,1.58,2.33
2011.06.07 17:30:59.642,1.64391,1.6441,1.58,1.96
2011.06.07 17:30:59.753,1.64395,1.6441,1.50,1.21
2011.06.07 17:30:59.873,1.64396,1.64411,1.50,1.58
2011.06.07 17:31:00.430,1.64396,1.64413,1.50,2.71
2011.06.07 17:31:03.680,1.64405,1.64413,1.09,1.88
2011.06.07 17:31:04.013,1.64401,1.64413,3.00,1.58
2011.06.07 17:31:04.244,1.64396,1.64415,1.58,1.96
2011.06.07 17:31:04.473,1.644,1.64416,1.58,1.58
2011.06.07 17:31:04.591,1.644,1.64417,1.58,1.58
2011.06.07 17:31:04.811,1.644,1.64417,1.58,2.33
2011.06.07 17:31:06.131,1.644,1.64417,1.58,1.58
2011.06.07 17:31:06.460,1.644,1.64416,1.58,1.58
2011.06.07 17:31:08.671,1.64396,1.64414,1.58,5.10
2011.06.07 17:31:09.002,1.64396,1.64414,2.33,3.83
2011.06.07 17:31:09.221,1.64396,1.64415,1.58,4.58
2011.06.07 17:31:09.331,1.64396,1.64414,2.33,3.08
2011.06.07 17:31:09.734,1.64398,1.64414,1.58,3.08
2011.06.07 17:31:09.851,1.64396,1.64414,3.42,3.08
2011.06.07 17:31:10.402,1.64397,1.64414,2.33,3.00
2011.06.07 17:31:10.842,1.64402,1.64414,1.50,2.25
2011.06.07 17:31:10.962,1.64402,1.64419,1.50,1.58
2011.06.07 17:31:14.040,1.64402,1.64419,1.50,2.33
2011.06.07 17:31:14.649,1.64402,1.64419,1.50,2.33
2011.06.07 17:31:16.961,1.64399,1.64419,1.58,4.96
2011.06.07 17:31:17.852,1.64402,1.64419,1.88,3.83
2011.06.07 17:31:18.399,1.64402,1.64419,1.88,1.58
2011.06.07 17:31:19.840,1.64402,1.64419,1.88,1.58
2011.06.07 17:31:23.101,1.64402,1.64419,1.88,2.33
2011.06.07 17:31:23.649,1.64402,1.64419,1.88,2.33
2011.06.07 17:31:24.640,1.64402,1.64416,1.88,1.21
2011.06.07 17:31:25.190,1.64402,1.64416,1.50,1.36
2011.06.07 17:31:25.741,1.64401,1.64415,1.58,1.13
2011.06.07 17:31:39.233,1.64404,1.64417,1.50,1.50
2011.06.07 17:31:39.352,1.64404,1.64418,1.50,1.50
2011.06.07 17:31:39.462,1.64402,1.64419,1.50,1.58
2011.06.07 17:31:39.572,1.64403,1.6442,1.50,1.58
2011.06.07 17:31:39.681,1.64403,1.64421,1.50,1.58
2011.06.07 17:31:41.003,1.64403,1.64419,1.50,1.58
2011.06.07 17:31:41.560,1.64403,1.64419,1.50,1.58
2011.06.07 17:31:42.113,1.64403,1.64419,1.50,1.58
2011.06.07 17:31:42.892,1.64403,1.64419,1.50,2.33
2011.06.07 17:31:43.440,1.64403,1.64419,1.50,2.33
2011.06.07 17:31:44.220,1.64403,1.64419,1.50,1.58
2011.06.07 17:31:44.880,1.64403,1.64419,1.50,1.58
2011.06.07 17:31:45.431,1.64398,1.64418,2.33,1.58
2011.06.07 17:31:45.541,1.64398,1.64416,1.58,1.58
2011.06.07 17:31:45.761,1.64397,1.64415,1.58,1.17
2011.06.07 17:32:08.953,1.64394,1.64413,1.50,3.83
2011.06.07 17:32:09.185,1.64392,1.64405,1.50,3.00
2011.06.07 17:32:09.847,1.64393,1.64411,2.25,2.33
2011.06.07 17:32:11.282,1.64393,1.64411,1.50,1.58
2011.06.07 17:32:12.270,1.64393,1.64411,1.50,1.58
2011.06.07 17:32:12.822,1.64394,1.64413,2.25,3.83
2011.06.07 17:32:13.961,1.64394,1.64413,2.25,3.83
2011.06.07 17:32:14.622,1.64394,1.64413,2.25,3.83
2011.06.07 17:32:16.490,1.64394,1.64413,2.25,3.83
2011.06.07 17:32:17.261,1.64394,1.64413,2.25,3.83
2011.06.07 17:32:17.920,1.64393,1.64413,1.50,3.83
2011.06.07 17:32:18.470,1.64393,1.64413,1.50,3.83
2011.06.07 17:32:19.790,1.64393,1.64413,1.50,5.33
2011.06.07 17:32:20.340,1.64393,1.64413,1.50,5.33
2011.06.07 17:32:21.000,1.64393,1.64413,1.50,5.33
2011.06.07 17:32:26.691,1.64392,1.64407,1.50,1.58
2011.06.07 17:32:27.023,1.64386,1.64403,2.25,3.00
2011.06.07 17:32:27.364,1.64386,1.64405,1.50,2.63
2011.06.07 17:32:27.604,1.64382,1.64397,1.50,3.08
2011.06.07 17:32:28.181,1.64382,1.64397,1.50,2.02
2011.06.07 17:32:28.517,1.64382,1.64399,3.75,1.96
2011.06.07 17:32:28.632,1.64381,1.64398,3.00,1.50
2011.06.07 17:32:29.186,1.64384,1.64401,1.50,1.50
2011.06.07 17:32:29.304,1.64384,1.64401,1.50,1.50
2011.06.07 17:32:29.536,1.64389,1.64402,1.50,1.27
2011.06.07 17:32:29.761,1.64392,1.64407,1.50,1.58
2011.06.07 17:32:30.311,1.64393,1.64408,1.50,1.58
2011.06.07 17:32:33.843,1.64392,1.64407,1.50,1.58
2011.06.07 17:32:34.293,1.64388,1.64406,1.50,1.50
2011.06.07 17:32:34.412,1.64393,1.64407,1.50,2.33
2011.06.07 17:32:35.730,1.64393,1.64409,1.50,1.58
2011.06.07 17:32:37.702,1.64392,1.64409,1.50,1.58
2011.06.07 17:32:42.000,1.64393,1.64409,1.50,1.58
2011.06.07 17:32:48.961,1.64392,1.64411,1.50,1.58
2011.06.07 17:32:49.841,1.64391,1.64411,1.50,1.58
2011.06.07 17:32:50.283,1.6439,1.64405,1.50,1.50
2011.06.07 17:32:50.501,1.64388,1.64404,1.50,1.58
2011.06.07 17:32:50.613,1.64386,1.64402,1.50,1.58
2011.06.07 17:32:50.734,1.64383,1.64399,2.25,2.10
2011.06.07 17:32:51.952,1.64383,1.64397,1.50,1.58
2011.06.07 17:32:52.060,1.64382,1.64395,1.50,1.50
2011.06.07 17:32:52.174,1.64379,1.64391,1.50,1.13
2011.06.07 17:32:52.532,1.64376,1.64393,1.50,1.50
2011.06.07 17:32:53.082,1.64376,1.64393,1.50,1.50
2011.06.07 17:32:53.642,1.64376,1.64393,1.50,1.50
2011.06.07 17:32:54.413,1.64376,1.64393,2.25,1.50
2011.06.07 17:32:54.973,1.64377,1.64395,3.75,2.25
2011.06.07 17:32:56.411,1.64377,1.64395,3.00,2.25
2011.06.07 17:32:58.415,1.64377,1.64395,3.00,2.25
2011.06.07 17:32:58.970,1.64377,1.64395,3.75,2.25
2011.06.07 17:32:59.521,1.64377,1.64395,3.00,2.25
2011.06.07 17:32:59.960,1.64377,1.64391,3.00,1.13
2011.06.07 17:33:00.185,1.64377,1.64391,2.25,2.41
2011.06.07 17:33:00.522,1.64371,1.64386,1.50,1.28
2011.06.07 17:33:01.982,1.64371,1.64386,1.50,1.28
2011.06.07 17:33:02.093,1.64374,1.64388,1.50,1.13
2011.06.07 17:33:02.650,1.64374,1.64391,1.50,1.50
2011.06.07 17:33:09.845,1.64374,1.64392,3.75,1.58
2011.06.07 17:33:09.964,1.64374,1.6439,3.00,3.00
2011.06.07 17:33:10.440,1.64372,1.64387,3.00,2.56
2011.06.07 17:33:10.555,1.64372,1.64385,1.50,1.50
2011.06.07 17:33:10.782,1.6437,1.64385,1.50,1.13
2011.06.07 17:33:11.001,1.64368,1.64385,1.50,1.50
2011.06.07 17:33:13.041,1.64368,1.64384,2.25,1.50
2011.06.07 17:33:13.591,1.64371,1.64386,1.50,2.48
2011.06.07 17:33:13.922,1.64369,1.64386,2.63,2.77
2011.06.07 17:33:14.140,1.64371,1.64389,2.25,1.50
2011.06.07 17:33:14.691,1.64377,1.64391,1.50,1.50
2011.06.07 17:33:16.377,1.64378,1.64393,1.50,3.60
2011.06.07 17:33:17.372,1.64379,1.64391,1.50,2.02
2011.06.07 17:33:17.481,1.64379,1.64391,1.50,2.02
2011.06.07 17:33:19.761,1.64379,1.64393,1.50,1.50
2011.06.07 17:33:19.982,1.64375,1.64391,1.50,1.58
2011.06.07 17:33:20.090,1.64375,1.64383,1.50,2.25
2011.06.07 17:33:20.202,1.64373,1.64387,1.50,1.58
2011.06.07 17:33:20.311,1.64375,1.64387,1.50,1.50
2011.06.07 17:33:20.531,1.64375,1.64388,1.50,1.50
2011.06.07 17:33:21.081,1.64371,1.64387,1.50,3.00
2011.06.07 17:33:21.301,1.64371,1.64388,2.25,1.50
2011.06.07 17:33:23.171,1.64372,1.64389,1.50,1.50
2011.06.07 17:33:23.930,1.64371,1.64389,3.00,1.50
2011.06.07 17:33:24.813,1.6437,1.64388,1.50,3.00
2011.06.07 17:33:25.483,1.64371,1.64387,1.50,2.10
2011.06.07 17:33:26.150,1.64368,1.64384,1.50,1.50
2011.06.07 17:33:26.922,1.64369,1.64385,1.50,1.50
2011.06.07 17:33:27.031,1.64371,1.64386,1.50,3.00
2011.06.07 17:33:27.250,1.64373,1.6439,1.50,1.50
2011.06.07 17:33:28.131,1.64373,1.64386,1.50,1.27
2011.06.07 17:33:28.791,1.64372,1.6439,1.50,1.50
2011.06.07 17:33:31.551,1.64371,1.6439,1.50,1.50
2011.06.07 17:33:32.160,1.64371,1.6439,1.50,1.50
2011.06.07 17:33:34.031,1.64373,1.64389,1.50,1.50
2011.06.07 17:33:35.131,1.64372,1.64388,1.50,1.50
2011.06.07 17:33:35.241,1.64371,1.64386,1.50,1.50
2011.06.07 17:33:35.570,1.64371,1.64386,1.50,2.25
2011.06.07 17:33:37.112,1.64368,1.64384,3.00,1.50
2011.06.07 17:33:37.552,1.64373,1.64386,1.50,1.50
2011.06.07 17:33:37.661,1.64373,1.64386,2.25,1.50
2011.06.07 17:33:37.881,1.64375,1.6439,2.25,1.50
2011.06.07 17:33:42.901,1.64373,1.64389,1.50,1.50
2011.06.07 17:33:43.232,1.64373,1.64389,1.50,1.58
2011.06.07 17:33:43.451,1.64372,1.64386,1.88,1.50
2011.06.07 17:33:48.403,1.64368,1.64383,1.50,3.00
2011.06.07 17:33:48.621,1.6437,1.64385,1.50,1.50
2011.06.07 17:33:51.952,1.64368,1.64384,1.50,3.75
2011.06.07 17:33:52.172,1.6437,1.64385,1.50,1.50
2011.06.07 17:33:52.721,1.64368,1.64384,1.84,1.50
2011.06.07 17:33:53.270,1.64372,1.64386,1.50,1.50
2011.06.07 17:33:54.702,1.64372,1.64386,1.50,1.50
2011.06.07 17:33:54.811,1.64373,1.6439,1.50,1.50
2011.06.07 17:33:54.921,1.64373,1.6439,1.50,2.33
2011.06.07 17:33:55.032,1.64372,1.64387,1.50,1.58
2011.06.07 17:33:56.722,1.64372,1.64386,1.50,1.50
2011.06.07 17:33:56.943,1.64372,1.64387,1.50,1.58
2011.06.07 17:33:57.161,1.64373,1.64386,1.50,1.50
2011.06.07 17:34:04.681,1.64368,1.64384,3.00,1.50
2011.06.07 17:34:05.011,1.64368,1.64383,1.50,1.50
2011.06.07 17:34:05.232,1.64368,1.64381,1.50,1.50
2011.06.07 17:34:05.342,1.64368,1.64381,1.50,1.50
2011.06.07 17:34:06.083,1.64368,1.6438,1.50,1.50
2011.06.07 17:34:06.535,1.64368,1.64379,1.50,1.50
2011.06.07 17:34:06.652,1.64368,1.64383,1.50,1.50
2011.06.07 17:34:07.421,1.64367,1.64384,3.75,1.50
2011.06.07 17:34:07.970,1.64367,1.64384,3.00,1.50
2011.06.07 17:34:09.186,1.64367,1.64378,2.25,1.13
2011.06.07 17:34:09.305,1.64367,1.64381,1.50,1.65
2011.06.07 17:34:09.535,1.64361,1.64378,1.50,1.58
2011.06.07 17:34:09.870,1.64362,1.64378,1.50,1.50
2011.06.07 17:34:10.203,1.64365,1.6438,1.50,1.50
2011.06.07 17:34:10.648,1.64365,1.64382,2.25,2.25
2011.06.07 17:34:11.201,1.64366,1.64382,1.50,2.25
2011.06.07 17:34:13.295,1.6437,1.64383,2.25,1.50
2011.06.07 17:34:13.413,1.64372,1.64384,1.50,1.50
2011.06.07 17:34:13.532,1.64372,1.64385,1.50,1.13
2011.06.07 17:34:13.751,1.6437,1.64385,2.25,1.50
2011.06.07 17:34:13.975,1.6437,1.64385,1.50,2.25
2011.06.07 17:34:14.313,1.6437,1.64385,1.50,3.00
2011.06.07 17:34:14.541,1.64369,1.64384,2.25,2.25
2011.06.07 17:34:32.922,1.64371,1.64385,1.50,2.25
2011.06.07 17:34:33.142,1.64371,1.64386,1.50,1.50
2011.06.07 17:34:33.252,1.64371,1.64386,1.50,1.50
2011.06.07 17:34:33.362,1.6437,1.64385,2.25,2.25
2011.06.07 17:34:33.914,1.64371,1.64385,1.50,1.50
2011.06.07 17:34:34.143,1.64376,1.64391,2.25,2.25
2011.06.07 17:34:34.263,1.64376,1.64393,1.50,1.58
2011.06.07 17:34:34.603,1.64376,1.64385,1.50,1.50
2011.06.07 17:34:34.930,1.64376,1.64391,1.50,2.25
2011.06.07 17:34:35.050,1.64377,1.64392,1.50,1.58
2011.06.07 17:34:35.601,1.64375,1.64391,3.00,1.50
2011.06.07 17:34:36.592,1.64373,1.64389,2.25,1.50
2011.06.07 17:34:37.472,1.64373,1.64389,1.50,1.50
2011.06.07 17:34:38.240,1.64372,1.64389,3.00,1.50
2011.06.07 17:34:38.791,1.64376,1.64391,1.50,1.50
2011.06.07 17:34:40.263,1.64376,1.64392,1.50,2.33
2011.06.07 17:34:40.812,1.64377,1.64392,2.25,1.58
2011.06.07 17:34:44.770,1.64378,1.64394,1.50,2.33
2011.06.07 17:34:45.320,1.64378,1.64394,1.50,2.33
2011.06.07 17:34:51.791,1.64378,1.64393,1.50,1.58
2011.06.07 17:34:52.342,1.64378,1.6439,1.50,1.50
2011.06.07 17:34:52.891,1.64378,1.6439,1.50,1.50
2011.06.07 17:34:53.441,1.64378,1.64391,1.50,1.50
2011.06.07 17:35:07.270,1.64378,1.64391,1.50,1.50
2011.06.07 17:35:07.820,1.64378,1.64391,1.50,1.50
2011.06.07 17:35:08.920,1.64378,1.64391,1.50,1.50
2011.06.07 17:35:09.253,1.64383,1.64391,1.50,1.50
2011.06.07 17:35:09.372,1.64383,1.64394,1.50,1.50
2011.06.07 17:35:12.253,1.64384,1.64396,1.50,2.25
2011.06.07 17:35:12.374,1.64385,1.64399,1.50,1.50
2011.06.07 17:35:12.711,1.64383,1.64401,2.25,1.58
2011.06.07 17:35:12.823,1.64383,1.64396,1.50,1.50
2011.06.07 17:35:13.371,1.64383,1.64396,1.50,1.50
2011.06.07 17:35:14.030,1.64383,1.64396,1.50,1.50
2011.06.07 17:35:14.930,1.64383,1.64396,1.50,1.50
2011.06.07 17:35:16.140,1.64383,1.64396,1.50,1.50
2011.06.07 17:35:18.912,1.64378,1.64394,1.50,1.50
2011.06.07 17:35:19.502,1.64381,1.64396,1.50,2.25
2011.06.07 17:35:25.135,1.64378,1.64389,1.50,1.73
2011.06.07 17:35:25.253,1.64377,1.64387,3.75,1.50
2011.06.07 17:35:25.483,1.64373,1.64386,2.25,3.90
2011.06.07 17:35:25.602,1.64372,1.64384,1.50,1.50
2011.06.07 17:35:25.712,1.64368,1.64382,1.50,1.58
2011.06.07 17:35:25.932,1.64366,1.64381,1.50,1.58
2011.06.07 17:35:26.263,1.64367,1.64383,1.50,3.08
2011.06.07 17:35:26.374,1.64367,1.64382,1.50,1.58
2011.06.07 17:35:26.711,1.64368,1.64384,1.50,1.50
2011.06.07 17:35:27.481,1.64369,1.64384,1.50,1.50
2011.06.07 17:35:28.071,1.64368,1.64384,1.50,1.50
2011.06.07 17:35:31.370,1.64371,1.64386,1.50,3.23
2011.06.07 17:35:31.703,1.64372,1.64386,1.50,1.50
2011.06.07 17:35:31.923,1.64371,1.6439,2.25,1.50
2011.06.07 17:35:32.033,1.64371,1.64387,2.25,1.58
2011.06.07 17:35:32.141,1.64371,1.64386,1.50,2.25
2011.06.07 17:35:33.461,1.64372,1.64386,2.63,1.50
2011.06.07 17:35:33.683,1.64374,1.64389,1.50,1.50
2011.06.07 17:35:33.792,1.64375,1.6439,1.50,1.50
2011.06.07 17:35:34.386,1.64377,1.64391,1.50,2.77
2011.06.07 17:35:34.510,1.64377,1.64389,1.50,1.13
2011.06.07 17:35:34.863,1.64371,1.64385,1.50,1.50
2011.06.07 17:35:34.975,1.64368,1.64385,1.50,1.58
2011.06.07 17:35:35.312,1.64373,1.64386,1.50,2.25
2011.06.07 17:35:35.643,1.64371,1.64389,1.50,1.50
2011.06.07 17:35:35.862,1.64373,1.64389,1.50,1.50
2011.06.07 17:35:38.627,1.64371,1.64388,1.50,1.50
2011.06.07 17:35:38.744,1.64373,1.64388,1.50,2.33
2011.06.07 17:35:39.412,1.64368,1.64386,2.25,2.33
2011.06.07 17:35:39.741,1.64368,1.64381,1.50,1.50
2011.06.07 17:35:41.911,1.64366,1.64381,2.25,2.25
2011.06.07 17:35:42.463,1.64364,1.64383,1.50,1.58
2011.06.07 17:35:42.914,1.64363,1.64382,1.50,1.58
2011.06.07 17:35:43.470,1.64363,1.64382,1.50,2.33
2011.06.07 17:35:45.817,1.6437,1.64381,1.50,1.50
2011.06.07 17:35:46.167,1.64378,1.6439,1.50,1.50
2011.06.07 17:35:46.286,1.64378,1.64389,1.50,1.50
2011.06.07 17:35:46.841,1.64378,1.64391,1.50,1.50
2011.06.07 17:35:47.833,1.64377,1.64391,1.50,1.50
2011.06.07 17:35:48.384,1.64371,1.64389,3.00,4.35
2011.06.07 17:35:48.857,1.64375,1.64391,1.50,1.50
2011.06.07 17:35:52.051,1.64375,1.6439,1.50,1.50
2011.06.07 17:35:53.151,1.64375,1.64393,1.50,1.58
2011.06.07 17:35:53.700,1.64375,1.6439,1.50,1.50
2011.06.07 17:35:58.633,1.64375,1.64393,1.50,1.58
2011.06.07 17:35:59.182,1.64374,1.64393,1.50,1.58
2011.06.07 17:36:02.993,1.64376,1.64391,1.50,1.50
2011.06.07 17:36:03.553,1.64378,1.64391,2.25,1.50
2011.06.07 17:36:04.063,1.64378,1.64391,1.50,1.50
2011.06.07 17:36:04.405,1.64379,1.64393,2.25,1.50
2011.06.07 17:36:04.525,1.6438,1.64395,1.50,1.88
2011.06.07 17:36:04.643,1.64382,1.64395,3.00,1.13
2011.06.07 17:36:07.392,1.64385,1.64399,1.50,1.50
2011.06.07 17:36:07.723,1.64384,1.64399,1.13,1.50
2011.06.07 17:36:07.842,1.64387,1.64401,1.50,1.50
2011.06.07 17:36:19.923,1.64386,1.644,1.50,1.50
2011.06.07 17:36:25.172,1.64389,1.644,1.50,1.50
2011.06.07 17:36:25.392,1.6439,1.64404,1.09,2.25
2011.06.07 17:36:25.943,1.64391,1.64406,1.50,3.00
2011.06.07 17:36:32.251,1.6439,1.64405,1.09,1.50
2011.06.07 17:36:34.881,1.64392,1.64407,1.88,2.33
2011.06.07 17:36:36.421,1.64393,1.64407,2.25,1.58
2011.06.07 17:36:36.755,1.64394,1.64409,1.50,2.33
2011.06.07 17:36:37.093,1.64393,1.64406,1.50,1.50
2011.06.07 17:36:38.411,1.64393,1.64405,1.50,1.50
2011.06.07 17:36:39.514,1.6439,1.64405,1.50,1.65
2011.06.07 17:36:40.050,1.64384,1.64396,3.38,1.96
2011.06.07 17:36:40.173,1.64378,1.64393,1.50,1.21
2011.06.07 17:36:43.591,1.64377,1.64394,1.50,2.33
2011.06.07 17:36:43.700,1.64377,1.64394,1.50,2.33
2011.06.07 17:36:44.912,1.64379,1.64392,1.50,3.00
2011.06.07 17:36:45.132,1.64379,1.64392,1.50,3.00
2011.06.07 17:36:45.572,1.64379,1.64394,2.25,1.50
2011.06.07 17:36:46.231,1.64378,1.64395,2.25,1.21
2011.06.07 17:36:46.735,1.64378,1.64395,1.50,1.21
2011.06.07 17:36:47.181,1.64378,1.64395,1.50,1.21
2011.06.07 17:36:48.280,1.64378,1.64395,1.50,1.21
2011.06.07 17:36:48.831,1.64378,1.64395,1.50,1.21
2011.06.07 17:36:49.161,1.64379,1.64395,2.25,1.13
2011.06.07 17:36:49.492,1.64382,1.64397,1.50,1.58
2011.06.07 17:36:49.712,1.64384,1.64399,1.50,2.25
2011.06.07 17:36:50.151,1.64384,1.64401,1.50,3.08
2011.06.07 17:36:51.802,1.64383,1.64398,1.50,1.21
2011.06.07 17:36:51.912,1.64383,1.64397,1.50,1.58
2011.06.07 17:36:53.562,1.64382,1.64398,1.50,1.58
2011.06.07 17:36:54.071,1.64383,1.64398,1.50,1.58
2011.06.07 17:36:54.401,1.64383,1.64398,1.50,1.58
2011.06.07 17:36:54.621,1.64383,1.64398,1.50,1.58
2011.06.07 17:36:55.061,1.64383,1.64399,1.50,1.58
2011.06.07 17:36:56.391,1.64382,1.64399,1.50,1.58
2011.06.07 17:36:58.482,1.64378,1.64398,3.00,1.21
2011.06.07 17:36:58.921,1.64378,1.64396,2.25,1.58
2011.06.07 17:36:59.343,1.64378,1.64395,2.25,1.58
2011.06.07 17:37:01.651,1.64378,1.64395,2.25,1.21
2011.06.07 17:37:02.420,1.6438,1.64397,1.50,1.58
2011.06.07 17:37:02.533,1.64382,1.64397,1.50,1.58
2011.06.07 17:37:02.972,1.64384,1.644,2.25,1.50
2011.06.07 17:37:03.301,1.64384,1.644,1.50,1.58
2011.06.07 17:37:05.061,1.64383,1.644,1.50,1.58
2011.06.07 17:37:06.614,1.64382,1.644,1.50,1.58
2011.06.07 17:37:07.032,1.64384,1.644,2.25,1.58
2011.06.07 17:37:07.143,1.64386,1.64401,1.50,1.17
2011.06.07 17:37:07.253,1.64382,1.644,1.50,1.58
2011.06.07 17:37:07.474,1.64382,1.644,1.50,1.58
2011.06.07 17:37:07.593,1.64379,1.644,2.25,1.58
2011.06.07 17:37:07.931,1.64379,1.644,1.50,1.58
2011.06.07 17:37:08.480,1.64379,1.644,1.50,1.58
2011.06.07 17:37:09.691,1.64382,1.644,1.50,1.58
2011.06.07 17:37:10.242,1.64381,1.644,1.50,1.58
2011.06.07 17:37:11.671,1.64382,1.644,2.25,1.58
2011.06.07 17:37:12.705,1.64383,1.644,1.50,1.58
2011.06.07 17:37:13.483,1.64383,1.64396,1.50,1.13
2011.06.07 17:37:13.703,1.64383,1.644,1.50,1.58
2011.06.07 17:37:14.251,1.64383,1.644,1.50,1.58
2011.06.07 17:37:16.931,1.64381,1.644,1.50,1.58
2011.06.07 17:37:17.480,1.64381,1.644,1.50,1.96
2011.06.07 17:37:17.703,1.64378,1.64399,3.00,1.96
2011.06.07 17:37:18.141,1.64378,1.64398,2.25,1.58
2011.06.07 17:37:18.911,1.64378,1.64398,2.25,1.58
2011.06.07 17:37:20.012,1.64381,1.64398,1.50,2.33
2011.06.07 17:37:20.593,1.64382,1.64398,1.50,2.33
2011.06.07 17:37:27.101,1.64383,1.644,1.50,2.33
2011.06.07 17:37:29.411,1.64379,1.644,3.00,2.33
2011.06.07 17:37:33.172,1.64383,1.644,1.50,2.33
2011.06.07 17:37:33.611,1.64383,1.644,1.50,2.33
2011.06.07 17:37:37.391,1.64382,1.644,1.50,1.58
2011.06.07 17:37:37.940,1.64381,1.644,2.25,1.58
2011.06.07 17:37:39.952,1.64381,1.644,2.25,1.58
2011.06.07 17:37:40.502,1.64381,1.644,2.25,2.33
2011.06.07 17:37:41.272,1.64381,1.644,2.25,2.33
2011.06.07 17:37:41.821,1.64381,1.644,2.25,2.33
2011.06.07 17:37:42.152,1.64383,1.644,1.50,2.33
2011.06.07 17:37:42.484,1.64384,1.644,1.50,1.50
2011.06.07 17:37:42.603,1.64386,1.64402,1.50,1.58
2011.06.07 17:37:43.150,1.64387,1.64405,1.50,2.33
2011.06.07 17:37:44.472,1.64388,1.64405,1.50,2.33
2011.06.07 17:37:44.695,1.64389,1.64405,3.75,1.50
2011.06.07 17:37:45.361,1.64392,1.64407,2.63,2.18
2011.06.07 17:37:48.903,1.64393,1.64407,2.25,1.58
2011.06.07 17:37:49.781,1.64393,1.64407,2.25,1.58
2011.06.07 17:37:50.331,1.64393,1.64407,2.25,1.58
2011.06.07 17:37:52.462,1.64393,1.64407,2.25,1.58
2011.06.07 17:37:54.732,1.6439,1.64405,1.50,2.33
2011.06.07 17:37:55.063,1.64386,1.64403,1.50,4.35
2011.06.07 17:37:55.392,1.64386,1.64403,1.50,3.60
2011.06.07 17:37:55.611,1.64388,1.64403,1.50,4.35
2011.06.07 17:37:55.834,1.64388,1.64403,1.50,1.35
2011.06.07 17:37:56.172,1.64387,1.64397,1.50,2.40
2011.06.07 17:37:56.503,1.64382,1.64396,1.50,3.38
2011.06.07 17:37:57.781,1.64378,1.64394,1.50,1.72
2011.06.07 17:37:58.447,1.64374,1.64389,1.50,1.58
2011.06.07 17:37:58.786,1.64369,1.64384,1.50,1.21
2011.06.07 17:37:58.904,1.64368,1.64384,1.50,3.46
2011.06.07 17:37:59.132,1.64368,1.64386,1.50,1.21
2011.06.07 17:37:59.681,1.64369,1.64387,1.50,4.46
2011.06.07 17:37:59.793,1.64378,1.64387,1.50,3.63
2011.06.07 17:38:01.005,1.64372,1.64385,2.25,1.13
2011.06.07 17:38:01.233,1.64372,1.64388,1.50,1.50
2011.06.07 17:38:01.342,1.64373,1.64388,1.50,2.77
2011.06.07 17:38:01.453,1.64372,1.64388,2.25,5.85
2011.06.07 17:38:01.959,1.64368,1.64386,2.25,1.58
2011.06.07 17:38:03.173,1.64366,1.64385,1.50,1.21
2011.06.07 17:38:03.622,1.64366,1.64381,1.50,1.58
2011.06.07 17:38:03.951,1.64363,1.64381,2.25,1.58
2011.06.07 17:38:05.272,1.64365,1.64382,1.50,2.85
2011.06.07 17:38:05.495,1.64368,1.64384,2.25,3.08
2011.06.07 17:38:05.725,1.64368,1.64382,1.50,1.58
2011.06.07 17:38:06.326,1.64365,1.64382,2.25,2.33
2011.06.07 17:38:06.883,1.64365,1.64382,1.50,2.33
2011.06.07 17:38:07.980,1.64365,1.64382,1.50,1.58
2011.06.07 17:38:09.192,1.64366,1.64382,1.50,1.58
2011.06.07 17:38:09.412,1.64368,1.64384,2.25,2.10
2011.06.07 17:38:09.632,1.64368,1.64383,2.25,1.58
2011.06.07 17:38:11.173,1.64373,1.64385,1.09,2.33
2011.06.07 17:38:11.394,1.64373,1.64388,1.84,4.72
