2010.09.27 14:00:00.161,1.5815,1.5817,3.20,3.20
2010.09.27 14:00:00.646,1.58145,1.58165,4.00,1.00
2010.09.27 14:00:00.870,1.58145,1.58165,2.40,1.00
2010.09.27 14:00:01.556,1.5815,1.58165,1.00,1.00
2010.09.27 14:00:02.238,1.5815,1.5817,6.10,1.60
2010.09.27 14:00:02.597,1.5815,1.5817,4.10,1.60
2010.09.27 14:00:03.295,1.5815,1.5817,4.10,3.20
2010.09.27 14:00:03.648,1.5815,1.58165,3.20,1.00
2010.09.27 14:00:04.002,1.58145,1.5816,4.00,1.00
2010.09.27 14:00:04.348,1.58145,1.5816,1.60,2.00
2010.09.27 14:00:04.856,1.58145,1.5816,1.60,2.80
2010.09.27 14:00:05.213,1.5814,1.5816,4.00,2.40
2010.09.27 14:00:05.813,1.5814,1.5816,4.00,1.00
2010.09.27 14:00:06.856,1.58145,1.5816,1.60,1.00
2010.09.27 14:00:07.803,1.5814,1.5816,4.00,1.00
2010.09.27 14:00:08.159,1.5814,1.5816,5.60,1.00
2010.09.27 14:00:09.183,1.5814,1.5816,5.60,1.00
2010.09.27 14:00:10.392,1.5814,1.5816,5.60,1.00
2010.09.27 14:00:10.640,1.5814,1.5816,5.60,1.00
2010.09.27 14:00:11.198,1.58145,1.5816,1.60,1.00
2010.09.27 14:00:11.465,1.58145,1.5816,1.60,1.00
2010.09.27 14:00:11.821,1.5815,1.58165,1.00,5.50
2010.09.27 14:00:12.169,1.5815,1.58165,10.00,1.00
2010.09.27 14:00:12.749,1.5815,1.58175,9.80,5.10
2010.09.27 14:00:13.095,1.5815,1.5817,9.40,1.00
2010.09.27 14:00:13.787,1.5815,1.5817,4.00,1.00
2010.09.27 14:00:14.134,1.5815,1.5817,3.20,1.60
2010.09.27 14:00:14.822,1.5815,1.5817,3.20,1.70
2010.09.27 14:00:15.720,1.58145,1.58165,7.30,1.00
2010.09.27 14:00:16.198,1.58145,1.5816,10.90,1.00
2010.09.27 14:00:16.446,1.58145,1.58165,13.50,1.00
2010.09.27 14:00:16.936,1.5815,1.58165,1.00,1.00
2010.09.27 14:00:17.878,1.58145,1.58155,2.50,1.00
2010.09.27 14:00:18.232,1.58145,1.5815,1.60,1.00
2010.09.27 14:00:18.803,1.58135,1.5815,2.40,2.00
2010.09.27 14:00:19.168,1.5814,1.5815,1.40,2.00
2010.09.27 14:00:19.776,1.58145,1.58155,7.00,3.20
2010.09.27 14:00:20.131,1.58145,1.58165,4.00,2.40
2010.09.27 14:00:20.478,1.58145,1.58165,4.00,2.40
2010.09.27 14:00:20.831,1.58145,1.58165,5.60,1.60
2010.09.27 14:00:21.180,1.58145,1.58165,12.40,1.00
2010.09.27 14:00:21.749,1.5815,1.5817,1.60,4.10
2010.09.27 14:00:22.100,1.5815,1.5817,3.20,3.70
2010.09.27 14:00:22.686,1.5815,1.5817,2.40,4.30
2010.09.27 14:00:23.037,1.5815,1.5817,2.40,6.70
2010.09.27 14:00:23.392,1.5815,1.58165,2.40,1.00
2010.09.27 14:00:23.737,1.5815,1.58165,1.60,5.00
2010.09.27 14:00:25.018,1.5815,1.5817,3.20,5.70
2010.09.27 14:00:25.299,1.5815,1.5817,3.20,4.50
2010.09.27 14:00:25.575,1.5815,1.5817,3.30,4.50
2010.09.27 14:00:26.268,1.5815,1.58165,7.60,1.00
2010.09.27 14:00:26.593,1.58155,1.5817,2.40,2.20
2010.09.27 14:00:26.918,1.5816,1.58175,1.60,1.60
2010.09.27 14:00:27.237,1.5816,1.58175,2.40,1.00
2010.09.27 14:00:28.037,1.5816,1.5818,3.20,4.20
2010.09.27 14:00:28.315,1.58165,1.5818,3.20,1.00
2010.09.27 14:00:28.797,1.5817,1.58185,1.60,3.00
2010.09.27 14:00:29.151,1.5817,1.58185,1.60,2.40
2010.09.27 14:00:29.495,1.5817,1.58185,1.60,1.00
2010.09.27 14:00:29.847,1.5817,1.58185,1.60,1.60
2010.09.27 14:00:32.034,1.5817,1.58185,1.60,1.60
2010.09.27 14:00:32.383,1.58175,1.5819,1.60,4.60
2010.09.27 14:00:33.073,1.58175,1.5819,1.60,3.80
2010.09.27 14:00:33.966,1.5817,1.5819,3.20,3.80
2010.09.27 14:00:35.021,1.5817,1.5819,2.40,6.60
2010.09.27 14:00:35.373,1.58165,1.5818,3.20,1.00
2010.09.27 14:00:35.940,1.58165,1.5818,1.60,2.00
2010.09.27 14:00:36.289,1.58165,1.5818,1.60,1.00
2010.09.27 14:00:36.900,1.58165,1.5818,2.40,1.00
2010.09.27 14:00:37.947,1.5817,1.5818,1.60,1.00
2010.09.27 14:00:38.295,1.58165,1.5818,2.40,1.00
2010.09.27 14:00:39.368,1.58165,1.58185,3.20,3.20
2010.09.27 14:00:39.700,1.5817,1.58185,1.60,3.20
2010.09.27 14:00:40.026,1.5817,1.58185,2.40,1.60
2010.09.27 14:00:40.341,1.5817,1.58185,3.20,1.60
2010.09.27 14:00:41.730,1.5817,1.5819,3.20,1.80
2010.09.27 14:00:41.931,1.58175,1.5819,1.60,1.80
2010.09.27 14:00:43.033,1.5817,1.58185,1.00,1.00
2010.09.27 14:00:43.610,1.58165,1.58185,4.80,1.60
2010.09.27 14:00:43.957,1.58165,1.58185,4.00,1.60
2010.09.27 14:00:44.539,1.58165,1.58185,4.00,1.60
2010.09.27 14:00:44.995,1.58165,1.5818,1.60,1.00
2010.09.27 14:00:45.345,1.5816,1.5818,4.00,3.10
2010.09.27 14:00:45.696,1.58155,1.58175,4.80,1.00
2010.09.27 14:00:46.047,1.58155,1.58175,4.80,1.00
2010.09.27 14:00:47.307,1.5816,1.58175,1.60,1.00
2010.09.27 14:00:48.005,1.5816,1.58175,1.60,1.00
2010.09.27 14:00:48.562,1.5816,1.58175,1.60,1.00
2010.09.27 14:00:48.913,1.5816,1.5818,2.40,3.30
2010.09.27 14:00:49.255,1.5816,1.5818,3.20,2.80
2010.09.27 14:00:49.610,1.5816,1.5818,3.20,3.90
2010.09.27 14:00:49.956,1.5816,1.5818,1.60,3.70
2010.09.27 14:00:50.302,1.5816,1.5818,2.40,3.70
2010.09.27 14:00:54.099,1.5816,1.5818,2.40,3.60
2010.09.27 14:00:54.452,1.58175,1.5819,1.00,5.20
2010.09.27 14:00:55.031,1.58175,1.5819,1.00,4.20
2010.09.27 14:00:55.383,1.5817,1.58185,6.00,1.00
2010.09.27 14:00:55.968,1.5817,1.58185,1.60,1.00
2010.09.27 14:00:56.086,1.5817,1.58185,1.60,1.80
2010.09.27 14:00:56.438,1.58165,1.5818,7.00,2.00
2010.09.27 14:00:56.970,1.5817,1.5818,1.00,1.60
2010.09.27 14:00:57.325,1.5816,1.5818,11.40,1.60
2010.09.27 14:00:57.675,1.5816,1.5818,11.10,1.60
2010.09.27 14:00:58.363,1.58165,1.5818,1.00,1.60
2010.09.27 14:00:58.719,1.58165,1.5818,2.40,1.00
2010.09.27 14:00:59.065,1.58165,1.58185,3.20,1.60
2010.09.27 14:01:00.671,1.5817,1.58185,1.00,1.60
2010.09.27 14:01:01.012,1.5817,1.58185,2.40,1.60
2010.09.27 14:01:03.804,1.58175,1.58185,1.00,1.00
2010.09.27 14:01:04.410,1.58175,1.5819,4.00,1.00
2010.09.27 14:01:05.111,1.58185,1.582,1.00,5.70
2010.09.27 14:01:05.464,1.58185,1.582,1.00,7.40
2010.09.27 14:01:05.821,1.58185,1.58205,6.00,1.00
2010.09.27 14:01:06.352,1.58185,1.582,2.40,1.00
2010.09.27 14:01:06.700,1.58185,1.58205,2.40,4.20
2010.09.27 14:01:07.314,1.58185,1.58205,2.40,4.00
2010.09.27 14:01:10.869,1.58185,1.582,1.60,1.20
2010.09.27 14:01:11.212,1.58185,1.582,2.40,2.00
2010.09.27 14:01:11.548,1.58185,1.582,3.20,1.00
2010.09.27 14:01:11.896,1.58185,1.582,1.60,1.00
2010.09.27 14:01:12.248,1.58185,1.58205,11.80,1.60
2010.09.27 14:01:12.596,1.58185,1.58205,11.80,1.80
2010.09.27 14:01:13.023,1.58185,1.58205,13.40,2.00
2010.09.27 14:01:13.369,1.58185,1.58205,13.40,1.60
2010.09.27 14:01:13.705,1.58185,1.58205,13.40,1.60
2010.09.27 14:01:14.426,1.58185,1.58205,11.80,1.60
2010.09.27 14:01:15.027,1.58185,1.58205,12.90,1.60
2010.09.27 14:01:15.375,1.58185,1.58205,12.50,1.60
2010.09.27 14:01:15.972,1.58185,1.58205,14.50,1.60
2010.09.27 14:01:16.653,1.58185,1.58205,9.30,1.90
2010.09.27 14:01:16.991,1.58185,1.582,4.00,2.80
2010.09.27 14:01:17.322,1.58185,1.582,2.40,2.80
2010.09.27 14:01:18.336,1.5818,1.582,8.80,2.30
2010.09.27 14:01:18.685,1.5818,1.5819,3.20,1.00
2010.09.27 14:01:19.226,1.58175,1.58195,5.60,1.40
2010.09.27 14:01:19.580,1.5818,1.58195,1.00,1.00
2010.09.27 14:01:21.527,1.58175,1.58195,6.00,1.00
2010.09.27 14:01:21.857,1.58175,1.58195,5.60,1.00
2010.09.27 14:01:25.053,1.58175,1.58195,5.60,1.80
2010.09.27 14:01:25.363,1.58185,1.582,7.60,2.40
2010.09.27 14:01:25.674,1.58185,1.582,11.00,1.00
2010.09.27 14:01:26.278,1.58185,1.58205,12.60,3.00
2010.09.27 14:01:26.625,1.58185,1.58205,12.60,2.40
2010.09.27 14:01:26.972,1.58185,1.58205,11.80,2.40
2010.09.27 14:01:27.499,1.5819,1.5821,7.00,5.40
2010.09.27 14:01:27.796,1.5819,1.5821,1.00,4.40
2010.09.27 14:01:28.084,1.5819,1.5821,1.00,6.40
2010.09.27 14:01:28.371,1.5819,1.5821,1.00,7.20
2010.09.27 14:01:30.107,1.5819,1.5821,1.00,7.60
2010.09.27 14:01:30.411,1.5819,1.5821,1.00,8.40
2010.09.27 14:01:31.932,1.5819,1.5821,1.00,7.60
2010.09.27 14:01:32.273,1.5819,1.5821,1.00,7.20
2010.09.27 14:01:32.626,1.5819,1.5821,1.00,6.40
2010.09.27 14:01:32.975,1.5819,1.5821,2.40,6.40
2010.09.27 14:01:33.322,1.5819,1.5821,2.40,7.20
2010.09.27 14:01:34.195,1.5819,1.5821,1.00,7.20
2010.09.27 14:01:43.182,1.5819,1.5821,2.40,7.20
2010.09.27 14:01:43.523,1.5819,1.5821,1.00,7.20
2010.09.27 14:01:44.552,1.5819,1.5821,2.40,7.20
2010.09.27 14:01:45.114,1.5819,1.5821,3.20,4.00
2010.09.27 14:01:49.183,1.58195,1.5821,1.40,3.80
2010.09.27 14:01:49.343,1.582,1.5821,1.00,3.00
2010.09.27 14:01:49.675,1.582,1.5821,1.00,2.60
2010.09.27 14:01:49.947,1.582,1.5822,1.00,1.80
2010.09.27 14:01:50.208,1.582,1.5822,1.60,1.80
2010.09.27 14:01:50.962,1.58205,1.5822,1.00,1.60
2010.09.27 14:01:51.312,1.58205,1.58225,9.40,2.40
2010.09.27 14:01:51.553,1.58205,1.58225,10.20,1.60
2010.09.27 14:01:52.035,1.58205,1.58225,11.40,1.60
2010.09.27 14:01:52.293,1.5821,1.58225,1.00,1.60
2010.09.27 14:01:52.640,1.5821,1.58225,1.00,1.60
2010.09.27 14:01:52.977,1.5821,1.58225,1.00,1.00
2010.09.27 14:01:53.324,1.58215,1.58225,1.00,1.00
2010.09.27 14:01:53.585,1.5822,1.5824,10.70,1.60
2010.09.27 14:01:53.840,1.5822,1.5824,4.00,2.20
2010.09.27 14:01:54.409,1.5822,1.5823,1.00,1.00
2010.09.27 14:01:54.770,1.5821,1.5823,9.20,1.80
2010.09.27 14:01:55.319,1.5821,1.58225,3.20,1.00
2010.09.27 14:01:55.671,1.5821,1.58225,2.40,1.00
2010.09.27 14:01:56.012,1.5821,1.58225,2.40,1.00
2010.09.27 14:01:56.714,1.5821,1.5823,11.60,1.00
2010.09.27 14:01:56.939,1.58215,1.58235,1.00,4.00
2010.09.27 14:01:57.390,1.58215,1.58235,1.00,1.80
2010.09.27 14:01:57.623,1.58215,1.58235,1.00,1.70
2010.09.27 14:01:57.974,1.58215,1.58235,1.00,1.60
2010.09.27 14:01:58.714,1.58215,1.58235,1.00,1.70
2010.09.27 14:02:00.931,1.58215,1.58235,1.00,4.50
2010.09.27 14:02:01.021,1.5821,1.5823,5.00,1.60
2010.09.27 14:02:01.112,1.5821,1.5823,5.00,1.60
2010.09.27 14:02:01.207,1.5821,1.5823,8.40,1.60
2010.09.27 14:02:01.300,1.5821,1.5823,8.60,1.60
2010.09.27 14:02:01.696,1.5821,1.5823,3.20,1.60
2010.09.27 14:02:02.905,1.5821,1.5823,3.20,1.60
2010.09.27 14:02:03.145,1.5821,1.5823,3.20,1.60
2010.09.27 14:02:06.431,1.5821,1.5823,3.20,1.60
2010.09.27 14:02:07.483,1.5821,1.58225,3.20,1.00
2010.09.27 14:02:07.846,1.58205,1.58225,1.60,1.20
2010.09.27 14:02:08.203,1.582,1.5822,10.60,1.00
2010.09.27 14:02:08.675,1.582,1.5822,3.20,1.00
2010.09.27 14:02:09.034,1.582,1.5822,3.20,2.20
2010.09.27 14:02:09.648,1.582,1.5822,3.20,1.60
2010.09.27 14:02:10.348,1.582,1.58215,2.40,1.00
2010.09.27 14:02:10.970,1.582,1.58215,2.40,2.40
2010.09.27 14:02:11.322,1.582,1.58215,1.60,3.40
2010.09.27 14:02:11.668,1.58195,1.58215,4.80,3.10
2010.09.27 14:02:12.017,1.58195,1.5821,5.60,1.00
2010.09.27 14:02:12.359,1.58195,1.5821,4.80,1.00
2010.09.27 14:02:14.706,1.58195,1.5821,4.80,1.00
2010.09.27 14:02:15.292,1.58195,1.5821,4.90,1.00
2010.09.27 14:02:15.638,1.58195,1.5821,2.50,1.20
2010.09.27 14:02:15.988,1.58195,1.58205,4.00,1.00
2010.09.27 14:02:16.336,1.58195,1.5821,4.80,1.00
2010.09.27 14:02:16.685,1.58195,1.58215,4.80,4.30
2010.09.27 14:02:17.034,1.58195,1.58215,4.80,3.90
2010.09.27 14:02:20.225,1.58195,1.58215,4.80,5.50
2010.09.27 14:02:22.101,1.58195,1.58215,4.80,5.50
2010.09.27 14:02:22.393,1.58205,1.58215,5.20,5.20
2010.09.27 14:02:22.721,1.58205,1.58215,1.00,1.00
2010.09.27 14:02:22.963,1.5821,1.58225,5.80,4.40
2010.09.27 14:02:23.446,1.5821,1.5823,6.60,3.20
2010.09.27 14:02:23.697,1.5821,1.5823,7.10,1.60
2010.09.27 14:02:24.048,1.5821,1.5823,8.60,1.60
2010.09.27 14:02:26.097,1.5821,1.5823,8.40,1.60
2010.09.27 14:02:26.354,1.58205,1.58225,5.60,1.00
2010.09.27 14:02:26.838,1.58205,1.58225,5.60,1.60
2010.09.27 14:02:27.193,1.5821,1.5823,1.00,2.00
2010.09.27 14:02:27.539,1.5821,1.5823,7.80,1.60
2010.09.27 14:02:28.123,1.5821,1.5823,1.00,1.80
2010.09.27 14:02:28.831,1.58205,1.58225,4.00,1.80
2010.09.27 14:02:29.179,1.58205,1.5822,1.60,1.00
2010.09.27 14:02:30.674,1.582,1.5822,4.80,1.00
2010.09.27 14:02:33.410,1.58205,1.5822,5.20,1.00
2010.09.27 14:02:33.686,1.58205,1.58225,9.60,1.60
2010.09.27 14:02:33.961,1.5821,1.58225,1.00,1.60
2010.09.27 14:02:34.697,1.5821,1.58225,1.60,1.00
2010.09.27 14:02:36.890,1.5821,1.58225,1.60,1.00
2010.09.27 14:02:37.380,1.58205,1.58225,10.60,1.60
2010.09.27 14:02:37.611,1.58205,1.58225,6.60,3.20
2010.09.27 14:02:37.962,1.58205,1.5822,1.00,1.00
2010.09.27 14:02:38.478,1.582,1.58215,6.40,1.00
2010.09.27 14:02:38.840,1.582,1.5821,2.40,1.00
2010.09.27 14:02:39.444,1.582,1.5821,2.40,1.00
2010.09.27 14:02:39.796,1.582,1.58215,3.20,1.00
2010.09.27 14:02:40.145,1.582,1.58215,4.00,1.00
2010.09.27 14:02:41.493,1.582,1.58215,4.00,1.00
2010.09.27 14:02:41.945,1.582,1.58215,2.40,1.00
2010.09.27 14:02:42.496,1.582,1.58215,2.40,1.00
2010.09.27 14:02:43.084,1.582,1.58215,2.40,1.00
2010.09.27 14:02:44.743,1.582,1.58215,4.00,1.00
2010.09.27 14:02:46.923,1.582,1.58215,9.20,1.00
2010.09.27 14:02:47.174,1.58205,1.58215,1.00,1.00
2010.09.27 14:02:47.371,1.58205,1.58225,2.50,1.60
2010.09.27 14:02:47.786,1.58205,1.58225,4.10,1.60
2010.09.27 14:02:48.139,1.5821,1.58225,1.00,1.00
2010.09.27 14:02:48.486,1.58205,1.58225,5.70,1.00
2010.09.27 14:02:49.209,1.58205,1.58225,3.30,1.60
2010.09.27 14:02:49.555,1.58205,1.5822,1.90,1.00
2010.09.27 14:02:50.244,1.58205,1.5822,1.70,1.00
2010.09.27 14:02:51.545,1.58205,1.5822,3.30,1.00
2010.09.27 14:02:51.810,1.58205,1.5822,3.20,1.00
2010.09.27 14:02:52.725,1.58205,1.5822,8.40,1.00
2010.09.27 14:02:52.966,1.58205,1.58225,12.60,1.60
2010.09.27 14:02:53.190,1.58205,1.58225,13.40,1.60
2010.09.27 14:02:57.876,1.5821,1.5823,2.40,3.60
2010.09.27 14:02:57.920,1.5821,1.5823,2.40,3.60
2010.09.27 14:02:57.991,1.5821,1.5823,2.40,3.20
2010.09.27 14:02:58.441,1.5821,1.5823,2.40,1.60
2010.09.27 14:02:58.723,1.5821,1.5823,2.40,1.80
2010.09.27 14:03:00.552,1.5821,1.58225,2.40,1.00
2010.09.27 14:03:00.902,1.5821,1.5823,2.50,2.60
2010.09.27 14:03:01.088,1.5821,1.5823,3.30,1.00
2010.09.27 14:03:03.633,1.5821,1.58225,3.30,1.00
2010.09.27 14:03:03.900,1.5821,1.5823,3.20,1.00
2010.09.27 14:03:04.168,1.5821,1.5823,2.40,1.80
2010.09.27 14:03:04.758,1.5821,1.5823,2.40,1.80
2010.09.27 14:03:05.108,1.5821,1.5823,2.40,1.80
2010.09.27 14:03:05.917,1.5821,1.5823,2.40,1.80
2010.09.27 14:03:07.752,1.5821,1.5823,2.40,1.80
2010.09.27 14:03:08.334,1.5821,1.5823,2.90,1.80
2010.09.27 14:03:08.685,1.5821,1.5823,3.00,1.80
2010.09.27 14:03:09.271,1.5821,1.5823,2.90,1.80
2010.09.27 14:03:09.385,1.5821,1.5823,3.00,1.80
2010.09.27 14:03:10.074,1.5821,1.5823,2.90,1.80
2010.09.27 14:03:10.619,1.5821,1.5823,2.50,1.80
2010.09.27 14:03:11.522,1.58215,1.5823,1.60,1.80
2010.09.27 14:03:11.869,1.58215,1.5823,1.00,1.00
2010.09.27 14:03:12.217,1.58215,1.5823,4.80,1.00
2010.09.27 14:03:12.773,1.5822,1.58235,5.20,4.20
2010.09.27 14:03:13.128,1.58225,1.5824,1.00,1.00
2010.09.27 14:03:13.720,1.58225,1.5824,1.60,1.00
2010.09.27 14:03:14.077,1.58225,1.5824,1.00,1.00
2010.09.27 14:03:14.999,1.5823,1.58245,3.20,1.60
2010.09.27 14:03:15.358,1.58235,1.58255,1.00,4.80
2010.09.27 14:03:15.708,1.5824,1.58255,1.60,2.40
2010.09.27 14:03:16.059,1.5824,1.5826,2.40,3.80
2010.09.27 14:03:16.408,1.5824,1.5826,1.00,6.60
2010.09.27 14:03:16.983,1.5824,1.58255,1.00,1.00
2010.09.27 14:03:17.337,1.58235,1.58255,3.20,1.00
2010.09.27 14:03:17.683,1.58235,1.58255,1.60,2.40
2010.09.27 14:03:18.035,1.58235,1.5825,1.60,1.00
2010.09.27 14:03:18.509,1.5823,1.5825,4.00,4.80
2010.09.27 14:03:18.774,1.5823,1.5825,4.00,2.20
2010.09.27 14:03:19.575,1.5823,1.5825,4.00,1.80
2010.09.27 14:03:20.207,1.5823,1.5825,1.60,1.80
2010.09.27 14:03:20.560,1.5823,1.58245,1.60,1.00
2010.09.27 14:03:20.983,1.5823,1.58245,1.00,1.00
2010.09.27 14:03:21.263,1.58225,1.58245,4.10,5.40
2010.09.27 14:03:21.815,1.58225,1.58245,3.30,5.40
2010.09.27 14:03:22.094,1.58225,1.58245,3.20,5.40
2010.09.27 14:03:23.066,1.58225,1.58245,3.20,6.20
2010.09.27 14:03:24.451,1.58225,1.5824,1.00,1.00
2010.09.27 14:03:24.805,1.5822,1.5824,4.00,1.40
2010.09.27 14:03:25.164,1.5823,1.58245,5.40,2.60
2010.09.27 14:03:25.521,1.5823,1.58245,1.60,1.00
2010.09.27 14:03:25.871,1.58225,1.58245,4.00,1.60
2010.09.27 14:03:26.409,1.58225,1.58245,1.60,1.60
2010.09.27 14:03:27.103,1.58225,1.58245,3.20,1.60
2010.09.27 14:03:27.679,1.58225,1.5824,1.60,1.00
2010.09.27 14:03:28.033,1.5822,1.58235,6.40,1.00
2010.09.27 14:03:28.380,1.5822,1.58235,5.60,1.00
2010.09.27 14:03:28.727,1.5822,1.5824,6.40,4.00
2010.09.27 14:03:29.074,1.5822,1.5824,6.40,2.40
2010.09.27 14:03:29.422,1.5822,1.5824,6.40,2.00
2010.09.27 14:03:29.762,1.5822,1.5824,6.40,1.60
2010.09.27 14:03:30.440,1.5822,1.5824,6.40,2.40
2010.09.27 14:03:31.772,1.5822,1.5824,7.20,1.60
2010.09.27 14:03:38.038,1.5822,1.58235,1.60,1.00
2010.09.27 14:03:38.649,1.5822,1.58235,1.60,1.80
2010.09.27 14:03:39.008,1.5822,1.58235,2.40,1.00
2010.09.27 14:03:41.248,1.5822,1.5824,3.20,3.00
2010.09.27 14:03:41.740,1.5822,1.5824,3.20,2.20
2010.09.27 14:03:42.047,1.5822,1.5824,3.30,1.80
2010.09.27 14:03:42.393,1.5822,1.5824,4.10,1.80
2010.09.27 14:03:42.746,1.5822,1.5824,4.00,1.80
2010.09.27 14:03:43.093,1.5822,1.5824,4.00,1.80
2010.09.27 14:03:43.652,1.5823,1.58245,5.80,3.20
2010.09.27 14:03:44.004,1.5823,1.58245,1.60,1.60
2010.09.27 14:03:44.356,1.58225,1.58245,3.20,1.60
2010.09.27 14:03:44.704,1.58225,1.58245,2.40,1.60
2010.09.27 14:03:45.060,1.58225,1.58245,2.40,3.20
2010.09.27 14:03:45.367,1.58225,1.58245,2.40,4.00
2010.09.27 14:03:46.020,1.5822,1.5824,5.60,1.00
2010.09.27 14:03:46.324,1.5822,1.5824,5.60,1.60
2010.09.27 14:03:46.673,1.5822,1.5824,5.60,2.40
2010.09.27 14:03:48.246,1.5822,1.5824,11.40,1.60
2010.09.27 14:03:48.448,1.5822,1.5824,14.60,1.60
2010.09.27 14:03:48.845,1.5822,1.5824,15.00,1.60
2010.09.27 14:03:49.023,1.5822,1.5824,7.60,1.60
2010.09.27 14:03:49.195,1.5822,1.5824,5.60,2.40
2010.09.27 14:03:49.364,1.5822,1.5824,14.20,2.40
2010.09.27 14:03:49.715,1.5822,1.5824,7.20,2.40
2010.09.27 14:03:50.235,1.5822,1.5824,5.60,2.40
2010.09.27 14:03:50.601,1.5822,1.5824,5.60,1.60
2010.09.27 14:03:51.321,1.5822,1.5824,4.80,5.60
2010.09.27 14:03:51.674,1.5822,1.58235,2.40,1.00
2010.09.27 14:03:52.022,1.5821,1.5823,4.00,1.80
2010.09.27 14:03:52.368,1.5821,1.5823,2.40,2.60
2010.09.27 14:03:52.716,1.5821,1.5823,2.40,6.20
2010.09.27 14:03:53.415,1.5821,1.5823,2.40,4.20
2010.09.27 14:03:55.250,1.5821,1.5823,2.40,4.20
2010.09.27 14:03:56.736,1.5821,1.5823,2.40,4.20
2010.09.27 14:03:57.847,1.5821,1.5823,2.40,4.60
2010.09.27 14:03:58.162,1.5821,1.5823,2.40,6.20
2010.09.27 14:03:58.556,1.5821,1.5823,1.60,6.20
2010.09.27 14:03:59.465,1.5821,1.58225,1.60,1.00
2010.09.27 14:03:59.820,1.58205,1.58225,3.20,1.80
2010.09.27 14:04:00.857,1.58205,1.58225,3.20,4.20
2010.09.27 14:04:01.428,1.58205,1.58225,1.60,4.20
2010.09.27 14:04:03.024,1.58205,1.58215,1.60,1.00
2010.09.27 14:04:03.245,1.582,1.58215,1.00,1.00
2010.09.27 14:04:03.552,1.582,1.5822,1.00,5.40
2010.09.27 14:04:03.786,1.582,1.58215,1.00,1.00
2010.09.27 14:04:04.353,1.582,1.58215,1.00,1.00
2010.09.27 14:04:04.501,1.58195,1.58215,5.00,4.00
2010.09.27 14:04:04.853,1.58195,1.5821,3.20,1.00
2010.09.27 14:04:05.639,1.58195,1.5821,3.20,1.60
2010.09.27 14:04:07.591,1.58195,1.5821,3.20,1.60
2010.09.27 14:04:09.871,1.58195,1.5821,3.20,1.70
2010.09.27 14:04:10.424,1.58195,1.58215,10.70,6.90
2010.09.27 14:04:10.704,1.582,1.58215,6.60,1.60
2010.09.27 14:04:11.018,1.582,1.58215,6.60,1.00
2010.09.27 14:04:11.296,1.582,1.5822,7.40,4.10
2010.09.27 14:04:11.866,1.582,1.5822,7.00,2.50
2010.09.27 14:04:12.219,1.582,1.5822,9.00,2.40
2010.09.27 14:04:13.255,1.582,1.5822,9.80,2.40
2010.09.27 14:04:13.831,1.58205,1.58225,6.20,2.40
2010.09.27 14:04:14.183,1.58205,1.58225,4.00,1.00
2010.09.27 14:04:14.526,1.58205,1.58225,3.20,1.00
2010.09.27 14:04:14.878,1.58205,1.58225,2.40,3.20
2010.09.27 14:04:15.227,1.58205,1.58225,2.40,3.20
2010.09.27 14:04:15.768,1.58205,1.58225,2.40,3.20
2010.09.27 14:04:16.121,1.58205,1.58225,3.20,1.60
2010.09.27 14:04:16.471,1.58205,1.58225,9.20,1.00
2010.09.27 14:04:16.819,1.5821,1.5823,1.00,1.80
2010.09.27 14:04:17.171,1.5821,1.5823,1.00,3.20
2010.09.27 14:04:18.050,1.5821,1.5823,1.00,4.80
2010.09.27 14:04:18.395,1.58205,1.58225,4.00,1.00
2010.09.27 14:04:18.747,1.58205,1.58225,4.00,2.40
2010.09.27 14:04:19.097,1.58205,1.58225,3.20,3.20
2010.09.27 14:04:21.029,1.58205,1.58225,4.00,3.20
2010.09.27 14:04:21.380,1.58205,1.58225,4.00,1.60
2010.09.27 14:04:21.730,1.58205,1.58225,4.00,1.00
2010.09.27 14:04:22.080,1.5821,1.58225,1.00,1.00
2010.09.27 14:04:22.539,1.5821,1.58225,1.20,1.00
2010.09.27 14:04:22.889,1.5821,1.58225,1.00,1.00
2010.09.27 14:04:23.242,1.5821,1.58225,1.00,1.00
2010.09.27 14:04:24.024,1.58205,1.58225,4.10,1.00
2010.09.27 14:04:24.799,1.58205,1.58225,4.00,1.00
2010.09.27 14:04:26.155,1.58205,1.58225,4.00,3.20
2010.09.27 14:04:26.931,1.58205,1.58225,4.00,1.60
2010.09.27 14:04:29.939,1.5821,1.5823,1.00,4.80
2010.09.27 14:04:31.733,1.5821,1.5823,1.00,1.60
2010.09.27 14:04:32.011,1.5821,1.5823,1.60,1.60
2010.09.27 14:04:32.234,1.5821,1.5823,2.80,1.60
2010.09.27 14:04:32.590,1.5821,1.5823,2.40,1.60
2010.09.27 14:04:32.937,1.5821,1.5823,2.40,1.60
2010.09.27 14:04:34.339,1.5821,1.5823,1.60,1.60
2010.09.27 14:04:35.606,1.5821,1.5823,1.60,3.60
2010.09.27 14:04:35.962,1.58205,1.58225,2.40,3.20
2010.09.27 14:04:37.902,1.58205,1.58225,3.20,1.60
2010.09.27 14:04:39.411,1.58205,1.58225,3.30,1.60
2010.09.27 14:04:39.799,1.58205,1.58225,4.10,1.00
2010.09.27 14:04:40.156,1.5821,1.5823,1.60,1.00
2010.09.27 14:04:40.719,1.58215,1.5823,1.00,1.00
2010.09.27 14:04:41.077,1.58215,1.58235,1.60,3.00
2010.09.27 14:04:41.652,1.58215,1.58235,1.60,5.00
2010.09.27 14:04:42.315,1.58215,1.58235,1.60,3.60
2010.09.27 14:04:42.654,1.58215,1.58235,1.60,1.60
2010.09.27 14:04:44.383,1.58215,1.5823,1.00,2.20
2010.09.27 14:04:44.743,1.58205,1.58225,4.00,2.20
2010.09.27 14:04:45.320,1.58205,1.58225,2.40,3.80
2010.09.27 14:04:45.662,1.58205,1.58225,1.00,5.00
2010.09.27 14:04:46.250,1.582,1.58225,6.40,7.20
2010.09.27 14:04:46.605,1.582,1.5822,4.80,1.00
2010.09.27 14:04:49.504,1.582,1.5822,6.10,1.00
2010.09.27 14:04:50.248,1.582,1.5822,6.00,1.00
2010.09.27 14:04:51.768,1.582,1.58215,9.40,1.00
2010.09.27 14:04:52.124,1.58205,1.5822,6.80,1.00
2010.09.27 14:04:52.441,1.58205,1.5822,6.90,1.00
2010.09.27 14:04:52.750,1.5821,1.5823,3.20,1.00
2010.09.27 14:04:53.048,1.5821,1.5823,1.70,1.00
2010.09.27 14:04:53.335,1.5821,1.5823,3.30,1.00
2010.09.27 14:04:54.039,1.5821,1.5823,3.20,1.00
2010.09.27 14:04:55.088,1.5821,1.5823,10.00,1.00
2010.09.27 14:04:55.609,1.5821,1.5823,10.20,1.00
2010.09.27 14:04:55.959,1.5821,1.5823,10.50,1.00
2010.09.27 14:04:56.644,1.5821,1.5823,11.50,1.00
2010.09.27 14:04:56.943,1.5821,1.5823,13.10,1.00
2010.09.27 14:04:57.237,1.58215,1.58235,1.00,1.60
2010.09.27 14:04:57.544,1.5822,1.58235,1.60,1.60
2010.09.27 14:04:57.739,1.5822,1.58235,1.60,1.00
2010.09.27 14:04:57.933,1.5822,1.58235,2.40,1.00
2010.09.27 14:04:58.705,1.5822,1.5824,3.60,1.60
2010.09.27 14:04:59.061,1.5822,1.5824,4.40,1.60
2010.09.27 14:05:00.147,1.5822,1.5824,10.20,1.60
2010.09.27 14:05:00.496,1.5822,1.5824,10.20,1.00
2010.09.27 14:05:00.842,1.5822,1.5824,11.80,1.00
2010.09.27 14:05:01.738,1.5822,1.5824,11.40,1.00
2010.09.27 14:05:02.738,1.5822,1.5824,6.00,1.00
2010.09.27 14:05:03.054,1.5822,1.5824,4.40,1.00
2010.09.27 14:05:03.406,1.5822,1.5824,3.20,1.80
2010.09.27 14:05:03.994,1.5822,1.5824,1.60,1.80
2010.09.27 14:05:04.256,1.5822,1.5824,1.00,3.40
2010.09.27 14:05:05.253,1.5822,1.5824,1.00,3.20
2010.09.27 14:05:05.964,1.5822,1.5824,7.80,2.40
2010.09.27 14:05:06.320,1.58225,1.58245,1.00,3.20
2010.09.27 14:05:13.341,1.58225,1.58245,1.60,3.20
2010.09.27 14:05:20.580,1.58225,1.58245,2.40,2.40
2010.09.27 14:05:20.841,1.5823,1.58245,5.80,1.00
2010.09.27 14:05:21.425,1.58235,1.58255,1.00,4.00
2010.09.27 14:05:21.779,1.58235,1.58255,1.00,3.20
2010.09.27 14:05:22.128,1.58235,1.58255,1.00,4.80
2010.09.27 14:05:22.864,1.5824,1.58255,1.60,1.60
2010.09.27 14:05:23.221,1.5824,1.5826,1.60,4.80
2010.09.27 14:05:25.016,1.5824,1.58255,1.00,1.00
2010.09.27 14:05:26.055,1.58235,1.58255,2.40,2.20
2010.09.27 14:05:26.391,1.58235,1.58255,2.40,3.80
2010.09.27 14:05:27.315,1.58235,1.58255,2.40,4.20
2010.09.27 14:05:28.807,1.58235,1.58255,2.40,5.00
2010.09.27 14:05:29.085,1.58235,1.5825,1.60,1.00
2010.09.27 14:05:29.359,1.58235,1.58255,1.00,6.70
2010.09.27 14:05:29.711,1.58235,1.58255,1.00,6.20
2010.09.27 14:05:30.080,1.58235,1.58255,2.40,5.00
2010.09.27 14:05:30.443,1.58235,1.58255,2.40,3.40
2010.09.27 14:05:31.349,1.58245,1.58255,1.00,3.00
2010.09.27 14:05:31.662,1.5824,1.58255,1.00,1.60
2010.09.27 14:05:31.966,1.58235,1.58255,4.00,1.60
2010.09.27 14:05:32.280,1.5824,1.58255,1.00,1.00
2010.09.27 14:05:32.586,1.5824,1.5826,1.00,3.20
2010.09.27 14:05:32.939,1.5824,1.5826,1.00,3.40
2010.09.27 14:05:35.191,1.5824,1.58255,1.00,1.00
2010.09.27 14:05:36.690,1.5824,1.5826,1.00,3.20
2010.09.27 14:05:37.027,1.5824,1.5826,1.60,3.20
2010.09.27 14:05:38.580,1.5824,1.5826,1.00,3.20
2010.09.27 14:05:38.935,1.58235,1.58255,2.40,1.60
2010.09.27 14:05:39.805,1.58235,1.5826,9.40,3.20
2010.09.27 14:05:40.159,1.5824,1.5826,1.00,3.20
2010.09.27 14:05:40.720,1.5824,1.5826,1.20,3.20
2010.09.27 14:05:41.071,1.5824,1.5826,1.20,3.20
2010.09.27 14:05:41.416,1.5824,1.5826,1.20,3.20
2010.09.27 14:05:44.465,1.5824,1.5826,1.00,3.20
2010.09.27 14:05:44.756,1.5824,1.5826,1.00,1.60
2010.09.27 14:05:44.919,1.5824,1.5826,1.00,4.00
2010.09.27 14:05:45.272,1.5824,1.5826,1.00,7.20
2010.09.27 14:05:45.833,1.5824,1.5826,1.00,5.60
2010.09.27 14:05:46.179,1.5824,1.5826,1.00,5.70
2010.09.27 14:05:46.864,1.5824,1.5826,1.00,5.60
2010.09.27 14:05:49.110,1.5824,1.58255,1.00,1.00
2010.09.27 14:05:49.352,1.5824,1.58255,1.00,1.20
2010.09.27 14:05:49.474,1.5824,1.58255,1.00,1.30
2010.09.27 14:05:49.859,1.58235,1.58255,3.20,1.60
2010.09.27 14:05:50.664,1.58235,1.58255,2.40,1.60
2010.09.27 14:05:51.103,1.58235,1.5825,1.60,1.00
2010.09.27 14:05:51.313,1.5823,1.5825,13.90,1.00
2010.09.27 14:05:51.515,1.58235,1.5825,1.00,1.00
2010.09.27 14:05:51.717,1.58235,1.5825,1.00,1.00
2010.09.27 14:05:51.990,1.58235,1.58255,1.60,1.60
2010.09.27 14:05:52.195,1.58235,1.58255,3.20,1.00
2010.09.27 14:05:52.555,1.58235,1.58255,9.20,1.00
2010.09.27 14:05:52.952,1.5824,1.5826,1.00,3.20
2010.09.27 14:05:53.307,1.5824,1.5826,1.60,3.20
2010.09.27 14:05:54.706,1.5824,1.5826,1.60,3.20
2010.09.27 14:05:56.754,1.5824,1.5826,1.60,3.20
2010.09.27 14:05:58.990,1.5824,1.5826,1.60,3.20
2010.09.27 14:06:01.688,1.5824,1.5826,1.60,3.20
2010.09.27 14:06:05.527,1.5824,1.5826,1.70,3.20
2010.09.27 14:06:05.879,1.58245,1.5826,1.60,2.40
2010.09.27 14:06:07.981,1.58245,1.5826,1.60,2.60
2010.09.27 14:06:10.285,1.58245,1.5826,1.60,2.40
2010.09.27 14:06:11.270,1.58245,1.5826,1.60,2.40
2010.09.27 14:06:12.150,1.5825,1.5826,1.60,1.00
2010.09.27 14:06:14.125,1.5825,1.5826,1.60,2.40
2010.09.27 14:06:17.191,1.5825,1.5826,1.60,1.00
2010.09.27 14:06:18.259,1.5825,1.5826,1.60,1.00
2010.09.27 14:06:19.190,1.5825,1.5826,1.60,2.60
2010.09.27 14:06:19.542,1.5825,1.5826,1.60,2.40
2010.09.27 14:06:20.578,1.5825,1.5826,1.60,1.00
2010.09.27 14:06:21.686,1.58255,1.58265,1.60,3.20
2010.09.27 14:06:22.271,1.58255,1.58265,1.60,1.60
2010.09.27 14:06:22.616,1.5825,1.58265,1.60,1.60
2010.09.27 14:06:23.344,1.5825,1.58265,1.60,1.60
2010.09.27 14:06:25.056,1.5825,1.5826,1.60,1.00
2010.09.27 14:06:30.469,1.5824,1.5825,4.00,4.00
2010.09.27 14:06:31.002,1.58245,1.5826,1.60,1.00
2010.09.27 14:06:31.351,1.5825,1.5826,1.60,1.00
2010.09.27 14:06:32.634,1.58245,1.5826,1.60,4.80
2010.09.27 14:06:32.934,1.58245,1.5826,1.60,7.20
2010.09.27 14:06:33.557,1.58245,1.58255,1.60,1.00
2010.09.27 14:06:35.187,1.58245,1.5826,1.60,10.00
2010.09.27 14:06:35.536,1.58245,1.5826,1.60,6.00
2010.09.27 14:06:37.064,1.5824,1.5825,4.00,1.00
2010.09.27 14:06:37.383,1.5824,1.58255,3.20,2.40
2010.09.27 14:06:39.371,1.58245,1.58255,2.00,1.60
2010.09.27 14:06:39.724,1.5825,1.5826,3.20,1.00
2010.09.27 14:06:40.626,1.5825,1.5826,1.60,1.00
2010.09.27 14:06:40.954,1.5825,1.5826,3.20,1.00
2010.09.27 14:06:41.287,1.5825,1.5826,3.20,1.00
2010.09.27 14:06:41.457,1.5825,1.5826,1.60,1.80
2010.09.27 14:06:43.762,1.5825,1.58255,1.60,1.00
2010.09.27 14:06:43.922,1.58245,1.58255,1.60,1.00
2010.09.27 14:06:44.084,1.58245,1.58255,1.60,1.00
2010.09.27 14:06:44.412,1.5824,1.58255,4.00,1.00
2010.09.27 14:06:44.572,1.58245,1.58255,1.60,1.00
2010.09.27 14:06:46.156,1.5824,1.58255,2.40,1.00
2010.09.27 14:06:46.364,1.5824,1.5826,2.40,5.80
2010.09.27 14:06:46.660,1.5824,1.5826,2.40,4.20
2010.09.27 14:06:46.885,1.58245,1.5826,1.60,1.80
2010.09.27 14:06:49.723,1.5824,1.5826,5.60,1.80
2010.09.27 14:06:50.386,1.58245,1.5826,1.60,1.80
2010.09.27 14:06:51.559,1.58245,1.5826,4.40,1.60
2010.09.27 14:06:52.058,1.5825,1.5826,1.60,1.60
2010.09.27 14:06:56.174,1.58245,1.5826,1.60,1.80
2010.09.27 14:07:00.307,1.58245,1.5826,1.60,1.00
2010.09.27 14:07:02.925,1.58245,1.5826,2.00,1.00
2010.09.27 14:07:03.093,1.58245,1.5826,3.60,1.00
2010.09.27 14:07:03.255,1.58245,1.5826,5.20,1.00
2010.09.27 14:07:03.421,1.58245,1.58265,6.00,1.80
2010.09.27 14:07:05.331,1.5825,1.58265,1.60,1.80
2010.09.27 14:07:05.558,1.5825,1.58265,2.40,1.60
2010.09.27 14:07:05.926,1.5825,1.58265,2.40,1.00
2010.09.27 14:07:07.690,1.58255,1.5827,1.60,1.00
2010.09.27 14:07:08.534,1.58255,1.5827,4.40,1.00
2010.09.27 14:07:09.136,1.58255,1.5827,6.00,1.00
2010.09.27 14:07:10.187,1.5826,1.5827,1.60,1.00
2010.09.27 14:07:10.537,1.58255,1.58275,6.00,1.80
2010.09.27 14:07:10.887,1.58255,1.5827,1.60,1.00
2010.09.27 14:07:11.389,1.5826,1.58275,1.60,2.60
2010.09.27 14:07:11.745,1.5826,1.5827,1.60,1.00
2010.09.27 14:07:12.092,1.58255,1.5827,3.20,1.00
2010.09.27 14:07:12.522,1.58255,1.58275,4.80,4.20
2010.09.27 14:07:12.878,1.58255,1.5827,3.20,1.00
2010.09.27 14:07:13.917,1.58255,1.5827,2.40,1.00
2010.09.27 14:07:17.935,1.5826,1.5827,1.60,1.00
2010.09.27 14:07:18.562,1.58265,1.58275,1.60,1.80
2010.09.27 14:07:19.243,1.58265,1.58275,1.60,1.00
2010.09.27 14:07:19.589,1.5827,1.5828,2.40,6.00
2010.09.27 14:07:19.866,1.5827,1.5828,2.40,3.60
2010.09.27 14:07:20.072,1.5827,1.58285,4.40,1.60
2010.09.27 14:07:20.268,1.5827,1.58285,4.00,1.00
2010.09.27 14:07:20.472,1.5827,1.58285,3.40,1.00
2010.09.27 14:07:20.833,1.5828,1.5829,1.60,1.00
2010.09.27 14:07:21.187,1.58275,1.58295,5.60,1.00
2010.09.27 14:07:21.546,1.5828,1.58295,2.40,1.00
2010.09.27 14:07:22.250,1.5828,1.58295,1.60,1.40
2010.09.27 14:07:22.602,1.5828,1.58295,1.60,2.60
2010.09.27 14:07:22.950,1.5828,1.58295,1.60,3.40
2010.09.27 14:07:23.508,1.5828,1.58295,1.60,5.00
2010.09.27 14:07:23.860,1.58275,1.58295,2.40,5.00
2010.09.27 14:07:25.140,1.58275,1.5829,2.40,1.00
2010.09.27 14:07:29.617,1.58275,1.58295,2.40,4.60
2010.09.27 14:07:29.966,1.58275,1.58295,3.20,4.60
2010.09.27 14:07:30.637,1.5828,1.58295,1.60,4.60
2010.09.27 14:07:34.611,1.5828,1.58295,1.60,4.20
2010.09.27 14:07:35.046,1.58285,1.58295,1.60,3.20
2010.09.27 14:07:35.331,1.58285,1.583,2.40,1.60
2010.09.27 14:07:35.613,1.5829,1.583,1.60,1.00
2010.09.27 14:07:37.261,1.58285,1.583,2.40,1.00
2010.09.27 14:07:37.534,1.58285,1.583,2.40,1.40
2010.09.27 14:07:37.798,1.58285,1.583,2.40,1.00
2010.09.27 14:07:40.241,1.58285,1.58295,1.60,1.00
2010.09.27 14:07:40.578,1.58285,1.583,1.60,1.40
2010.09.27 14:07:40.897,1.58285,1.583,1.60,1.00
2010.09.27 14:07:48.711,1.58285,1.583,1.60,1.00
2010.09.27 14:07:48.922,1.58285,1.583,1.60,1.60
2010.09.27 14:07:49.060,1.58285,1.583,1.60,1.60
2010.09.27 14:07:49.132,1.5828,1.583,5.00,1.60
2010.09.27 14:07:49.386,1.5828,1.583,3.40,1.60
2010.09.27 14:07:49.763,1.5828,1.58295,2.40,1.00
2010.09.27 14:07:56.771,1.58275,1.58295,5.70,1.00
2010.09.27 14:07:57.706,1.5828,1.58295,2.40,1.00
2010.09.27 14:07:58.059,1.5828,1.583,2.40,3.80
2010.09.27 14:07:59.851,1.58285,1.583,1.60,3.20
2010.09.27 14:08:00.351,1.58285,1.583,1.60,1.20
2010.09.27 14:08:00.576,1.5828,1.583,6.10,1.80
2010.09.27 14:08:00.796,1.5828,1.583,4.80,3.40
2010.09.27 14:08:01.683,1.58285,1.58295,1.60,1.00
2010.09.27 14:08:02.041,1.5828,1.58295,2.40,1.20
2010.09.27 14:08:02.677,1.5828,1.58295,2.40,1.00
2010.09.27 14:08:03.094,1.5828,1.5829,2.40,1.00
2010.09.27 14:08:03.851,1.58275,1.5829,3.20,1.00
2010.09.27 14:08:05.978,1.58275,1.58285,3.20,1.00
2010.09.27 14:08:06.295,1.58275,1.5829,3.20,1.00
2010.09.27 14:08:07.109,1.58275,1.5829,3.20,1.00
2010.09.27 14:08:09.323,1.58285,1.58295,1.00,1.20
2010.09.27 14:08:09.630,1.58285,1.583,1.00,1.80
2010.09.27 14:08:09.714,1.58285,1.583,1.00,1.00
2010.09.27 14:08:10.135,1.58285,1.583,3.20,1.00
2010.09.27 14:08:10.700,1.58285,1.583,4.80,1.00
2010.09.27 14:08:11.048,1.58285,1.58305,7.60,2.60
2010.09.27 14:08:11.568,1.5829,1.58305,1.60,1.60
2010.09.27 14:08:11.932,1.5829,1.5831,12.20,1.00
2010.09.27 14:08:12.288,1.58295,1.5831,1.60,1.00
2010.09.27 14:08:12.992,1.58295,1.5831,1.60,1.20
2010.09.27 14:08:13.336,1.58295,1.5831,1.60,1.00
2010.09.27 14:08:18.399,1.58295,1.5831,1.60,1.20
2010.09.27 14:08:21.483,1.58295,1.5831,1.60,2.00
2010.09.27 14:08:22.413,1.5829,1.5831,4.90,2.00
2010.09.27 14:08:23.813,1.58295,1.5831,1.60,2.00
2010.09.27 14:08:24.087,1.58295,1.5831,1.60,1.60
2010.09.27 14:08:24.359,1.58295,1.5831,2.40,1.60
2010.09.27 14:08:24.939,1.58295,1.5831,2.40,1.00
2010.09.27 14:08:25.219,1.58295,1.58315,3.20,2.40
2010.09.27 14:08:25.496,1.583,1.58315,1.00,1.60
2010.09.27 14:08:25.776,1.583,1.58315,1.60,1.60
2010.09.27 14:08:26.132,1.583,1.58315,1.60,2.40
2010.09.27 14:08:26.479,1.58295,1.58315,2.40,2.20
2010.09.27 14:08:26.825,1.58295,1.5831,1.60,1.00
2010.09.27 14:08:28.095,1.5829,1.5831,4.80,1.00
2010.09.27 14:08:28.336,1.58295,1.5831,1.00,1.00
2010.09.27 14:08:28.936,1.5829,1.5831,5.80,1.60
2010.09.27 14:08:29.288,1.58295,1.5831,1.00,1.00
2010.09.27 14:08:32.982,1.58305,1.5831,1.00,1.00
2010.09.27 14:08:33.321,1.5829,1.5831,5.60,1.00
2010.09.27 14:08:33.823,1.5829,1.5831,4.80,1.00
2010.09.27 14:08:36.196,1.5829,1.58305,2.40,1.00
2010.09.27 14:08:36.545,1.5829,1.58305,1.60,3.00
2010.09.27 14:08:36.691,1.5829,1.58305,1.60,3.80
2010.09.27 14:08:36.832,1.58285,1.58305,5.90,3.80
2010.09.27 14:08:37.844,1.58285,1.58305,6.00,3.80
2010.09.27 14:08:38.198,1.5829,1.58305,1.00,3.40
2010.09.27 14:08:38.680,1.58295,1.58305,1.60,1.00
2010.09.27 14:08:38.966,1.58295,1.5831,7.60,1.00
2010.09.27 14:08:39.415,1.583,1.5831,1.60,1.00
2010.09.27 14:08:40.038,1.58295,1.5831,2.40,1.00
2010.09.27 14:08:40.728,1.58295,1.58315,2.40,3.20
2010.09.27 14:08:46.431,1.58295,1.58315,3.20,3.20
2010.09.27 14:08:46.740,1.583,1.58315,1.00,2.40
2010.09.27 14:08:47.050,1.583,1.58315,1.60,2.40
2010.09.27 14:08:47.661,1.583,1.58315,2.50,1.00
2010.09.27 14:08:48.008,1.58305,1.5832,1.60,1.60
2010.09.27 14:08:48.360,1.58305,1.5832,1.60,1.00
2010.09.27 14:08:48.709,1.58305,1.5832,1.60,4.20
2010.09.27 14:08:49.057,1.58305,1.5832,1.60,1.60
2010.09.27 14:08:49.621,1.58305,1.5832,1.60,1.00
2010.09.27 14:08:56.407,1.58305,1.58325,2.40,6.60
2010.09.27 14:08:57.997,1.58305,1.58325,2.40,5.80
2010.09.27 14:08:58.230,1.58305,1.58325,3.20,2.40
2010.09.27 14:08:59.480,1.5831,1.58325,2.80,1.00
2010.09.27 14:08:59.827,1.58315,1.58335,2.40,3.60
2010.09.27 14:09:00.179,1.5831,1.58335,11.90,2.80
2010.09.27 14:09:00.905,1.5831,1.58335,6.80,3.80
2010.09.27 14:09:01.579,1.5831,1.58335,6.80,4.20
2010.09.27 14:09:01.858,1.5831,1.58335,6.80,5.00
2010.09.27 14:09:02.627,1.58315,1.58335,3.20,5.00
2010.09.27 14:09:03.497,1.58315,1.5833,1.60,15.00
2010.09.27 14:09:03.707,1.5831,1.58325,1.00,2.20
2010.09.27 14:09:03.918,1.58305,1.58325,2.40,4.60
2010.09.27 14:09:04.391,1.58305,1.58325,1.60,4.60
2010.09.27 14:09:06.175,1.58305,1.58325,1.60,4.60
2010.09.27 14:09:08.356,1.58305,1.58325,1.60,4.60
2010.09.27 14:09:08.684,1.58305,1.5832,1.60,1.00
2010.09.27 14:09:21.380,1.583,1.58315,3.30,1.00
2010.09.27 14:09:21.724,1.583,1.58315,1.70,1.00
2010.09.27 14:09:22.077,1.58305,1.58315,1.60,1.00
2010.09.27 14:09:22.427,1.58305,1.5832,1.60,3.80
2010.09.27 14:09:26.287,1.58305,1.58315,1.60,1.00
2010.09.27 14:09:26.575,1.583,1.58315,1.80,1.00
2010.09.27 14:09:29.172,1.583,1.5831,1.60,2.60
2010.09.27 14:09:29.752,1.583,1.5831,1.00,1.00
2010.09.27 14:09:30.099,1.583,1.58315,1.00,3.20
2010.09.27 14:09:30.991,1.58295,1.58315,3.30,5.00
2010.09.27 14:09:32.083,1.583,1.58315,1.60,5.00
2010.09.27 14:09:32.769,1.583,1.58315,1.60,5.10
2010.09.27 14:09:33.439,1.58295,1.58315,3.20,5.10
2010.09.27 14:09:33.787,1.58295,1.58315,3.20,5.00
2010.09.27 14:09:35.155,1.583,1.58315,1.60,5.00
2010.09.27 14:09:36.635,1.583,1.58315,1.60,5.10
2010.09.27 14:09:36.815,1.58295,1.58315,2.40,5.10
2010.09.27 14:09:37.259,1.58295,1.5831,1.60,1.00
2010.09.27 14:09:37.609,1.58295,1.58305,1.60,1.00
2010.09.27 14:09:38.380,1.58295,1.5831,1.60,3.00
2010.09.27 14:09:39.421,1.5829,1.58305,2.40,1.80
2010.09.27 14:09:39.819,1.5829,1.58305,1.60,3.40
2010.09.27 14:09:39.964,1.5829,1.58305,1.60,4.20
2010.09.27 14:09:41.646,1.58285,1.58305,4.00,4.20
2010.09.27 14:09:41.995,1.5829,1.58305,1.60,4.20
2010.09.27 14:09:43.422,1.58285,1.58305,4.00,4.20
2010.09.27 14:09:44.090,1.58285,1.58305,3.20,4.20
2010.09.27 14:09:44.921,1.58285,1.583,2.40,1.40
2010.09.27 14:09:45.248,1.58285,1.583,1.60,2.20
2010.09.27 14:09:45.821,1.58285,1.583,1.60,3.80
2010.09.27 14:09:47.994,1.5828,1.583,3.20,3.80
2010.09.27 14:09:53.507,1.5828,1.58295,3.20,1.00
2010.09.27 14:09:53.761,1.5828,1.58295,2.40,1.00
2010.09.27 14:09:54.017,1.5828,1.58295,2.40,2.60
2010.09.27 14:09:54.913,1.5828,1.58295,2.40,3.00
2010.09.27 14:10:03.807,1.58275,1.5829,3.20,3.40
2010.09.27 14:10:04.154,1.5828,1.5829,1.60,1.00
2010.09.27 14:10:05.723,1.5828,1.58285,1.60,1.00
2010.09.27 14:10:06.080,1.58275,1.58285,1.60,1.00
2010.09.27 14:10:06.760,1.58265,1.58285,6.00,3.40
2010.09.27 14:10:07.335,1.58265,1.58275,3.20,1.00
2010.09.27 14:10:07.650,1.58265,1.5828,2.40,1.00
2010.09.27 14:10:08.184,1.5827,1.58285,1.60,5.00
2010.09.27 14:10:08.494,1.5827,1.58285,2.40,1.80
2010.09.27 14:10:08.849,1.5827,1.58285,2.40,1.60
2010.09.27 14:10:09.194,1.5827,1.58285,2.40,2.40
2010.09.27 14:10:11.424,1.5827,1.58285,1.60,3.20
2010.09.27 14:10:11.687,1.5827,1.58285,1.60,5.80
2010.09.27 14:10:12.041,1.58265,1.5828,1.60,1.00
2010.09.27 14:10:12.384,1.58265,1.5828,1.60,1.40
2010.09.27 14:10:12.735,1.58265,1.5828,1.60,3.00
2010.09.27 14:10:13.481,1.58265,1.5828,1.60,2.60
2010.09.27 14:10:13.741,1.5826,1.5827,4.00,1.00
2010.09.27 14:10:14.020,1.5826,1.5827,1.60,1.70
2010.09.27 14:10:14.291,1.5826,1.5827,1.60,1.50
2010.09.27 14:10:14.572,1.5826,1.58275,2.40,1.60
2010.09.27 14:10:17.356,1.5826,1.58275,2.40,1.60
2010.09.27 14:10:21.135,1.5826,1.58275,1.00,1.60
2010.09.27 14:10:21.823,1.5826,1.58275,2.40,1.60
2010.09.27 14:10:22.167,1.5826,1.5828,4.00,1.60
2010.09.27 14:10:22.856,1.5826,1.5828,4.00,1.60
2010.09.27 14:10:23.206,1.5826,1.5828,4.00,1.60
2010.09.27 14:10:24.134,1.5826,1.5828,4.00,1.70
2010.09.27 14:10:25.472,1.5826,1.5828,4.00,1.60
2010.09.27 14:10:25.778,1.5826,1.5828,5.70,1.60
2010.09.27 14:10:26.075,1.5826,1.5828,12.30,1.60
2010.09.27 14:10:26.378,1.5826,1.5828,6.70,1.60
2010.09.27 14:10:26.729,1.5826,1.5828,6.10,2.20
2010.09.27 14:10:27.079,1.5826,1.5828,5.80,2.20
2010.09.27 14:10:27.428,1.5826,1.5828,5.60,1.60
2010.09.27 14:10:27.756,1.5826,1.5828,4.80,1.60
2010.09.27 14:10:28.944,1.5826,1.5828,3.20,1.60
2010.09.27 14:10:29.748,1.5826,1.5828,4.00,1.60
2010.09.27 14:10:30.056,1.5826,1.5828,4.00,1.60
2010.09.27 14:10:30.520,1.5826,1.5828,4.80,1.60
2010.09.27 14:10:30.878,1.5826,1.5828,4.80,1.60
2010.09.27 14:10:31.471,1.5826,1.5828,4.80,1.60
2010.09.27 14:10:32.833,1.5826,1.5828,5.60,1.60
2010.09.27 14:10:33.127,1.5826,1.5828,6.40,1.60
2010.09.27 14:10:37.310,1.5826,1.5828,6.40,1.60
2010.09.27 14:10:37.590,1.5826,1.5828,5.60,1.60
2010.09.27 14:10:38.426,1.58265,1.5828,1.00,1.60
2010.09.27 14:10:39.022,1.58265,1.58285,1.60,6.60
2010.09.27 14:10:39.371,1.58265,1.5828,1.60,1.00
2010.09.27 14:10:39.718,1.5826,1.5828,6.00,1.00
2010.09.27 14:10:40.063,1.5826,1.5828,4.40,1.00
2010.09.27 14:10:45.288,1.5826,1.58275,4.40,1.00
2010.09.27 14:10:45.637,1.5826,1.58275,3.60,1.00
2010.09.27 14:10:45.988,1.5826,1.5828,4.40,1.80
2010.09.27 14:10:47.577,1.5826,1.5828,4.40,1.00
2010.09.27 14:10:47.785,1.5826,1.58285,11.00,6.20
2010.09.27 14:10:47.997,1.5826,1.58285,11.80,4.00
2010.09.27 14:10:48.204,1.58265,1.58285,1.00,4.00
2010.09.27 14:10:48.528,1.58265,1.58285,1.00,6.70
2010.09.27 14:10:49.530,1.5826,1.5828,4.80,1.00
2010.09.27 14:10:50.723,1.5826,1.5828,5.60,1.00
2010.09.27 14:10:51.233,1.58265,1.5828,1.00,1.00
2010.09.27 14:10:51.661,1.58265,1.5828,2.50,1.00
2010.09.27 14:10:52.016,1.5827,1.58285,1.00,1.00
2010.09.27 14:10:52.622,1.5827,1.58285,1.00,3.20
2010.09.27 14:10:53.975,1.5827,1.58285,2.40,3.20
2010.09.27 14:10:54.306,1.5827,1.58285,2.50,2.40
2010.09.27 14:10:54.639,1.5827,1.58285,2.60,2.40
2010.09.27 14:10:54.952,1.5827,1.58285,2.40,2.40
2010.09.27 14:10:55.262,1.5827,1.58285,2.50,2.40
2010.09.27 14:10:55.626,1.5827,1.58285,2.40,2.40
2010.09.27 14:10:56.166,1.5827,1.58285,1.00,2.40
2010.09.27 14:10:56.469,1.5827,1.58285,1.00,2.40
2010.09.27 14:10:56.613,1.58265,1.58285,4.10,2.40
2010.09.27 14:10:56.744,1.5827,1.58285,1.00,2.40
2010.09.27 14:10:57.222,1.5827,1.58285,1.00,2.40
2010.09.27 14:10:57.568,1.5827,1.58285,1.00,2.40
2010.09.27 14:10:58.134,1.58275,1.5829,1.00,1.60
2010.09.27 14:10:58.494,1.58275,1.58295,4.10,3.20
2010.09.27 14:10:58.907,1.58275,1.58295,4.10,1.60
2010.09.27 14:10:59.261,1.58275,1.583,9.50,3.30
2010.09.27 14:10:59.613,1.58275,1.583,9.50,3.20
2010.09.27 14:10:59.962,1.58275,1.583,9.30,3.20
2010.09.27 14:11:00.310,1.58275,1.58295,10.90,1.00
2010.09.27 14:11:03.879,1.58275,1.583,10.90,1.60
2010.09.27 14:11:05.235,1.5828,1.583,1.80,1.60
2010.09.27 14:11:05.565,1.5828,1.583,2.80,1.60
2010.09.27 14:11:07.286,1.5828,1.583,2.80,1.60
2010.09.27 14:11:07.619,1.5828,1.583,2.80,1.60
2010.09.27 14:11:07.804,1.5828,1.583,2.80,1.60
2010.09.27 14:11:08.362,1.5828,1.583,2.80,1.60
2010.09.27 14:11:08.580,1.5828,1.583,2.40,1.60
2010.09.27 14:11:08.933,1.5828,1.583,1.00,1.60
2010.09.27 14:11:09.310,1.5828,1.583,1.20,1.60
2010.09.27 14:11:09.662,1.5828,1.583,2.00,1.60
2010.09.27 14:11:10.009,1.5828,1.583,2.00,1.60
2010.09.27 14:11:10.923,1.5828,1.583,1.20,1.60
2010.09.27 14:11:11.267,1.5828,1.583,1.20,1.60
2010.09.27 14:11:11.970,1.5828,1.583,2.00,1.60
2010.09.27 14:11:12.997,1.5828,1.583,2.00,1.60
2010.09.27 14:11:13.344,1.5828,1.583,1.20,1.60
2010.09.27 14:11:16.223,1.5828,1.583,1.00,1.60
2010.09.27 14:11:16.584,1.5828,1.583,1.00,1.60
2010.09.27 14:11:22.312,1.5828,1.583,1.00,1.60
2010.09.27 14:11:23.337,1.5828,1.583,1.00,1.70
2010.09.27 14:11:23.675,1.5828,1.58295,1.00,1.00
2010.09.27 14:11:23.925,1.5828,1.5829,1.00,1.00
2010.09.27 14:11:24.409,1.5827,1.5829,2.40,1.00
2010.09.27 14:11:24.764,1.5827,1.58285,1.00,2.60
2010.09.27 14:11:25.121,1.5827,1.58285,1.00,4.60
2010.09.27 14:11:25.817,1.58265,1.58285,4.10,5.40
2010.09.27 14:11:27.000,1.5827,1.58285,2.40,1.60
2010.09.27 14:11:27.245,1.5827,1.58285,2.70,1.60
2010.09.27 14:11:27.527,1.5827,1.58285,2.90,1.60
2010.09.27 14:11:27.887,1.5827,1.5829,2.80,1.80
2010.09.27 14:11:28.240,1.5827,1.5829,2.00,3.40
2010.09.27 14:11:30.851,1.5827,1.5829,1.80,3.40
2010.09.27 14:11:31.283,1.5827,1.58285,1.00,1.00
2010.09.27 14:11:31.576,1.58265,1.58285,4.00,1.00
2010.09.27 14:11:32.153,1.5827,1.58285,1.60,1.00
2010.09.27 14:11:32.500,1.58265,1.58285,4.00,1.00
2010.09.27 14:11:35.196,1.5827,1.58285,1.60,1.00
2010.09.27 14:11:35.550,1.58265,1.58285,4.00,1.00
2010.09.27 14:11:41.785,1.5827,1.58285,1.00,1.00
2010.09.27 14:11:42.134,1.5827,1.58285,1.00,1.60
2010.09.27 14:11:44.567,1.5827,1.58285,1.00,1.60
2010.09.27 14:11:47.004,1.5827,1.58285,1.20,1.60
2010.09.27 14:11:48.056,1.5827,1.58285,1.50,1.60
2010.09.27 14:11:49.240,1.5827,1.58285,1.80,1.60
2010.09.27 14:11:49.509,1.5828,1.5829,1.00,1.60
2010.09.27 14:11:50.028,1.5828,1.5829,1.00,1.60
2010.09.27 14:11:50.382,1.58275,1.5829,1.00,1.60
2010.09.27 14:11:50.967,1.58275,1.5829,1.50,1.60
2010.09.27 14:11:51.669,1.58275,1.5829,1.00,1.60
2010.09.27 14:11:52.264,1.58275,1.5829,1.00,1.60
2010.09.27 14:11:52.611,1.5828,1.5829,1.00,1.00
2010.09.27 14:11:52.956,1.5829,1.58295,1.00,2.40
2010.09.27 14:11:53.308,1.5829,1.58305,1.50,1.60
2010.09.27 14:11:53.849,1.5829,1.58305,4.10,1.00
2010.09.27 14:11:54.181,1.5829,1.5831,4.70,1.60
2010.09.27 14:11:54.358,1.5829,1.5831,8.50,1.60
2010.09.27 14:11:54.950,1.58295,1.5831,1.00,1.60
2010.09.27 14:12:01.719,1.58295,1.5831,1.00,1.60
2010.09.27 14:12:02.290,1.5829,1.5831,5.70,1.60
2010.09.27 14:12:02.490,1.5829,1.5831,5.60,1.60
2010.09.27 14:12:03.769,1.5829,1.58305,1.00,1.00
2010.09.27 14:12:04.420,1.58285,1.58305,5.70,1.00
2010.09.27 14:12:05.372,1.58285,1.58305,5.70,1.00
2010.09.27 14:12:06.650,1.58285,1.58305,4.10,1.00
2010.09.27 14:12:06.996,1.5829,1.58305,1.00,1.00
2010.09.27 14:12:10.487,1.58285,1.58305,4.10,1.00
2010.09.27 14:12:11.748,1.5829,1.58305,1.00,1.00
2010.09.27 14:12:13.413,1.5829,1.58305,1.00,1.00
2010.09.27 14:12:13.732,1.5829,1.58305,1.20,1.00
2010.09.27 14:12:16.689,1.5829,1.58305,1.20,2.20
2010.09.27 14:12:16.946,1.5829,1.58305,1.20,3.80
2010.09.27 14:12:17.220,1.58285,1.58305,4.90,5.80
2010.09.27 14:12:17.488,1.58285,1.583,3.20,1.00
2010.09.27 14:12:17.967,1.58285,1.583,2.40,1.00
2010.09.27 14:12:18.320,1.5828,1.583,7.30,1.00
2010.09.27 14:12:18.669,1.5828,1.583,6.10,4.20
2010.09.27 14:12:19.157,1.5828,1.583,3.70,6.60
2010.09.27 14:12:19.459,1.5828,1.58295,3.60,1.00
2010.09.27 14:12:19.759,1.5828,1.58295,2.80,1.00
2010.09.27 14:12:21.805,1.5828,1.58295,6.10,1.00
2010.09.27 14:12:22.156,1.5828,1.583,6.50,1.80
2010.09.27 14:12:22.791,1.5828,1.5829,1.00,1.00
2010.09.27 14:12:23.138,1.58275,1.5829,1.00,1.40
2010.09.27 14:12:24.387,1.5827,1.5829,4.40,1.40
2010.09.27 14:12:25.402,1.5827,1.5829,4.00,2.20
2010.09.27 14:12:25.732,1.5827,1.5829,4.00,3.80
2010.09.27 14:12:26.062,1.5827,1.5829,4.00,3.80
2010.09.27 14:12:26.969,1.5827,1.5829,4.00,3.90
2010.09.27 14:12:27.544,1.5827,1.5829,1.60,4.00
2010.09.27 14:12:28.508,1.5827,1.5829,2.40,3.80
2010.09.27 14:12:28.863,1.5827,1.5829,2.80,3.80
2010.09.27 14:12:29.735,1.5827,1.5829,2.80,3.90
2010.09.27 14:12:30.041,1.5827,1.5829,3.60,1.60
2010.09.27 14:12:30.338,1.5827,1.5829,5.20,1.60
2010.09.27 14:12:31.037,1.5827,1.5829,8.80,1.60
2010.09.27 14:12:31.385,1.5827,1.5829,10.80,1.00
2010.09.27 14:12:31.737,1.58275,1.5829,1.00,1.00
2010.09.27 14:12:32.083,1.5827,1.5829,10.80,1.00
2010.09.27 14:12:34.022,1.58275,1.5829,1.00,1.00
2010.09.27 14:12:34.649,1.58275,1.5829,2.40,1.00
2010.09.27 14:12:34.907,1.58275,1.5829,1.00,1.00
2010.09.27 14:12:35.159,1.58275,1.58295,2.40,7.10
2010.09.27 14:12:35.630,1.5828,1.58295,2.60,3.50
2010.09.27 14:12:35.980,1.5828,1.58295,3.60,2.10
2010.09.27 14:12:36.321,1.5828,1.58295,3.60,2.10
2010.09.27 14:12:36.903,1.5828,1.58295,3.20,1.00
2010.09.27 14:12:39.061,1.5828,1.58295,3.20,1.00
2010.09.27 14:12:39.719,1.5828,1.583,3.20,3.20
2010.09.27 14:12:40.889,1.5828,1.583,3.20,3.20
2010.09.27 14:12:42.591,1.5828,1.583,3.20,3.20
2010.09.27 14:12:43.058,1.5828,1.583,4.00,3.20
2010.09.27 14:12:43.276,1.5828,1.583,4.40,3.20
2010.09.27 14:12:43.498,1.5828,1.583,4.20,3.20
2010.09.27 14:12:43.984,1.5828,1.583,4.00,3.20
2010.09.27 14:12:44.212,1.5828,1.583,3.20,3.20
2010.09.27 14:12:46.444,1.5828,1.5829,3.20,1.00
2010.09.27 14:12:46.708,1.5828,1.5829,1.60,2.40
2010.09.27 14:12:47.209,1.5828,1.58295,2.40,1.60
2010.09.27 14:12:49.126,1.5828,1.58295,1.60,1.60
2010.09.27 14:12:50.497,1.5828,1.58295,2.00,1.60
2010.09.27 14:12:51.539,1.5828,1.58295,1.80,1.60
2010.09.27 14:12:52.037,1.5828,1.58295,1.00,1.60
2010.09.27 14:12:52.281,1.58275,1.58295,1.00,5.60
2010.09.27 14:12:52.720,1.58275,1.58295,1.00,5.60
2010.09.27 14:12:53.075,1.58275,1.58295,1.00,5.90
2010.09.27 14:12:53.771,1.58275,1.58295,1.00,6.40
2010.09.27 14:12:54.557,1.5827,1.5829,7.70,1.00
2010.09.27 14:12:54.937,1.5827,1.5829,6.50,1.60
2010.09.27 14:12:55.289,1.5827,1.58285,4.80,1.60
2010.09.27 14:12:56.544,1.5827,1.58285,4.80,1.70
2010.09.27 14:12:58.256,1.5827,1.58285,3.20,1.00
2010.09.27 14:12:58.599,1.5827,1.58285,4.80,1.60
2010.09.27 14:12:58.991,1.5827,1.5829,4.80,2.60
2010.09.27 14:12:59.338,1.5827,1.5829,4.80,2.60
2010.09.27 14:13:00.189,1.58275,1.5829,1.00,1.80
2010.09.27 14:13:00.507,1.58275,1.5829,1.60,1.00
2010.09.27 14:13:00.810,1.58275,1.58295,8.20,6.00
2010.09.27 14:13:01.121,1.5828,1.58295,1.00,3.20
2010.09.27 14:13:02.260,1.5828,1.58295,1.00,1.60
2010.09.27 14:13:02.576,1.58285,1.583,1.00,1.60
2010.09.27 14:13:03.209,1.5828,1.58295,2.20,1.00
2010.09.27 14:13:03.527,1.58275,1.5829,2.40,1.00
2010.09.27 14:13:04.116,1.58275,1.5829,1.60,1.70
2010.09.27 14:13:04.468,1.58275,1.5829,1.00,1.70
2010.09.27 14:13:04.814,1.58275,1.5829,1.00,2.10
2010.09.27 14:13:05.713,1.58275,1.5829,1.00,2.90
2010.09.27 14:13:07.580,1.58275,1.58285,1.00,1.00
2010.09.27 14:13:07.782,1.58275,1.58285,1.00,2.00
2010.09.27 14:13:07.979,1.5827,1.58285,3.20,1.60
2010.09.27 14:13:08.980,1.5827,1.58285,4.00,1.60
2010.09.27 14:13:09.679,1.5827,1.58285,4.00,2.00
2010.09.27 14:13:10.206,1.5827,1.58285,3.20,2.00
2010.09.27 14:13:11.389,1.5827,1.58285,2.40,2.00
2010.09.27 14:13:11.749,1.5827,1.5828,1.00,6.80
2010.09.27 14:13:12.107,1.58255,1.58265,1.20,1.00
2010.09.27 14:13:12.494,1.5825,1.5826,1.00,1.60
2010.09.27 14:13:12.859,1.58245,1.58265,1.60,4.60
2010.09.27 14:13:13.210,1.58245,1.58265,1.70,5.60
2010.09.27 14:13:13.561,1.5825,1.58265,1.00,1.20
2010.09.27 14:13:14.128,1.5825,1.5827,6.80,3.40
2010.09.27 14:13:14.483,1.58255,1.5827,1.00,1.60
2010.09.27 14:13:15.521,1.5825,1.5827,3.20,2.60
2010.09.27 14:13:16.388,1.5825,1.5827,1.60,2.60
2010.09.27 14:13:16.739,1.5825,1.5827,1.60,4.20
2010.09.27 14:13:18.015,1.58255,1.58275,1.60,4.80
2010.09.27 14:13:18.558,1.58255,1.58275,1.60,4.00
2010.09.27 14:13:18.854,1.5826,1.5828,1.00,4.80
2010.09.27 14:13:19.198,1.5826,1.5828,1.60,4.80
2010.09.27 14:13:20.141,1.5826,1.58275,1.60,1.60
2010.09.27 14:13:23.286,1.5826,1.58275,1.00,1.60
2010.09.27 14:13:28.101,1.5826,1.58275,1.60,1.60
2010.09.27 14:13:28.429,1.58265,1.58285,1.60,4.80
2010.09.27 14:13:28.780,1.58265,1.58285,1.60,4.00
2010.09.27 14:13:29.123,1.58265,1.58285,2.40,4.00
2010.09.27 14:13:30.715,1.5826,1.5828,3.40,3.20
2010.09.27 14:13:31.250,1.5827,1.58285,1.60,3.20
2010.09.27 14:13:31.554,1.5827,1.5828,2.00,1.60
2010.09.27 14:13:31.848,1.5827,1.58285,2.00,3.20
2010.09.27 14:13:32.353,1.5827,1.58285,2.00,1.60
2010.09.27 14:13:32.706,1.58275,1.5829,1.00,1.70
2010.09.27 14:13:33.269,1.58275,1.5829,1.60,1.00
2010.09.27 14:13:33.594,1.58275,1.5829,1.60,1.70
2010.09.27 14:13:33.909,1.58275,1.5829,1.60,1.00
2010.09.27 14:13:34.605,1.58275,1.5829,1.00,1.00
2010.09.27 14:13:35.189,1.5827,1.5829,2.80,1.00
2010.09.27 14:13:35.306,1.5827,1.5829,2.80,2.50
2010.09.27 14:13:35.996,1.5827,1.5829,2.00,2.50
2010.09.27 14:13:37.712,1.5827,1.5829,1.00,3.90
2010.09.27 14:13:37.859,1.5827,1.58285,1.00,2.40
2010.09.27 14:13:38.913,1.58265,1.58285,3.20,3.20
2010.09.27 14:13:39.583,1.58265,1.58285,1.00,3.20
2010.09.27 14:13:42.399,1.5827,1.58285,1.00,2.40
2010.09.27 14:13:42.866,1.5827,1.5829,1.00,5.50
2010.09.27 14:13:43.093,1.5827,1.5829,1.60,3.30
2010.09.27 14:13:43.441,1.5827,1.58285,1.00,3.00
2010.09.27 14:13:44.037,1.5827,1.58285,1.00,4.60
2010.09.27 14:13:44.371,1.5827,1.58285,1.00,6.20
2010.09.27 14:13:44.701,1.5827,1.58285,1.00,6.60
2010.09.27 14:13:45.027,1.58265,1.58285,1.60,8.20
2010.09.27 14:13:45.567,1.58265,1.58285,6.80,8.20
2010.09.27 14:13:45.872,1.5827,1.58285,1.00,3.20
2010.09.27 14:13:47.440,1.5827,1.5829,2.80,4.70
2010.09.27 14:13:47.792,1.5827,1.5829,4.10,1.70
2010.09.27 14:13:48.140,1.5827,1.5829,11.70,1.00
2010.09.27 14:13:48.716,1.58275,1.5829,1.00,1.00
2010.09.27 14:13:49.069,1.58275,1.5829,1.00,1.70
2010.09.27 14:13:49.417,1.58275,1.58295,1.00,6.00
2010.09.27 14:13:50.322,1.5828,1.58295,1.00,3.60
2010.09.27 14:13:50.638,1.58275,1.58295,2.40,3.60
2010.09.27 14:13:52.348,1.58275,1.58295,1.60,5.00
2010.09.27 14:13:52.653,1.58275,1.5829,1.00,2.60
2010.09.27 14:13:53.000,1.5827,1.58285,1.00,1.60
2010.09.27 14:13:57.414,1.5827,1.58285,1.00,1.80
2010.09.27 14:13:57.767,1.58265,1.5828,1.00,1.00
2010.09.27 14:13:58.129,1.5826,1.58275,2.00,1.00
2010.09.27 14:13:58.728,1.58255,1.58275,4.00,1.60
2010.09.27 14:13:59.085,1.5825,1.5827,3.20,1.60
2010.09.27 14:14:00.117,1.5825,1.5827,6.80,1.60
2010.09.27 14:14:00.470,1.5826,1.5828,9.30,4.80
2010.09.27 14:14:00.818,1.58255,1.58275,1.00,2.40
2010.09.27 14:14:01.138,1.58255,1.58275,1.60,6.20
2010.09.27 14:14:01.774,1.58255,1.5827,1.00,1.00
2010.09.27 14:14:03.636,1.58255,1.58275,1.00,4.00
2010.09.27 14:14:05.330,1.58255,1.5827,1.00,1.00
2010.09.27 14:14:05.829,1.5825,1.58265,2.40,1.00
2010.09.27 14:14:06.008,1.5825,1.58265,1.60,1.00
2010.09.27 14:14:06.419,1.5825,1.58265,1.00,1.00
2010.09.27 14:14:06.765,1.58245,1.5827,4.00,6.60
2010.09.27 14:14:07.114,1.58245,1.5827,4.00,8.20
2010.09.27 14:14:10.053,1.58245,1.5827,4.00,8.20
2010.09.27 14:14:11.183,1.58245,1.5827,2.40,9.40
2010.09.27 14:14:11.682,1.58245,1.5827,1.60,9.00
2010.09.27 14:14:12.255,1.58245,1.5827,1.60,8.60
2010.09.27 14:14:14.852,1.58245,1.58265,1.60,1.00
2010.09.27 14:14:15.871,1.5825,1.58265,1.30,1.00
2010.09.27 14:14:16.125,1.5825,1.5827,11.30,1.60
2010.09.27 14:14:16.593,1.58255,1.5827,1.00,1.00
2010.09.27 14:14:16.935,1.58255,1.5827,1.60,1.00
2010.09.27 14:14:20.163,1.58255,1.5827,3.20,1.00
2010.09.27 14:14:21.728,1.5825,1.5827,6.80,1.60
2010.09.27 14:14:22.085,1.5825,1.5827,4.80,1.60
2010.09.27 14:14:22.440,1.5825,1.5827,3.20,1.60
2010.09.27 14:14:22.789,1.5825,1.5827,1.60,1.60
2010.09.27 14:14:23.137,1.5825,1.5827,1.60,2.40
2010.09.27 14:14:23.613,1.5825,1.58265,1.60,1.00
2010.09.27 14:14:24.232,1.58245,1.5826,3.20,1.60
2010.09.27 14:14:24.451,1.5824,1.5826,3.20,2.80
2010.09.27 14:14:25.109,1.5824,1.5826,1.60,2.80
2010.09.27 14:14:25.456,1.5824,1.5826,3.20,1.60
2010.09.27 14:14:25.807,1.5824,1.5826,9.00,1.60
2010.09.27 14:14:26.281,1.5825,1.5826,1.00,1.60
2010.09.27 14:14:26.557,1.5824,1.5826,4.40,1.20
2010.09.27 14:14:26.828,1.5824,1.5826,9.40,2.80
2010.09.27 14:14:27.330,1.5824,1.5826,1.60,2.80
2010.09.27 14:14:27.682,1.5824,1.5826,6.00,4.40
2010.09.27 14:14:28.030,1.58245,1.5826,1.60,1.00
2010.09.27 14:14:28.729,1.58245,1.58265,2.40,2.80
2010.09.27 14:14:29.271,1.58245,1.58265,3.20,2.80
2010.09.27 14:14:29.949,1.58245,1.58265,1.60,2.80
2010.09.27 14:14:30.288,1.5825,1.58265,1.00,2.80
2010.09.27 14:14:30.626,1.58245,1.58265,4.00,1.20
2010.09.27 14:14:31.223,1.58245,1.58265,4.00,2.00
2010.09.27 14:14:31.573,1.58245,1.58265,4.00,2.00
2010.09.27 14:14:32.620,1.58245,1.5826,2.40,1.00
2010.09.27 14:14:32.970,1.5824,1.5826,14.60,2.50
2010.09.27 14:14:33.322,1.58235,1.5826,9.40,5.70
2010.09.27 14:14:33.669,1.58235,1.58255,11.00,1.00
2010.09.27 14:14:34.250,1.58235,1.58255,12.60,1.60
2010.09.27 14:14:34.597,1.58235,1.58255,13.00,1.60
2010.09.27 14:14:38.069,1.58235,1.58255,13.40,1.60
2010.09.27 14:14:38.823,1.5824,1.58255,1.20,1.00
2010.09.27 14:14:39.173,1.5824,1.5826,9.40,2.40
2010.09.27 14:14:39.524,1.5824,1.5826,9.80,2.40
2010.09.27 14:14:39.869,1.5824,1.5826,11.40,2.40
2010.09.27 14:14:41.082,1.5824,1.5826,11.40,1.60
2010.09.27 14:14:41.415,1.5824,1.5826,11.40,1.60
2010.09.27 14:14:41.759,1.5824,1.5826,9.40,1.60
2010.09.27 14:14:42.152,1.5824,1.5826,7.80,1.60
2010.09.27 14:14:42.508,1.5824,1.5826,1.80,2.40
2010.09.27 14:14:43.099,1.5824,1.5826,1.00,2.40
2010.09.27 14:14:45.821,1.5824,1.5826,1.20,2.40
2010.09.27 14:14:47.262,1.5824,1.5826,1.20,2.40
2010.09.27 14:14:47.563,1.5824,1.5826,1.20,2.40
2010.09.27 14:14:47.718,1.5824,1.5826,7.00,2.40
2010.09.27 14:14:48.364,1.5824,1.5826,6.80,2.40
2010.09.27 14:14:48.674,1.5824,1.5826,6.20,2.40
2010.09.27 14:14:49.297,1.58235,1.58255,8.80,1.00
2010.09.27 14:14:49.750,1.58235,1.5826,9.80,7.20
2010.09.27 14:14:50.000,1.58235,1.5826,13.40,2.40
2010.09.27 14:14:50.499,1.5824,1.5826,5.80,2.40
2010.09.27 14:14:50.997,1.5824,1.5826,6.20,2.40
2010.09.27 14:14:51.286,1.58235,1.5826,13.00,2.40
2010.09.27 14:14:51.877,1.58235,1.58255,12.60,1.00
2010.09.27 14:14:52.234,1.58235,1.58255,11.00,1.00
2010.09.27 14:14:52.810,1.58235,1.58255,11.40,1.00
2010.09.27 14:14:53.164,1.58235,1.58255,10.60,1.60
2010.09.27 14:14:53.507,1.58235,1.58255,11.80,1.60
2010.09.27 14:14:53.855,1.58235,1.58255,11.80,1.00
2010.09.27 14:14:54.205,1.58235,1.5826,11.80,3.30
2010.09.27 14:14:55.437,1.58235,1.5826,13.00,1.70
2010.09.27 14:14:55.636,1.58235,1.5826,13.40,2.10
2010.09.27 14:14:56.071,1.58235,1.5826,13.40,1.70
2010.09.27 14:14:56.627,1.5824,1.5826,1.00,1.60
2010.09.27 14:14:57.331,1.5824,1.5826,1.00,1.60
2010.09.27 14:14:57.852,1.5824,1.5826,1.00,1.80
2010.09.27 14:14:58.207,1.5824,1.5826,7.40,1.60
2010.09.27 14:14:59.460,1.5824,1.5826,7.00,1.60
2010.09.27 14:15:02.083,1.5824,1.5826,1.80,1.60
2010.09.27 14:15:02.513,1.5824,1.5826,1.60,1.00
2010.09.27 14:15:02.855,1.5824,1.5826,1.60,1.00
2010.09.27 14:15:03.337,1.5824,1.5826,1.60,2.80
2010.09.27 14:15:03.693,1.58235,1.58255,11.80,1.60
2010.09.27 14:15:04.282,1.58235,1.58255,12.00,1.60
2010.09.27 14:15:04.634,1.58235,1.58255,3.20,3.20
2010.09.27 14:15:05.212,1.58235,1.58255,2.40,3.80
2010.09.27 14:15:07.616,1.58235,1.58255,2.40,6.40
2010.09.27 14:15:07.652,1.58235,1.58255,2.40,6.20
2010.09.27 14:15:07.712,1.5823,1.58245,2.40,1.00
2010.09.27 14:15:08.014,1.5823,1.5825,3.20,2.40
2010.09.27 14:15:08.080,1.5823,1.5825,3.20,3.20
2010.09.27 14:15:08.138,1.5823,1.5825,8.40,1.60
2010.09.27 14:15:08.195,1.5823,1.5825,9.00,1.60
2010.09.27 14:15:08.578,1.5823,1.5825,9.00,1.00
2010.09.27 14:15:08.639,1.58235,1.58255,1.00,4.20
2010.09.27 14:15:09.037,1.58235,1.58255,1.00,3.20
2010.09.27 14:15:12.161,1.58235,1.5825,1.00,1.60
2010.09.27 14:15:12.523,1.58235,1.5825,1.00,2.80
2010.09.27 14:15:12.842,1.5823,1.5825,1.60,3.20
2010.09.27 14:15:13.454,1.5823,1.5825,9.00,2.80
2010.09.27 14:15:13.812,1.58235,1.5825,1.00,1.00
2010.09.27 14:15:18.035,1.5823,1.58245,1.00,1.60
2010.09.27 14:15:18.271,1.58225,1.58245,4.00,1.60
2010.09.27 14:15:21.307,1.58225,1.5824,3.20,1.00
2010.09.27 14:15:21.582,1.58225,1.58235,1.00,1.00
2010.09.27 14:15:21.909,1.5822,1.58235,1.60,1.00
2010.09.27 14:15:24.709,1.58205,1.58215,2.80,1.00
2010.09.27 14:15:25.280,1.58195,1.58205,1.20,4.60
2010.09.27 14:15:25.376,1.58185,1.582,4.00,1.00
2010.09.27 14:15:25.700,1.58185,1.582,8.20,1.60
2010.09.27 14:15:26.276,1.58185,1.582,8.60,1.00
2010.09.27 14:15:26.628,1.58185,1.58205,8.60,6.10
2010.09.27 14:15:26.979,1.58185,1.58195,2.60,1.00
2010.09.27 14:15:27.330,1.5818,1.58195,4.80,1.20
2010.09.27 14:15:27.690,1.5818,1.582,7.60,6.20
2010.09.27 14:15:28.325,1.5818,1.582,8.20,2.40
2010.09.27 14:15:28.668,1.5818,1.582,7.80,2.40
2010.09.27 14:15:29.020,1.5818,1.582,2.40,2.80
2010.09.27 14:15:29.661,1.5818,1.582,1.00,4.80
2010.09.27 14:15:29.969,1.58175,1.5819,1.00,1.00
2010.09.27 14:15:30.283,1.5817,1.5819,3.20,3.20
2010.09.27 14:15:30.596,1.58175,1.5819,3.20,2.00
2010.09.27 14:15:30.904,1.58175,1.5819,3.20,1.00
2010.09.27 14:15:31.486,1.58175,1.58195,3.20,4.00
2010.09.27 14:15:32.866,1.58175,1.58195,3.20,2.40
2010.09.27 14:15:33.128,1.58175,1.58195,1.60,2.40
2010.09.27 14:15:33.386,1.58175,1.58195,3.20,2.80
2010.09.27 14:15:33.911,1.58175,1.58195,2.40,2.40
2010.09.27 14:15:34.507,1.5817,1.5818,1.00,1.00
2010.09.27 14:15:34.861,1.58165,1.5818,9.40,1.00
2010.09.27 14:15:35.214,1.58165,1.58185,3.20,6.20
2010.09.27 14:15:35.559,1.58165,1.58185,2.40,3.20
2010.09.27 14:15:36.105,1.58165,1.58185,2.40,1.60
2010.09.27 14:15:36.475,1.58165,1.58185,7.00,1.60
2010.09.27 14:15:37.053,1.58165,1.58185,2.00,1.60
2010.09.27 14:15:37.401,1.58165,1.58185,2.40,1.60
2010.09.27 14:15:38.926,1.58165,1.58185,1.00,1.60
2010.09.27 14:15:39.278,1.58165,1.58185,1.00,3.20
2010.09.27 14:15:40.326,1.58165,1.58185,1.00,1.60
2010.09.27 14:15:41.203,1.5817,1.5819,1.80,5.60
2010.09.27 14:15:41.704,1.5817,1.5819,2.00,4.00
2010.09.27 14:15:42.080,1.5817,1.5819,2.80,3.60
2010.09.27 14:15:42.781,1.5817,1.5819,2.80,2.00
2010.09.27 14:15:43.133,1.5817,1.5819,4.40,2.80
2010.09.27 14:15:43.649,1.5817,1.5819,4.40,1.60
2010.09.27 14:15:45.241,1.5817,1.5819,1.60,6.80
2010.09.27 14:15:45.594,1.58165,1.5819,3.20,7.60
2010.09.27 14:15:45.940,1.58165,1.58185,3.20,2.80
2010.09.27 14:15:46.489,1.58165,1.58185,1.60,1.60
2010.09.27 14:15:47.865,1.58165,1.58185,1.60,2.00
2010.09.27 14:15:49.053,1.5816,1.5818,11.40,1.00
2010.09.27 14:15:49.349,1.5816,1.5818,11.40,2.00
2010.09.27 14:15:49.667,1.5816,1.5818,9.00,2.00
2010.09.27 14:15:49.965,1.58155,1.58175,13.50,1.20
2010.09.27 14:15:50.790,1.5816,1.5818,8.60,2.80
2010.09.27 14:15:51.416,1.5816,1.5818,12.80,1.00
2010.09.27 14:15:51.773,1.58165,1.58185,1.60,8.00
2010.09.27 14:15:52.335,1.58165,1.58185,1.60,4.80
2010.09.27 14:15:52.696,1.58165,1.58185,4.60,1.20
2010.09.27 14:15:53.290,1.58165,1.58185,4.00,1.20
2010.09.27 14:15:53.641,1.58165,1.58185,11.80,1.60
2010.09.27 14:15:53.991,1.58165,1.5818,1.70,1.00
2010.09.27 14:15:54.341,1.58165,1.58175,1.60,1.00
2010.09.27 14:15:54.688,1.5816,1.5818,9.80,1.00
2010.09.27 14:15:55.391,1.5816,1.5818,8.20,2.00
2010.09.27 14:15:55.738,1.5816,1.5818,8.00,2.00
2010.09.27 14:15:56.085,1.5816,1.5818,7.80,2.00
2010.09.27 14:15:57.337,1.5816,1.58175,7.00,1.00
2010.09.27 14:15:57.695,1.5816,1.58175,1.00,5.30
2010.09.27 14:15:58.280,1.5816,1.5817,1.00,1.00
2010.09.27 14:15:58.634,1.5816,1.58175,6.00,3.20
2010.09.27 14:15:59.227,1.5816,1.58175,7.00,1.00
2010.09.27 14:15:59.583,1.5816,1.58175,7.00,1.20
2010.09.27 14:15:59.927,1.5816,1.58175,7.00,1.00
2010.09.27 14:16:00.275,1.5816,1.5818,7.00,3.60
2010.09.27 14:16:00.626,1.5816,1.5818,7.00,2.00
2010.09.27 14:16:01.168,1.5816,1.5818,6.80,2.20
2010.09.27 14:16:01.524,1.58155,1.5817,4.00,1.20
2010.09.27 14:16:01.872,1.58155,1.5817,4.00,1.00
2010.09.27 14:16:02.218,1.58155,1.58175,4.00,2.00
2010.09.27 14:16:02.567,1.58155,1.58175,4.00,1.20
2010.09.27 14:16:04.128,1.5816,1.58175,6.00,1.00
2010.09.27 14:16:04.547,1.58165,1.58185,1.00,4.60
2010.09.27 14:16:05.090,1.58165,1.58185,2.40,4.40
2010.09.27 14:16:06.046,1.58165,1.58185,2.40,6.00
2010.09.27 14:16:06.407,1.58165,1.58185,2.40,1.60
2010.09.27 14:16:06.977,1.58165,1.58185,2.40,1.00
2010.09.27 14:16:07.333,1.58165,1.58185,4.00,1.60
2010.09.27 14:16:07.935,1.5817,1.5819,6.80,2.40
2010.09.27 14:16:08.290,1.58175,1.58195,10.60,1.20
2010.09.27 14:16:08.636,1.58175,1.58195,13.00,1.00
2010.09.27 14:16:09.323,1.58175,1.58195,11.80,1.00
2010.09.27 14:16:09.667,1.58175,1.58195,4.00,1.20
2010.09.27 14:16:10.198,1.5817,1.58195,7.80,3.40
2010.09.27 14:16:10.494,1.5817,1.5819,4.60,1.00
2010.09.27 14:16:11.654,1.5817,1.5819,3.20,1.00
2010.09.27 14:16:12.006,1.5817,1.5819,1.60,2.20
2010.09.27 14:16:12.363,1.5817,1.5819,1.00,4.40
2010.09.27 14:16:12.713,1.5817,1.5819,1.00,6.20
2010.09.27 14:16:13.064,1.5817,1.5819,1.00,3.60
2010.09.27 14:16:13.757,1.5817,1.5819,1.00,3.20
2010.09.27 14:16:14.644,1.5817,1.5819,1.00,3.20
2010.09.27 14:16:14.990,1.5817,1.5819,1.00,3.70
2010.09.27 14:16:15.336,1.5817,1.5819,1.00,4.50
2010.09.27 14:16:15.918,1.5817,1.5819,1.00,4.40
2010.09.27 14:16:16.622,1.5817,1.5819,1.00,6.00
2010.09.27 14:16:17.174,1.5817,1.58185,1.00,2.80
2010.09.27 14:16:17.252,1.58165,1.58185,1.60,4.40
2010.09.27 14:16:17.572,1.58165,1.58185,1.00,3.20
2010.09.27 14:16:18.458,1.58165,1.58185,1.00,2.00
2010.09.27 14:16:20.358,1.58165,1.58185,1.00,2.00
2010.09.27 14:16:20.639,1.58165,1.5819,7.80,10.00
2010.09.27 14:16:20.975,1.58165,1.5819,9.40,4.40
2010.09.27 14:16:21.541,1.5817,1.5819,1.60,3.60
2010.09.27 14:16:25.889,1.5817,1.5819,3.20,3.20
2010.09.27 14:16:26.002,1.5817,1.5819,3.20,1.60
2010.09.27 14:16:26.780,1.5817,1.58185,3.20,1.00
2010.09.27 14:16:27.054,1.5817,1.58185,1.60,2.40
2010.09.27 14:16:30.193,1.5817,1.58185,1.00,2.40
2010.09.27 14:16:30.840,1.58165,1.5818,1.00,1.00
2010.09.27 14:16:32.769,1.5816,1.5818,7.00,1.00
2010.09.27 14:16:33.081,1.5816,1.5818,7.80,1.00
2010.09.27 14:16:33.909,1.5816,1.5818,1.60,5.80
2010.09.27 14:16:34.252,1.5816,1.5818,1.60,12.70
2010.09.27 14:16:34.823,1.5816,1.5818,1.60,10.70
2010.09.27 14:16:35.126,1.5816,1.5818,2.40,4.40
2010.09.27 14:16:35.662,1.5816,1.5818,2.40,2.40
2010.09.27 14:16:36.010,1.5816,1.5818,4.00,1.60
2010.09.27 14:16:36.361,1.5816,1.5818,2.40,2.20
2010.09.27 14:16:36.931,1.5816,1.5818,2.40,1.60
2010.09.27 14:16:37.285,1.5816,1.5818,2.40,3.20
2010.09.27 14:16:37.879,1.5816,1.5818,2.40,2.40
2010.09.27 14:16:38.799,1.5816,1.5818,2.40,4.40
2010.09.27 14:16:39.291,1.5816,1.5818,3.20,1.60
2010.09.27 14:16:39.876,1.5816,1.5818,2.40,1.60
2010.09.27 14:16:40.231,1.5816,1.58175,2.40,1.00
2010.09.27 14:16:40.786,1.5816,1.58175,1.60,1.40
2010.09.27 14:16:41.140,1.5816,1.58175,1.60,1.00
2010.09.27 14:16:41.486,1.5816,1.58175,1.60,1.00
2010.09.27 14:16:41.835,1.5816,1.58175,1.60,1.00
2010.09.27 14:16:42.187,1.5816,1.5818,2.40,8.30
2010.09.27 14:16:42.537,1.5816,1.58175,2.40,1.00
2010.09.27 14:16:42.765,1.5816,1.58175,2.40,1.00
2010.09.27 14:16:42.994,1.5816,1.58175,1.00,1.40
2010.09.27 14:16:43.480,1.58155,1.58175,7.60,1.40
2010.09.27 14:16:43.833,1.5816,1.58175,1.00,1.00
2010.09.27 14:16:44.176,1.58155,1.58175,10.20,1.00
2010.09.27 14:16:44.529,1.58155,1.58175,2.40,2.20
2010.09.27 14:16:44.862,1.58155,1.58175,8.60,2.80
2010.09.27 14:16:45.188,1.58155,1.58175,10.20,1.60
2010.09.27 14:16:46.353,1.58155,1.5817,7.40,1.00
2010.09.27 14:16:46.622,1.58155,1.5817,1.60,2.00
2010.09.27 14:16:46.965,1.58155,1.5817,1.00,2.80
2010.09.27 14:16:47.319,1.5815,1.5817,4.80,3.80
2010.09.27 14:16:47.667,1.5815,1.5817,1.00,4.60
2010.09.27 14:16:48.871,1.5815,1.5817,1.00,5.40
2010.09.27 14:16:49.488,1.5815,1.5817,1.00,5.80
2010.09.27 14:16:50.088,1.5815,1.5817,1.00,7.80
2010.09.27 14:16:50.387,1.5815,1.5817,1.00,8.20
2010.09.27 14:16:50.899,1.58145,1.58165,11.40,1.00
2010.09.27 14:16:54.407,1.58145,1.58165,11.40,2.40
2010.09.27 14:16:55.146,1.58145,1.58165,10.60,2.80
2010.09.27 14:16:55.504,1.58145,1.5816,4.80,1.00
2010.09.27 14:16:55.849,1.58145,1.58165,1.60,4.60
2010.09.27 14:16:56.395,1.58145,1.58165,1.60,5.40
2010.09.27 14:16:56.749,1.58145,1.58165,1.60,5.40
2010.09.27 14:16:57.449,1.58145,1.58165,2.40,5.40
2010.09.27 14:16:57.807,1.5814,1.58155,3.20,1.00
2010.09.27 14:16:58.420,1.5814,1.58155,1.40,1.00
2010.09.27 14:16:58.773,1.5814,1.5816,11.80,1.00
2010.09.27 14:16:59.119,1.58145,1.5816,3.20,1.00
2010.09.27 14:16:59.470,1.58145,1.5815,2.40,1.00
2010.09.27 14:17:00.027,1.58135,1.5815,2.00,4.10
2010.09.27 14:17:00.172,1.5814,1.5815,1.20,2.80
2010.09.27 14:17:00.824,1.5814,1.58155,1.00,1.60
2010.09.27 14:17:01.176,1.58135,1.58155,4.00,5.70
2010.09.27 14:17:02.109,1.58135,1.58155,3.20,5.70
2010.09.27 14:17:02.462,1.5813,1.5815,6.60,1.00
2010.09.27 14:17:02.811,1.5813,1.5815,4.00,1.00
2010.09.27 14:17:03.161,1.58135,1.5815,1.00,1.60
2010.09.27 14:17:03.514,1.58135,1.5815,2.50,1.00
2010.09.27 14:17:03.866,1.58135,1.5815,4.10,1.00
2010.09.27 14:17:05.605,1.58135,1.5815,4.30,1.00
2010.09.27 14:17:05.916,1.58135,1.5815,4.40,1.00
2010.09.27 14:17:06.228,1.58145,1.5815,1.00,1.00
2010.09.27 14:17:06.575,1.58135,1.5815,4.30,1.00
2010.09.27 14:17:08.995,1.58135,1.5815,3.50,1.00
2010.09.27 14:17:10.044,1.58135,1.5815,1.10,1.80
2010.09.27 14:17:10.388,1.58135,1.5815,1.00,1.80
2010.09.27 14:17:10.979,1.58135,1.58145,1.00,1.00
2010.09.27 14:17:11.086,1.58135,1.5815,1.00,1.80
2010.09.27 14:17:11.437,1.58135,1.58145,1.00,1.00
2010.09.27 14:17:16.081,1.58135,1.5815,1.00,1.60
2010.09.27 14:17:16.964,1.58135,1.5815,8.20,1.00
2010.09.27 14:17:17.317,1.58135,1.5815,9.80,1.00
2010.09.27 14:17:17.979,1.58135,1.5815,1.70,1.00
2010.09.27 14:17:18.324,1.58135,1.58155,9.90,1.60
2010.09.27 14:17:20.890,1.58135,1.58155,9.50,1.60
2010.09.27 14:17:21.143,1.58135,1.5816,9.50,3.20
2010.09.27 14:17:21.401,1.58135,1.5816,11.10,3.20
2010.09.27 14:17:21.755,1.58135,1.58155,4.90,1.80
2010.09.27 14:17:22.356,1.58135,1.58145,1.00,1.00
2010.09.27 14:17:22.706,1.58125,1.58145,3.20,1.60
2010.09.27 14:17:23.314,1.58125,1.58145,4.90,1.60
2010.09.27 14:17:23.663,1.58125,1.58145,7.70,1.60
2010.09.27 14:17:24.013,1.58125,1.58145,9.10,1.60
2010.09.27 14:17:24.357,1.58125,1.58145,10.70,1.60
2010.09.27 14:17:24.712,1.58125,1.58145,12.70,1.60
2010.09.27 14:17:25.029,1.58125,1.58145,11.90,1.60
2010.09.27 14:17:25.486,1.5813,1.58145,5.80,1.00
2010.09.27 14:17:25.839,1.58135,1.5815,6.30,1.60
2010.09.27 14:17:26.183,1.58135,1.5815,9.50,1.60
2010.09.27 14:17:26.739,1.58135,1.5815,7.90,1.00
2010.09.27 14:17:27.788,1.58135,1.5815,8.30,1.00
2010.09.27 14:17:28.136,1.58135,1.5815,11.50,1.00
2010.09.27 14:17:29.192,1.58135,1.5815,2.50,1.00
2010.09.27 14:17:29.654,1.5813,1.5815,5.40,2.40
2010.09.27 14:17:29.878,1.5813,1.58145,1.00,1.00
2010.09.27 14:17:30.092,1.5813,1.58145,7.80,1.00
2010.09.27 14:17:30.444,1.5813,1.58145,5.60,1.00
2010.09.27 14:17:30.792,1.5813,1.58145,2.10,1.00
2010.09.27 14:17:31.142,1.5813,1.5815,1.60,4.40
2010.09.27 14:17:31.490,1.5813,1.5815,3.60,5.00
2010.09.27 14:17:31.841,1.58125,1.58145,4.40,2.00
2010.09.27 14:17:32.379,1.58125,1.5814,4.00,1.00
2010.09.27 14:17:32.734,1.58125,1.5814,2.40,1.00
2010.09.27 14:17:36.674,1.5813,1.5814,5.40,1.00
2010.09.27 14:17:37.021,1.5813,1.5815,7.00,3.20
2010.09.27 14:17:37.361,1.5813,1.5815,7.00,1.60
2010.09.27 14:17:37.902,1.5813,1.5815,8.60,1.60
2010.09.27 14:17:40.227,1.5813,1.58145,3.20,1.00
2010.09.27 14:17:40.269,1.5813,1.58145,1.60,1.00
2010.09.27 14:17:40.520,1.58125,1.58145,11.80,1.00
2010.09.27 14:17:41.127,1.58125,1.58145,3.60,2.40
2010.09.27 14:17:41.480,1.58125,1.58145,1.60,2.20
2010.09.27 14:17:41.829,1.58125,1.5814,1.60,1.00
2010.09.27 14:17:42.180,1.58125,1.58145,1.60,3.20
2010.09.27 14:17:43.569,1.5813,1.58145,5.40,3.20
2010.09.27 14:17:43.919,1.5813,1.5815,5.40,1.60
2010.09.27 14:17:44.269,1.5813,1.5815,7.80,1.60
2010.09.27 14:17:44.833,1.5813,1.5815,8.60,1.60
2010.09.27 14:17:49.059,1.5813,1.5815,7.00,1.60
2010.09.27 14:17:49.885,1.5813,1.5815,8.60,1.60
2010.09.27 14:17:51.180,1.5813,1.5815,7.00,3.20
2010.09.27 14:17:51.484,1.5813,1.5815,7.00,1.60
2010.09.27 14:17:52.323,1.5813,1.5815,8.60,1.60
2010.09.27 14:17:54.776,1.5813,1.58145,1.60,1.00
2010.09.27 14:17:55.085,1.58125,1.58145,3.20,2.40
2010.09.27 14:17:55.397,1.58115,1.58135,1.00,1.80
2010.09.27 14:17:55.862,1.58115,1.58135,1.00,4.40
2010.09.27 14:17:56.148,1.58115,1.5813,1.00,1.60
2010.09.27 14:17:57.688,1.5811,1.5813,1.60,1.60
2010.09.27 14:17:58.035,1.5811,1.5813,1.00,1.60
2010.09.27 14:17:59.045,1.5811,1.5813,1.00,1.80
2010.09.27 14:17:59.589,1.58115,1.5813,1.60,1.60
2010.09.27 14:17:59.852,1.58115,1.58135,2.80,5.80
2010.09.27 14:18:00.105,1.58115,1.58135,4.40,2.60
2010.09.27 14:18:00.857,1.58115,1.5813,1.00,1.00
2010.09.27 14:18:01.215,1.58115,1.58135,3.60,2.60
2010.09.27 14:18:02.148,1.58115,1.58135,3.80,2.60
2010.09.27 14:18:05.105,1.58115,1.5813,3.00,1.00
2010.09.27 14:18:05.434,1.58115,1.5813,2.00,1.00
2010.09.27 14:18:05.752,1.58115,1.58135,1.20,4.20
2010.09.27 14:18:06.072,1.58115,1.58135,1.00,2.60
2010.09.27 14:18:06.423,1.58115,1.58135,1.20,1.80
2010.09.27 14:18:07.000,1.5812,1.58135,1.60,2.30
2010.09.27 14:18:07.353,1.58115,1.58135,1.00,2.60
2010.09.27 14:18:07.928,1.5812,1.5813,1.00,1.00
2010.09.27 14:18:08.283,1.5811,1.5813,1.00,4.20
2010.09.27 14:18:08.634,1.5811,1.5813,1.60,1.80
2010.09.27 14:18:09.883,1.5811,1.5813,1.60,2.00
2010.09.27 14:18:10.687,1.5811,1.58125,6.00,1.00
2010.09.27 14:18:11.306,1.58115,1.5813,1.60,1.80
2010.09.27 14:18:11.665,1.5811,1.5813,1.60,1.80
2010.09.27 14:18:12.361,1.5811,1.5813,1.60,3.40
2010.09.27 14:18:14.132,1.5811,1.5813,1.60,4.00
2010.09.27 14:18:14.766,1.5811,1.5812,1.60,1.00
2010.09.27 14:18:15.128,1.5811,1.5812,1.60,1.00
2010.09.27 14:18:15.440,1.5811,1.5813,1.60,3.40
2010.09.27 14:18:16.031,1.5811,1.5813,1.60,1.80
2010.09.27 14:18:16.382,1.5811,1.5813,1.80,1.80
2010.09.27 14:18:16.726,1.5811,1.5813,1.60,1.80
2010.09.27 14:18:17.581,1.5811,1.5813,1.00,3.40
2010.09.27 14:18:19.606,1.5811,1.5813,1.00,4.20
2010.09.27 14:18:19.954,1.5811,1.5812,1.00,1.00
2010.09.27 14:18:20.293,1.58105,1.58125,10.60,1.60
2010.09.27 14:18:20.875,1.58105,1.5813,10.60,3.60
2010.09.27 14:18:21.230,1.5811,1.5813,1.60,1.80
2010.09.27 14:18:21.581,1.5811,1.5813,1.60,2.00
2010.09.27 14:18:23.138,1.5811,1.5813,1.60,2.10
2010.09.27 14:18:23.466,1.5811,1.5813,1.60,2.00
2010.09.27 14:18:23.805,1.5811,1.5813,4.80,1.00
2010.09.27 14:18:24.158,1.58115,1.5813,1.00,1.00
2010.09.27 14:18:25.370,1.58115,1.58135,1.60,2.60
2010.09.27 14:18:26.058,1.5812,1.5814,11.40,9.20
2010.09.27 14:18:26.407,1.58125,1.5814,9.00,2.40
2010.09.27 14:18:26.759,1.58125,1.58145,5.60,1.00
2010.09.27 14:18:27.106,1.58125,1.58145,3.20,2.60
2010.09.27 14:18:27.346,1.5812,1.5814,2.40,1.00
2010.09.27 14:18:27.584,1.5812,1.5814,1.60,1.00
2010.09.27 14:18:27.824,1.5812,1.5814,1.60,1.80
2010.09.27 14:18:28.760,1.58125,1.58145,8.40,4.20
2010.09.27 14:18:29.090,1.58125,1.58145,10.60,3.40
2010.09.27 14:18:29.379,1.58125,1.58145,11.40,3.40
2010.09.27 14:18:29.680,1.58125,1.58145,11.40,3.20
2010.09.27 14:18:30.192,1.58125,1.58145,11.40,2.40
2010.09.27 14:18:30.547,1.58125,1.58145,11.40,1.00
2010.09.27 14:18:30.898,1.58125,1.58145,13.00,1.00
2010.09.27 14:18:32.190,1.5813,1.5815,1.00,5.00
2010.09.27 14:18:32.877,1.58125,1.58145,11.40,1.00
2010.09.27 14:18:35.483,1.58125,1.5814,3.80,1.00
2010.09.27 14:18:35.835,1.58125,1.5814,1.00,1.60
2010.09.27 14:18:36.197,1.58125,1.58145,2.40,2.60
2010.09.27 14:18:36.549,1.58125,1.5814,1.00,1.00
2010.09.27 14:18:36.899,1.5812,1.5814,9.40,1.00
2010.09.27 14:18:37.249,1.5812,1.5814,9.20,1.60
2010.09.27 14:18:37.737,1.5812,1.5814,8.60,1.00
2010.09.27 14:18:38.033,1.5812,1.5814,11.60,1.00
2010.09.27 14:18:39.254,1.5813,1.5814,7.80,1.00
2010.09.27 14:18:39.612,1.58135,1.5815,1.60,1.00
2010.09.27 14:18:40.299,1.58135,1.58155,1.60,2.40
2010.09.27 14:18:40.649,1.58135,1.58155,2.40,2.40
2010.09.27 14:18:43.728,1.5814,1.5816,1.00,9.40
2010.09.27 14:18:44.079,1.5814,1.5816,1.00,7.80
2010.09.27 14:18:44.804,1.5814,1.5816,1.00,9.00
2010.09.27 14:18:45.153,1.5814,1.5816,1.00,7.40
2010.09.27 14:18:45.901,1.5814,1.5816,1.00,9.00
2010.09.27 14:18:46.590,1.5814,1.5816,1.00,12.50
2010.09.27 14:18:47.179,1.5814,1.5816,1.00,10.10
2010.09.27 14:18:47.527,1.5814,1.5816,1.00,10.20
2010.09.27 14:18:48.111,1.58135,1.58155,4.80,1.00
2010.09.27 14:18:48.588,1.58135,1.5815,1.00,1.00
2010.09.27 14:18:48.833,1.5813,1.5815,1.60,1.00
2010.09.27 14:18:49.184,1.5813,1.5815,6.80,1.80
2010.09.27 14:18:49.543,1.5813,1.58155,10.20,4.80
2010.09.27 14:18:49.891,1.5813,1.58155,13.90,3.20
2010.09.27 14:18:50.322,1.58135,1.58155,4.00,1.60
2010.09.27 14:18:50.677,1.58145,1.5816,5.80,1.00
2010.09.27 14:18:51.273,1.58145,1.58165,9.80,2.40
2010.09.27 14:18:51.617,1.5815,1.58165,1.00,2.40
2010.09.27 14:18:51.967,1.5815,1.58165,1.00,1.00
2010.09.27 14:18:55.180,1.5815,1.58165,1.00,2.40
2010.09.27 14:18:57.097,1.5815,1.58165,1.00,1.00
2010.09.27 14:18:58.316,1.5815,1.5817,1.00,7.20
2010.09.27 14:18:58.829,1.5815,1.5817,1.60,6.80
2010.09.27 14:18:59.140,1.5815,1.5817,1.60,6.00
2010.09.27 14:18:59.450,1.5815,1.58165,1.60,1.00
2010.09.27 14:18:59.755,1.5815,1.58165,1.60,1.00
2010.09.27 14:19:00.605,1.5815,1.5817,1.60,7.00
2010.09.27 14:19:00.829,1.5815,1.5817,1.60,6.20
2010.09.27 14:19:01.698,1.5815,1.58165,5.20,1.60
2010.09.27 14:19:02.297,1.5815,1.58165,4.80,1.60
2010.09.27 14:19:02.636,1.58145,1.58165,11.40,1.60
2010.09.27 14:19:05.716,1.58145,1.58165,5.40,1.60
2010.09.27 14:19:05.911,1.58145,1.58165,1.60,6.10
2010.09.27 14:19:06.324,1.58145,1.58155,1.60,1.00
2010.09.27 14:19:06.677,1.58135,1.58155,4.00,2.00
2010.09.27 14:19:07.037,1.58135,1.58155,3.20,1.60
2010.09.27 14:19:07.575,1.58135,1.58155,1.60,1.60
2010.09.27 14:19:09.176,1.58135,1.58155,2.40,1.60
2010.09.27 14:19:10.458,1.58135,1.58155,1.60,1.60
2010.09.27 14:19:13.633,1.5814,1.58155,1.00,1.60
2010.09.27 14:19:13.986,1.5814,1.5816,7.80,1.60
2010.09.27 14:19:14.337,1.5814,1.5816,8.60,1.00
2010.09.27 14:19:15.261,1.5814,1.5816,9.00,1.00
2010.09.27 14:19:16.225,1.5814,1.5816,3.80,1.00
2010.09.27 14:19:16.426,1.5814,1.5816,1.60,1.60
2010.09.27 14:19:16.622,1.5814,1.5816,7.00,1.00
2010.09.27 14:19:17.183,1.5814,1.5816,7.00,3.20
2010.09.27 14:19:17.537,1.5814,1.5816,8.60,1.00
2010.09.27 14:19:18.242,1.5815,1.58165,3.40,1.60
2010.09.27 14:19:18.590,1.58145,1.5817,10.60,8.00
2010.09.27 14:19:19.137,1.58145,1.58165,11.40,1.60
2010.09.27 14:19:20.167,1.5815,1.58165,5.20,1.60
2010.09.27 14:19:20.751,1.5815,1.5817,2.40,7.60
2010.09.27 14:19:20.932,1.5815,1.5817,1.00,8.40
2010.09.27 14:19:21.274,1.5815,1.5817,1.00,10.00
2010.09.27 14:19:21.453,1.58145,1.58165,11.40,1.60
2010.09.27 14:19:22.596,1.58145,1.58155,1.00,1.00
2010.09.27 14:19:23.091,1.5814,1.5815,1.00,1.00
2010.09.27 14:19:23.383,1.5814,1.5816,1.00,6.60
2010.09.27 14:19:23.671,1.5814,1.5816,1.00,3.80
2010.09.27 14:19:23.964,1.58145,1.58165,1.00,5.10
2010.09.27 14:19:24.314,1.58145,1.58165,2.40,4.30
2010.09.27 14:19:24.906,1.58145,1.58165,2.40,1.10
2010.09.27 14:19:25.259,1.58145,1.58165,4.00,1.20
2010.09.27 14:19:25.604,1.58145,1.58165,4.00,1.00
2010.09.27 14:19:25.944,1.58145,1.58165,4.00,1.00
2010.09.27 14:19:27.174,1.58145,1.58165,4.00,2.40
2010.09.27 14:19:27.713,1.58145,1.58165,2.40,3.40
2010.09.27 14:19:28.713,1.5814,1.5816,1.00,5.20
2010.09.27 14:19:29.018,1.58135,1.58155,4.00,1.00
2010.09.27 14:19:29.365,1.58135,1.58155,2.40,1.00
2010.09.27 14:19:30.405,1.5814,1.5816,1.00,4.10
2010.09.27 14:19:30.760,1.5814,1.5816,6.20,3.20
2010.09.27 14:19:31.107,1.5814,1.5816,7.00,1.00
2010.09.27 14:19:32.357,1.5814,1.5816,3.20,6.00
2010.09.27 14:19:32.714,1.5814,1.58155,1.00,1.00
2010.09.27 14:19:33.065,1.5814,1.58155,1.00,1.00
2010.09.27 14:19:35.023,1.5814,1.5816,7.00,3.00
2010.09.27 14:19:35.372,1.5814,1.5816,7.00,1.00
2010.09.27 14:19:36.182,1.5815,1.5816,6.00,1.00
2010.09.27 14:19:36.506,1.5815,1.5817,1.00,3.40
2010.09.27 14:19:36.819,1.58145,1.58165,9.40,1.60
2010.09.27 14:19:37.489,1.58145,1.58165,9.80,1.60
2010.09.27 14:19:37.853,1.58145,1.5816,1.60,1.00
2010.09.27 14:19:38.449,1.5814,1.5816,9.20,2.00
2010.09.27 14:19:38.803,1.5814,1.5816,8.60,1.00
2010.09.27 14:19:41.506,1.5814,1.58155,3.20,1.00
2010.09.27 14:19:41.843,1.5814,1.5816,1.60,5.20
2010.09.27 14:19:42.219,1.5814,1.5816,6.00,3.60
2010.09.27 14:19:42.564,1.58145,1.58165,1.00,4.80
2010.09.27 14:19:43.146,1.58145,1.58165,8.60,1.60
2010.09.27 14:19:43.504,1.58145,1.58165,10.20,1.00
2010.09.27 14:19:44.442,1.58145,1.58165,10.60,1.00
2010.09.27 14:19:44.786,1.58145,1.58165,11.80,1.00
2010.09.27 14:19:45.086,1.58145,1.58165,10.20,1.00
2010.09.27 14:19:45.385,1.58145,1.58165,11.80,1.00
2010.09.27 14:19:45.686,1.58145,1.58165,12.70,1.00
2010.09.27 14:19:46.636,1.58145,1.58165,11.10,1.00
2010.09.27 14:19:47.371,1.58145,1.58165,9.80,2.40
2010.09.27 14:19:47.720,1.58145,1.58165,11.40,1.00
2010.09.27 14:19:48.064,1.58145,1.58165,9.80,1.00
2010.09.27 14:19:48.415,1.58145,1.58165,11.40,1.00
2010.09.27 14:19:49.312,1.58145,1.58165,11.40,2.40
2010.09.27 14:19:49.594,1.58145,1.58165,9.80,2.40
2010.09.27 14:19:50.078,1.58145,1.58165,11.40,2.40
2010.09.27 14:19:50.534,1.58145,1.58165,9.80,2.40
2010.09.27 14:19:51.668,1.58145,1.58165,11.40,1.00
2010.09.27 14:19:55.867,1.58145,1.58165,9.80,1.00
2010.09.27 14:19:56.443,1.58145,1.58165,11.40,1.00
2010.09.27 14:19:56.787,1.58145,1.58165,9.80,1.00
2010.09.27 14:19:57.475,1.58145,1.58165,11.40,1.00
2010.09.27 14:19:57.825,1.58145,1.58165,13.00,1.00
2010.09.27 14:19:58.173,1.58145,1.58165,11.40,1.00
2010.09.27 14:19:58.715,1.58145,1.58165,12.70,1.00
2010.09.27 14:19:59.069,1.58145,1.58165,12.60,1.00
2010.09.27 14:19:59.416,1.58145,1.58165,12.60,1.00
2010.09.27 14:20:00.484,1.58145,1.58165,11.00,1.00
2010.09.27 14:20:00.894,1.58145,1.58165,9.80,1.00
2010.09.27 14:20:01.092,1.58145,1.58165,11.40,1.00
2010.09.27 14:20:01.293,1.58145,1.58165,9.80,1.00
2010.09.27 14:20:02.576,1.58145,1.58165,11.00,1.00
2010.09.27 14:20:03.146,1.58145,1.58165,11.40,1.00
2010.09.27 14:20:03.415,1.58145,1.58165,9.80,1.00
2010.09.27 14:20:03.622,1.58145,1.58165,11.40,1.00
2010.09.27 14:20:12.697,1.58145,1.58165,9.80,1.00
2010.09.27 14:20:13.067,1.58145,1.58165,13.00,1.00
2010.09.27 14:20:13.305,1.58145,1.58165,11.50,1.00
2010.09.27 14:20:14.324,1.58145,1.58165,9.90,1.00
2010.09.27 14:20:14.677,1.58145,1.58165,1.60,1.80
2010.09.27 14:20:15.231,1.58145,1.58165,1.60,3.40
2010.09.27 14:20:15.540,1.58145,1.58165,1.60,4.20
2010.09.27 14:20:16.186,1.58145,1.58165,2.20,4.00
2010.09.27 14:20:16.541,1.58145,1.58165,9.00,3.20
2010.09.27 14:20:16.886,1.58145,1.58165,10.60,3.20
2010.09.27 14:20:17.166,1.58145,1.58165,12.20,3.20
2010.09.27 14:20:18.237,1.58145,1.58165,12.20,1.60
2010.09.27 14:20:23.124,1.5815,1.58165,3.00,1.00
2010.09.27 14:20:23.384,1.5815,1.58165,2.40,1.00
2010.09.27 14:20:23.892,1.5815,1.58165,1.00,2.40
2010.09.27 14:20:24.154,1.5815,1.5817,3.00,5.20
2010.09.27 14:20:24.755,1.58145,1.58165,9.80,1.60
2010.09.27 14:20:25.112,1.5815,1.58165,5.20,2.40
2010.09.27 14:20:25.465,1.5815,1.58165,6.80,1.00
2010.09.27 14:20:25.817,1.58145,1.58165,9.00,1.00
2010.09.27 14:20:26.170,1.58145,1.58165,9.00,1.60
2010.09.27 14:20:26.725,1.58145,1.58165,10.60,1.60
2010.09.27 14:20:27.083,1.58145,1.58165,10.60,3.20
2010.09.27 14:20:27.872,1.58145,1.58165,5.40,3.20
2010.09.27 14:20:28.228,1.58145,1.58165,1.60,2.60
2010.09.27 14:20:28.519,1.58145,1.58165,1.60,4.20
2010.09.27 14:20:29.897,1.58145,1.58165,9.00,1.60
2010.09.27 14:20:30.747,1.58145,1.58165,10.60,1.60
2010.09.27 14:20:41.276,1.58145,1.58165,10.60,3.20
2010.09.27 14:20:41.599,1.58145,1.58165,10.60,4.00
2010.09.27 14:20:42.485,1.58145,1.58165,10.60,4.00
2010.09.27 14:20:44.385,1.58145,1.58165,10.60,4.00
2010.09.27 14:20:44.742,1.58145,1.58165,3.20,4.60
2010.09.27 14:20:45.091,1.58145,1.5816,1.00,5.00
2010.09.27 14:20:45.616,1.58135,1.58155,3.20,2.00
2010.09.27 14:20:45.971,1.5813,1.58155,7.40,5.20
2010.09.27 14:20:46.316,1.5813,1.5815,7.00,1.00
2010.09.27 14:20:49.143,1.5813,1.5815,7.00,1.60
2010.09.27 14:20:50.108,1.5813,1.5815,1.60,1.60
2010.09.27 14:20:50.655,1.5813,1.58145,1.00,1.00
2010.09.27 14:20:50.975,1.5813,1.58145,1.00,2.40
2010.09.27 14:20:51.285,1.5813,1.58145,1.00,1.00
2010.09.27 14:20:52.023,1.5812,1.58145,1.60,9.20
2010.09.27 14:20:52.369,1.5812,1.5814,1.60,1.00
2010.09.27 14:20:54.886,1.5812,1.5814,3.20,1.00
2010.09.27 14:20:55.088,1.58125,1.58145,1.00,6.00
2010.09.27 14:20:55.572,1.58125,1.58145,1.00,3.40
2010.09.27 14:20:55.785,1.58125,1.58145,7.40,1.60
2010.09.27 14:20:56.369,1.58125,1.5815,9.80,5.80
2010.09.27 14:20:56.719,1.5813,1.5815,1.00,2.60
2010.09.27 14:20:57.065,1.5813,1.5815,1.00,1.80
2010.09.27 14:20:57.415,1.5813,1.5815,1.00,1.80
2010.09.27 14:20:58.367,1.5813,1.5815,1.00,1.80
2010.09.27 14:21:01.357,1.5813,1.5815,6.60,1.60
2010.09.27 14:21:01.717,1.5813,1.5815,9.00,1.00
2010.09.27 14:21:02.289,1.5813,1.5815,8.60,1.00
2010.09.27 14:21:05.251,1.58135,1.5815,5.20,1.00
2010.09.27 14:21:05.607,1.58135,1.58155,7.80,3.20
2010.09.27 14:21:05.958,1.58135,1.58155,9.80,3.20
2010.09.27 14:21:06.898,1.5814,1.58155,1.00,1.60
2010.09.27 14:21:07.251,1.5814,1.5816,8.60,3.20
2010.09.27 14:21:07.708,1.58145,1.5816,1.00,1.00
2010.09.27 14:21:08.019,1.58145,1.58165,3.20,1.00
2010.09.27 14:21:08.563,1.58145,1.58165,5.10,1.00
2010.09.27 14:21:08.913,1.58145,1.58165,4.00,1.00
2010.09.27 14:21:10.450,1.58145,1.58165,3.20,1.00
2010.09.27 14:21:10.654,1.58145,1.58165,3.20,1.80
2010.09.27 14:21:10.855,1.58145,1.58165,4.80,1.80
2010.09.27 14:21:11.345,1.5814,1.5816,6.80,1.00
2010.09.27 14:21:11.570,1.5814,1.5816,1.60,3.80
2010.09.27 14:21:11.929,1.58135,1.58155,9.80,1.20
2010.09.27 14:21:12.287,1.58135,1.5815,1.60,4.20
2010.09.27 14:21:12.642,1.58135,1.5815,1.60,5.00
2010.09.27 14:21:13.678,1.58135,1.5815,1.60,5.10
2010.09.27 14:21:14.027,1.5813,1.58145,1.00,1.00
2010.09.27 14:21:14.378,1.58125,1.58145,2.40,1.60
2010.09.27 14:21:15.622,1.5812,1.58145,18.20,4.00
2010.09.27 14:21:16.603,1.5812,1.58145,20.00,1.80
2010.09.27 14:21:16.919,1.5812,1.58145,20.00,1.80
2010.09.27 14:21:19.726,1.58125,1.58145,11.40,1.00
2010.09.27 14:21:20.256,1.58125,1.58145,11.40,1.00
2010.09.27 14:21:20.636,1.5813,1.5815,1.60,3.40
2010.09.27 14:21:20.993,1.5812,1.58145,19.00,3.40
2010.09.27 14:21:21.342,1.5812,1.58145,17.00,3.40
2010.09.27 14:21:22.034,1.5812,1.58145,18.60,3.60
2010.09.27 14:21:23.203,1.5812,1.58145,16.80,1.20
2010.09.27 14:21:23.480,1.5812,1.58145,16.80,4.20
2010.09.27 14:21:24.049,1.5812,1.58145,16.80,4.40
2010.09.27 14:21:24.401,1.5812,1.58145,16.80,4.30
2010.09.27 14:21:25.738,1.58125,1.58145,9.20,4.40
2010.09.27 14:21:26.008,1.5812,1.58145,11.60,6.00
2010.09.27 14:21:26.275,1.5812,1.58145,10.00,6.00
2010.09.27 14:21:26.567,1.5812,1.58145,10.00,6.00
2010.09.27 14:21:26.921,1.5812,1.58145,10.00,5.90
2010.09.27 14:21:28.714,1.5812,1.58145,9.40,5.80
2010.09.27 14:21:29.325,1.5813,1.58145,5.80,3.20
2010.09.27 14:21:29.676,1.5813,1.5815,6.60,3.20
2010.09.27 14:21:30.293,1.5813,1.5815,7.40,1.60
2010.09.27 14:21:30.643,1.5813,1.5815,9.00,1.60
2010.09.27 14:21:31.224,1.5813,1.5815,8.60,1.60
2010.09.27 14:21:32.567,1.5813,1.5815,8.60,3.20
2010.09.27 14:21:33.935,1.5813,1.5815,8.60,1.60
2010.09.27 14:21:34.794,1.5813,1.5815,8.60,1.60
2010.09.27 14:21:35.026,1.58135,1.5815,1.60,1.00
2010.09.27 14:21:35.839,1.5813,1.58155,15.70,1.80
2010.09.27 14:21:36.536,1.5813,1.58155,15.70,1.90
2010.09.27 14:21:38.968,1.58135,1.5815,1.60,1.00
2010.09.27 14:21:43.528,1.5813,1.5815,10.00,1.00
2010.09.27 14:21:47.527,1.58135,1.58155,1.60,3.50
2010.09.27 14:21:47.939,1.5813,1.58155,17.20,4.00
2010.09.27 14:21:48.300,1.5813,1.5816,17.40,5.60
2010.09.27 14:21:48.885,1.5813,1.5815,18.60,3.80
2010.09.27 14:21:49.245,1.58135,1.58155,3.80,1.20
2010.09.27 14:21:49.845,1.58135,1.5815,1.60,3.80
2010.09.27 14:21:50.196,1.5813,1.5815,14.50,6.10
2010.09.27 14:21:50.551,1.5813,1.58155,20.80,1.80
2010.09.27 14:21:50.899,1.5813,1.58155,18.80,1.00
2010.09.27 14:21:51.230,1.5813,1.58155,19.00,2.40
2010.09.27 14:21:53.174,1.58135,1.58155,9.20,2.40
2010.09.27 14:21:53.720,1.5813,1.58155,17.70,2.60
2010.09.27 14:21:54.071,1.5813,1.58155,17.80,1.00
2010.09.27 14:21:57.020,1.58135,1.5815,1.60,6.20
2010.09.27 14:21:57.381,1.58135,1.5815,1.60,1.00
2010.09.27 14:21:57.609,1.58135,1.5815,1.00,1.00
2010.09.27 14:21:58.490,1.58135,1.5815,1.60,1.00
2010.09.27 14:21:59.102,1.58135,1.58155,2.40,2.60
2010.09.27 14:21:59.449,1.58135,1.58155,2.40,1.00
2010.09.27 14:21:59.757,1.58135,1.58155,4.00,1.00
2010.09.27 14:22:00.093,1.5814,1.5816,1.00,6.40
2010.09.27 14:22:01.408,1.5814,1.58155,1.00,1.00
2010.09.27 14:22:01.758,1.5814,1.5816,1.00,6.40
2010.09.27 14:22:05.537,1.5814,1.5816,1.00,3.80
2010.09.27 14:22:05.787,1.5814,1.5816,1.00,3.20
2010.09.27 14:22:06.448,1.5814,1.5816,1.00,3.20
2010.09.27 14:22:06.648,1.5814,1.5816,6.40,3.20
2010.09.27 14:22:06.848,1.58145,1.5816,1.00,1.00
2010.09.27 14:22:07.201,1.58145,1.58165,2.40,3.20
2010.09.27 14:22:07.550,1.5815,1.58165,1.00,1.60
2010.09.27 14:22:08.130,1.5815,1.58165,1.00,1.00
2010.09.27 14:22:10.679,1.58145,1.58165,4.40,1.00
2010.09.27 14:22:10.961,1.58145,1.58165,3.20,1.60
2010.09.27 14:22:11.359,1.58145,1.58165,3.20,2.20
2010.09.27 14:22:11.742,1.58145,1.58165,2.40,3.80
2010.09.27 14:22:11.900,1.5814,1.5816,2.00,5.20
2010.09.27 14:22:12.037,1.5814,1.5816,1.80,5.20
2010.09.27 14:22:12.390,1.5814,1.5816,1.60,5.20
2010.09.27 14:22:13.246,1.5814,1.5816,1.60,6.80
2010.09.27 14:22:13.516,1.58135,1.58155,5.60,1.00
2010.09.27 14:22:13.787,1.58135,1.58155,4.00,1.00
2010.09.27 14:22:15.249,1.5814,1.58155,1.60,1.00
2010.09.27 14:22:16.390,1.5814,1.5816,3.40,3.20
2010.09.27 14:22:16.746,1.5814,1.5816,1.60,3.20
2010.09.27 14:22:19.478,1.5814,1.5816,3.20,3.20
2010.09.27 14:22:19.564,1.5814,1.5816,3.20,3.80
2010.09.27 14:22:20.013,1.5814,1.5816,3.20,3.20
2010.09.27 14:22:21.492,1.5814,1.5816,3.30,3.20
2010.09.27 14:22:21.812,1.5814,1.5816,3.20,3.20
2010.09.27 14:22:21.980,1.5814,1.5816,3.20,3.20
2010.09.27 14:22:22.395,1.5814,1.5816,3.20,3.80
2010.09.27 14:22:25.325,1.5814,1.5816,3.20,3.20
2010.09.27 14:22:25.656,1.5814,1.5816,3.20,3.40
2010.09.27 14:22:26.107,1.5814,1.5816,3.20,4.00
2010.09.27 14:22:26.310,1.5814,1.5816,3.20,4.00
2010.09.27 14:22:26.513,1.5814,1.5816,3.30,3.20
2010.09.27 14:22:27.089,1.5814,1.5816,6.10,2.40
2010.09.27 14:22:27.427,1.5814,1.5816,3.20,1.00
2010.09.27 14:22:28.310,1.5814,1.5816,6.00,1.00
2010.09.27 14:22:28.656,1.58145,1.5816,1.00,1.00
2010.09.27 14:22:30.752,1.58145,1.58165,1.00,3.20
2010.09.27 14:22:31.643,1.58145,1.58165,3.20,2.40
2010.09.27 14:22:31.991,1.58145,1.58165,3.20,2.40
2010.09.27 14:22:32.558,1.58145,1.58165,1.60,2.40
2010.09.27 14:22:32.918,1.5815,1.5817,2.90,3.60
2010.09.27 14:22:33.526,1.58155,1.58175,2.40,4.80
2010.09.27 14:22:33.883,1.58155,1.58175,1.00,6.20
2010.09.27 14:22:34.579,1.58155,1.58175,1.00,8.60
2010.09.27 14:22:34.926,1.5815,1.5817,4.40,1.00
2010.09.27 14:22:35.280,1.5815,1.58165,1.00,1.00
2010.09.27 14:22:35.846,1.5815,1.5817,1.60,1.60
2010.09.27 14:22:36.167,1.58145,1.58165,2.40,1.60
2010.09.27 14:22:36.796,1.58145,1.58165,1.00,1.60
2010.09.27 14:22:38.150,1.5814,1.5816,4.80,1.00
2010.09.27 14:22:40.252,1.5814,1.5816,3.20,1.00
2010.09.27 14:22:40.649,1.5814,1.5816,1.00,4.20
2010.09.27 14:22:40.930,1.58135,1.58155,3.20,1.00
2010.09.27 14:22:41.792,1.5814,1.5816,1.00,4.00
2010.09.27 14:22:42.477,1.5814,1.5816,1.00,4.40
2010.09.27 14:22:42.827,1.5814,1.5816,1.00,7.00
2010.09.27 14:22:43.176,1.5814,1.5816,1.00,7.40
2010.09.27 14:22:46.448,1.5814,1.5816,1.00,9.20
2010.09.27 14:22:46.705,1.58135,1.58155,1.60,1.00
2010.09.27 14:22:47.049,1.58135,1.58155,1.60,1.20
2010.09.27 14:22:47.312,1.5813,1.5815,1.60,4.20
2010.09.27 14:22:47.903,1.5813,1.5815,1.60,4.60
2010.09.27 14:22:48.252,1.5813,1.5815,8.40,2.60
2010.09.27 14:22:48.599,1.58135,1.5815,1.00,1.00
2010.09.27 14:22:51.285,1.58135,1.58155,1.00,4.40
2010.09.27 14:22:51.469,1.58135,1.58155,1.00,4.00
2010.09.27 14:22:53.194,1.58135,1.58155,1.00,3.20
2010.09.27 14:22:56.933,1.58135,1.58155,6.00,3.20
2010.09.27 14:22:57.139,1.58135,1.58155,12.30,1.60
2010.09.27 14:22:57.644,1.58135,1.58155,14.30,1.60
2010.09.27 14:23:01.128,1.58135,1.58155,14.30,1.00
2010.09.27 14:23:09.238,1.5814,1.5816,1.00,9.00
2010.09.27 14:23:09.898,1.5814,1.5816,1.60,7.80
2010.09.27 14:23:10.263,1.5814,1.5816,1.60,10.20
2010.09.27 14:23:10.817,1.5814,1.5816,1.00,10.20
2010.09.27 14:23:11.516,1.5814,1.5816,1.00,9.00
2010.09.27 14:23:12.415,1.58145,1.5816,7.20,3.20
2010.09.27 14:23:12.763,1.58145,1.58165,9.90,2.40
2010.09.27 14:23:13.076,1.58145,1.58165,11.90,1.60
2010.09.27 14:23:13.395,1.58145,1.58165,12.10,1.60
2010.09.27 14:23:14.239,1.58145,1.58165,5.40,1.80
2010.09.27 14:23:14.742,1.5815,1.58165,8.40,2.40
2010.09.27 14:23:14.998,1.58145,1.58165,8.20,3.80
2010.09.27 14:23:15.126,1.58145,1.58165,12.10,1.00
2010.09.27 14:23:15.255,1.58145,1.58165,1.60,1.00
2010.09.27 14:23:15.383,1.58145,1.58165,3.20,1.00
2010.09.27 14:23:16.369,1.58145,1.58165,3.20,1.00
2010.09.27 14:23:16.727,1.58145,1.5816,1.00,3.00
2010.09.27 14:23:17.306,1.58145,1.58165,1.00,4.40
2010.09.27 14:23:17.664,1.58145,1.58165,6.60,4.80
2010.09.27 14:23:18.260,1.58145,1.58165,12.70,1.20
2010.09.27 14:23:18.593,1.5815,1.5817,1.60,9.00
2010.09.27 14:23:19.248,1.5815,1.5817,1.60,10.20
2010.09.27 14:23:19.597,1.5815,1.5817,1.00,11.80
2010.09.27 14:23:20.839,1.5815,1.5817,1.00,10.20
2010.09.27 14:23:21.444,1.5815,1.5817,1.00,11.80
2010.09.27 14:23:21.791,1.5815,1.5817,1.00,10.20
2010.09.27 14:23:24.261,1.5815,1.5817,5.40,8.20
2010.09.27 14:23:24.493,1.5815,1.5817,13.80,3.40
2010.09.27 14:23:24.721,1.58155,1.5817,1.00,1.20
2010.09.27 14:23:24.945,1.58155,1.5817,1.00,1.00
2010.09.27 14:23:25.447,1.58155,1.58175,1.60,10.40
2010.09.27 14:23:25.802,1.58155,1.58175,1.60,8.80
2010.09.27 14:23:26.150,1.58155,1.58175,1.60,7.20
2010.09.27 14:23:26.645,1.58155,1.58175,2.40,7.20
2010.09.27 14:23:26.979,1.58155,1.58175,2.40,8.80
2010.09.27 14:23:29.423,1.58155,1.58165,1.60,1.00
2010.09.27 14:23:29.564,1.58155,1.58165,1.00,1.60
2010.09.27 14:23:30.108,1.58155,1.5817,1.00,3.20
2010.09.27 14:23:30.466,1.58155,1.5817,1.00,4.80
2010.09.27 14:23:31.908,1.5815,1.5817,1.60,6.40
2010.09.27 14:23:32.840,1.5815,1.5817,1.00,8.00
2010.09.27 14:23:33.070,1.5815,1.5817,1.00,11.60
2010.09.27 14:23:33.670,1.5815,1.5817,1.00,10.00
2010.09.27 14:23:34.023,1.5815,1.5817,1.00,9.20
2010.09.27 14:23:36.320,1.5815,1.5817,1.00,9.60
2010.09.27 14:23:36.639,1.5815,1.5817,1.00,10.40
2010.09.27 14:23:42.797,1.5815,1.5817,1.00,10.00
2010.09.27 14:23:42.988,1.5815,1.5817,1.00,9.20
2010.09.27 14:23:44.492,1.5815,1.58155,1.00,1.00
2010.09.27 14:23:45.039,1.5814,1.58155,6.00,1.00
2010.09.27 14:23:45.394,1.5814,1.5816,1.60,6.80
2010.09.27 14:23:45.745,1.58145,1.5816,1.00,2.20
2010.09.27 14:23:46.064,1.58145,1.58165,1.00,3.40
2010.09.27 14:23:46.919,1.5815,1.58165,5.20,3.40
2010.09.27 14:23:47.280,1.5815,1.5817,4.80,5.20
2010.09.27 14:23:47.630,1.5815,1.5817,1.60,6.40
2010.09.27 14:23:51.619,1.58155,1.5817,1.60,2.60
2010.09.27 14:23:51.969,1.5815,1.5817,3.20,2.60
2010.09.27 14:23:52.756,1.5815,1.5817,3.30,2.60
2010.09.27 14:23:58.783,1.5815,1.5817,3.70,2.60
2010.09.27 14:24:00.650,1.58155,1.5817,2.80,1.80
2010.09.27 14:24:00.787,1.58155,1.5817,1.20,1.80
2010.09.27 14:24:00.928,1.58155,1.5817,1.00,4.80
2010.09.27 14:24:01.304,1.5815,1.5817,3.60,5.60
2010.09.27 14:24:01.649,1.5815,1.5817,3.20,5.60
2010.09.27 14:24:03.448,1.5815,1.5817,1.60,5.60
2010.09.27 14:24:03.542,1.5815,1.5817,3.20,5.60
2010.09.27 14:24:04.098,1.58155,1.5817,1.60,5.60
2010.09.27 14:24:05.015,1.58155,1.5817,1.60,3.20
2010.09.27 14:24:06.736,1.5815,1.5817,4.40,3.20
2010.09.27 14:24:07.572,1.5815,1.5817,4.40,5.60
2010.09.27 14:24:08.808,1.5815,1.5817,4.40,5.60
2010.09.27 14:24:09.131,1.5815,1.5817,4.00,5.60
2010.09.27 14:24:11.239,1.5815,1.5817,3.20,5.60
2010.09.27 14:24:11.714,1.5816,1.5817,5.20,5.60
2010.09.27 14:24:11.909,1.5816,1.5817,2.80,3.20
2010.09.27 14:24:12.327,1.5816,1.5818,2.50,4.60
2010.09.27 14:24:12.682,1.58155,1.58175,5.60,1.00
2010.09.27 14:24:13.383,1.58155,1.5818,5.60,6.80
2010.09.27 14:24:14.327,1.58155,1.5818,5.60,7.60
2010.09.27 14:24:15.601,1.58155,1.5817,3.20,3.00
2010.09.27 14:24:15.828,1.58155,1.5817,1.00,3.00
2010.09.27 14:24:16.045,1.58155,1.5817,1.00,4.60
2010.09.27 14:24:16.889,1.5815,1.5817,1.60,4.60
2010.09.27 14:24:17.205,1.5815,1.5817,1.60,5.40
2010.09.27 14:24:17.468,1.5816,1.58175,1.60,5.40
2010.09.27 14:24:18.069,1.5816,1.58175,1.00,1.00
2010.09.27 14:24:18.420,1.5816,1.5818,1.00,8.00
2010.09.27 14:24:18.767,1.5816,1.5818,3.20,4.00
2010.09.27 14:24:19.455,1.5816,1.5818,3.20,4.60
2010.09.27 14:24:20.018,1.58165,1.5818,6.00,5.40
2010.09.27 14:24:20.375,1.5816,1.5818,11.40,1.00
2010.09.27 14:24:20.974,1.5816,1.5818,10.20,2.40
2010.09.27 14:24:21.317,1.5816,1.5818,8.60,2.40
2010.09.27 14:24:23.256,1.5816,1.58175,3.20,2.40
2010.09.27 14:24:23.466,1.5816,1.58175,1.60,3.00
2010.09.27 14:24:23.676,1.58155,1.58175,4.00,3.20
2010.09.27 14:24:23.982,1.58155,1.58175,1.60,4.00
2010.09.27 14:24:24.235,1.58155,1.58175,2.40,3.20
2010.09.27 14:24:24.481,1.58155,1.58175,5.60,3.20
2010.09.27 14:24:24.827,1.58155,1.58175,3.20,2.40
2010.09.27 14:24:25.177,1.58155,1.58175,2.40,2.40
2010.09.27 14:24:26.125,1.58155,1.58175,2.40,3.20
2010.09.27 14:24:31.301,1.58155,1.5817,1.00,3.00
2010.09.27 14:24:32.025,1.5815,1.5817,3.20,3.80
2010.09.27 14:24:32.262,1.5815,1.5817,3.20,5.40
2010.09.27 14:24:33.533,1.5815,1.5817,1.00,9.00
2010.09.27 14:24:34.233,1.5815,1.58165,1.00,1.20
2010.09.27 14:24:37.266,1.5815,1.58165,1.00,1.00
2010.09.27 14:24:38.047,1.58155,1.5817,1.00,1.60
2010.09.27 14:24:38.676,1.58165,1.5818,1.00,6.80
2010.09.27 14:24:39.035,1.5817,1.5818,1.00,3.20
2010.09.27 14:24:41.963,1.5817,1.5818,1.00,3.20
2010.09.27 14:24:42.271,1.5817,1.5818,1.00,2.60
2010.09.27 14:24:42.583,1.5817,1.5818,1.00,1.80
2010.09.27 14:24:43.459,1.5817,1.5818,6.10,1.60
2010.09.27 14:24:43.819,1.58175,1.5819,2.00,7.60
2010.09.27 14:24:44.142,1.58175,1.5819,2.00,3.20
2010.09.27 14:24:44.470,1.58175,1.5819,2.00,1.60
2010.09.27 14:24:46.262,1.58175,1.5819,2.00,1.00
2010.09.27 14:24:47.556,1.58175,1.5819,7.80,1.00
2010.09.27 14:24:47.907,1.58175,1.58195,12.60,1.60
2010.09.27 14:24:48.511,1.5819,1.58195,5.20,1.00
2010.09.27 14:24:48.825,1.58195,1.5821,7.80,4.80
2010.09.27 14:24:49.133,1.58195,1.58215,11.00,8.50
2010.09.27 14:24:49.581,1.58195,1.58215,13.40,3.20
2010.09.27 14:24:49.935,1.58195,1.58215,15.00,1.00
2010.09.27 14:24:50.816,1.582,1.5822,1.00,5.40
2010.09.27 14:24:51.109,1.582,1.5822,1.00,7.00
2010.09.27 14:24:51.806,1.582,1.5822,1.00,5.40
2010.09.27 14:24:52.340,1.582,1.5822,6.60,4.80
2010.09.27 14:24:52.693,1.58205,1.5822,1.00,1.00
2010.09.27 14:24:53.196,1.582,1.58215,4.20,1.60
2010.09.27 14:24:53.555,1.5821,1.58225,2.40,1.60
2010.09.27 14:24:54.102,1.5821,1.58225,5.20,2.00
2010.09.27 14:24:54.458,1.5821,1.5823,6.00,1.60
2010.09.27 14:24:55.382,1.5821,1.5823,7.60,1.60
2010.09.27 14:24:56.409,1.5821,1.58235,8.60,4.80
2010.09.27 14:24:56.766,1.5821,1.58215,3.20,1.00
2010.09.27 14:24:57.100,1.58205,1.5822,12.60,1.60
2010.09.27 14:24:57.434,1.58205,1.58225,4.80,1.00
2010.09.27 14:24:57.784,1.58205,1.58225,4.00,2.40
2010.09.27 14:24:59.571,1.5821,1.58225,1.00,1.60
2010.09.27 14:25:01.775,1.58205,1.58225,4.00,2.40
2010.09.27 14:25:02.127,1.58205,1.58225,2.40,2.40
2010.09.27 14:25:02.479,1.58205,1.58225,1.60,3.20
2010.09.27 14:25:05.927,1.58205,1.58225,1.60,3.40
2010.09.27 14:25:06.375,1.58205,1.58225,1.60,4.00
2010.09.27 14:25:06.651,1.58205,1.58225,1.60,3.20
2010.09.27 14:25:07.810,1.58205,1.5822,1.00,1.00
2010.09.27 14:25:08.436,1.582,1.5822,1.60,1.60
2010.09.27 14:25:08.791,1.582,1.5822,1.60,3.20
2010.09.27 14:25:09.138,1.582,1.5822,1.60,2.80
2010.09.27 14:25:09.466,1.582,1.5822,1.60,2.40
2010.09.27 14:25:09.797,1.582,1.5822,1.60,2.80
2010.09.27 14:25:10.819,1.582,1.5822,1.60,2.00
2010.09.27 14:25:11.372,1.582,1.5822,7.00,1.60
2010.09.27 14:25:11.925,1.582,1.5822,7.20,1.00
2010.09.27 14:25:12.217,1.582,1.5822,8.20,1.00
2010.09.27 14:25:12.576,1.58205,1.58225,4.00,3.20
2010.09.27 14:25:14.746,1.58205,1.58225,2.40,3.20
2010.09.27 14:25:15.211,1.58205,1.58225,2.40,4.80
2010.09.27 14:25:15.452,1.58205,1.5822,1.00,1.00
2010.09.27 14:25:15.875,1.582,1.5822,9.90,1.00
2010.09.27 14:25:16.150,1.582,1.5822,9.80,1.00
2010.09.27 14:25:16.434,1.582,1.5822,10.20,1.00
2010.09.27 14:25:17.123,1.582,1.5822,9.80,1.00
2010.09.27 14:25:18.046,1.582,1.5822,12.20,1.00
2010.09.27 14:25:18.393,1.582,1.5822,12.00,1.00
2010.09.27 14:25:19.398,1.582,1.5822,11.40,1.00
2010.09.27 14:25:19.690,1.58205,1.5822,5.20,1.00
2010.09.27 14:25:20.225,1.58205,1.58225,2.40,1.60
2010.09.27 14:25:20.521,1.58205,1.5822,1.60,1.00
2010.09.27 14:25:22.129,1.582,1.5822,7.80,1.00
2010.09.27 14:25:22.278,1.582,1.5822,6.20,1.60
2010.09.27 14:25:23.027,1.582,1.5822,6.20,3.20
2010.09.27 14:25:24.412,1.5821,1.5822,5.20,3.20
2010.09.27 14:25:25.007,1.5821,1.58215,1.00,1.00
2010.09.27 14:25:25.356,1.582,1.5822,7.00,2.40
2010.09.27 14:25:25.899,1.58205,1.58225,4.00,2.80
2010.09.27 14:25:26.246,1.5821,1.5823,6.20,2.40
2010.09.27 14:25:26.928,1.5821,1.5823,1.00,1.00
2010.09.27 14:25:27.279,1.5821,1.5823,1.00,4.20
2010.09.27 14:25:27.823,1.58205,1.5823,4.00,6.60
2010.09.27 14:25:29.198,1.58205,1.5823,4.00,6.60
2010.09.27 14:25:29.774,1.58205,1.58225,4.00,1.00
2010.09.27 14:25:30.364,1.58205,1.58225,3.20,1.60
2010.09.27 14:25:30.511,1.58205,1.58225,2.40,1.60
2010.09.27 14:25:30.912,1.58205,1.58225,1.60,3.20
2010.09.27 14:25:31.063,1.58205,1.5822,1.60,3.20
2010.09.27 14:25:31.414,1.58205,1.5822,1.60,1.00
2010.09.27 14:25:31.763,1.58205,1.58225,3.20,3.20
2010.09.27 14:25:32.114,1.58205,1.58225,5.60,1.00
