2009.01.05 04:00:06.926,1.4482,1.44865,1.00,1.60
2009.01.05 04:00:07.036,1.4482,1.4486,1.00,1.60
2009.01.05 04:00:08.605,1.4482,1.44865,1.00,1.60
2009.01.05 04:00:11.005,1.4482,1.4487,1.00,1.60
2009.01.05 04:00:11.065,1.4482,1.4486,1.00,1.60
2009.01.05 04:00:36.418,1.44755,1.4486,1.60,1.60
2009.01.05 04:00:57.983,1.4477,1.44865,1.60,1.60
2009.01.05 04:00:58.373,1.4477,1.4486,1.60,1.60
2009.01.05 04:01:02.302,1.44805,1.4486,1.00,1.60
2009.01.05 04:01:02.472,1.44805,1.44865,1.00,1.60
2009.01.05 04:01:02.752,1.44805,1.4486,1.00,1.60
2009.01.05 04:01:03.332,1.4482,1.4487,1.00,1.60
2009.01.05 04:01:03.662,1.4482,1.4486,1.00,1.60
2009.01.05 04:01:15.959,1.4482,1.44835,1.00,1.60
2009.01.05 04:02:16.744,1.4482,1.44865,1.00,7.20
2009.01.05 04:02:26.272,1.4482,1.44855,1.00,5.60
2009.01.05 04:02:26.332,1.4482,1.44855,1.00,7.20
2009.01.05 04:02:28.432,1.4482,1.4486,1.00,1.60
2009.01.05 04:02:55.035,1.4482,1.44855,1.00,1.60
2009.01.05 04:02:55.145,1.4482,1.4486,1.00,1.60
2009.01.05 04:02:55.815,1.4482,1.4485,1.00,1.60
2009.01.05 04:02:55.875,1.4482,1.4486,1.00,1.60
2009.01.05 04:02:56.495,1.4482,1.4485,1.00,1.60
2009.01.05 04:02:57.196,1.4482,1.4486,1.00,1.60
2009.01.05 04:02:57.544,1.4482,1.44855,1.00,1.60
2009.01.05 04:02:58.334,1.4482,1.4484,1.00,1.60
2009.01.05 04:02:58.694,1.4482,1.4484,1.00,4.20
2009.01.05 04:02:59.444,1.4482,1.44825,1.00,1.40
2009.01.05 04:03:00.773,1.4476,1.4482,1.80,1.40
2009.01.05 04:03:01.294,1.4475,1.44815,2.60,1.40
2009.01.05 04:03:01.653,1.4476,1.4482,1.80,1.40
2009.01.05 04:03:02.094,1.4475,1.4481,3.00,1.40
2009.01.05 04:03:02.783,1.4482,1.4483,1.00,5.00
2009.01.05 04:03:03.123,1.4475,1.4481,2.60,1.60
2009.01.05 04:03:03.753,1.4482,1.4483,1.00,2.80
2009.01.05 04:03:04.043,1.4482,1.4483,1.00,2.80
2009.01.05 04:03:21.529,1.4475,1.44815,2.60,1.60
2009.01.05 04:03:21.708,1.4473,1.44815,5.40,1.60
2009.01.05 04:03:23.088,1.44745,1.44815,6.40,1.60
2009.01.05 04:03:24.918,1.44745,1.44815,5.40,1.60
2009.01.05 04:03:25.078,1.44745,1.4481,5.40,1.60
2009.01.05 04:03:25.598,1.44745,1.44815,5.40,1.60
2009.01.05 04:03:27.167,1.44745,1.44815,6.40,1.60
2009.01.05 04:03:28.287,1.44745,1.4481,5.40,1.60
2009.01.05 04:03:29.327,1.44745,1.44815,5.40,1.60
2009.01.05 04:03:31.256,1.44745,1.44815,6.40,1.60
2009.01.05 04:03:44.393,1.44755,1.44815,1.60,1.60
2009.01.05 04:03:59.939,1.44745,1.44815,6.40,1.60
2009.01.05 04:04:04.728,1.44755,1.44815,1.60,1.60
2009.01.05 04:04:05.138,1.44755,1.4481,1.60,1.60
2009.01.05 04:04:05.368,1.44745,1.44815,5.40,1.60
2009.01.05 04:04:05.608,1.44745,1.4481,5.40,1.60
2009.01.05 04:04:16.285,1.44755,1.4481,1.60,1.60
2009.01.05 04:04:16.396,1.44805,1.4481,1.00,1.60
2009.01.05 04:04:20.225,1.4474,1.4481,1.60,1.60
2009.01.05 04:04:21.214,1.4474,1.44815,1.60,1.60
2009.01.05 04:04:21.804,1.44755,1.4482,1.60,1.60
2009.01.05 04:04:21.974,1.44755,1.44815,1.60,1.60
2009.01.05 04:04:22.384,1.44755,1.4481,1.60,1.60
2009.01.05 04:05:09.772,1.44755,1.4481,2.00,1.60
2009.01.05 04:05:10.483,1.44765,1.44815,3.80,1.40
2009.01.05 04:05:11.003,1.44765,1.44815,7.00,1.40
2009.01.05 04:05:12.462,1.44785,1.44815,1.60,1.40
2009.01.05 04:05:13.032,1.4477,1.4487,1.60,1.40
2009.01.05 04:05:13.152,1.4478,1.44885,1.60,3.00
2009.01.05 04:05:18.810,1.448,1.4487,1.60,1.60
2009.01.05 04:05:19.110,1.44795,1.4487,1.60,1.60
2009.01.05 04:05:19.670,1.44795,1.4487,1.60,3.20
2009.01.05 04:05:21.460,1.448,1.4487,1.60,3.20
2009.01.05 04:05:22.609,1.44795,1.4487,7.00,3.20
2009.01.05 04:05:22.719,1.44795,1.4487,4.80,3.20
2009.01.05 04:05:23.180,1.44795,1.4487,1.60,3.20
2009.01.05 04:05:23.359,1.4479,1.4487,1.60,3.20
2009.01.05 04:05:36.666,1.44785,1.44865,1.60,1.60
2009.01.05 04:05:37.026,1.44785,1.4487,1.60,4.80
2009.01.05 04:05:37.706,1.44785,1.44865,1.60,1.60
2009.01.05 04:05:37.996,1.44785,1.4487,1.60,4.80
2009.01.05 04:05:38.396,1.44785,1.4486,1.60,1.60
2009.01.05 04:05:38.796,1.448,1.4487,1.60,3.20
2009.01.05 04:05:39.625,1.44795,1.44865,7.00,1.60
2009.01.05 04:05:39.975,1.44795,1.44865,4.80,1.60
2009.01.05 04:05:40.316,1.44785,1.4487,1.60,4.80
2009.01.05 04:05:41.475,1.4479,1.4487,1.60,3.20
2009.01.05 04:05:49.393,1.4479,1.44865,1.60,3.20
2009.01.05 04:05:49.683,1.44775,1.4484,1.60,1.60
2009.01.05 04:06:03.920,1.4479,1.4487,1.60,1.60
2009.01.05 04:06:04.159,1.44785,1.44875,1.60,1.60
2009.01.05 04:06:04.439,1.44785,1.4488,1.60,4.80
2009.01.05 04:06:04.969,1.4479,1.4487,1.60,3.20
2009.01.05 04:07:04.665,1.4479,1.4487,1.60,1.60
2009.01.05 04:07:38.267,1.44775,1.4487,4.80,1.60
2009.01.05 04:08:01.817,1.44738,1.44778,1.60,1.60
2009.01.05 04:08:04.567,1.4475,1.44785,3.00,1.00
2009.01.05 04:08:05.216,1.4476,1.44795,5.40,8.60
2009.01.05 04:08:06.986,1.44765,1.44805,1.60,4.80
2009.01.05 04:08:07.696,1.4477,1.4481,1.60,4.00
2009.01.05 04:08:08.726,1.44772,1.44812,1.60,3.20
2009.01.05 04:08:11.415,1.44775,1.4481,1.40,14.20
2009.01.05 04:08:11.635,1.44778,1.44803,4.00,1.60
2009.01.05 04:08:12.085,1.44772,1.44802,1.60,5.60
2009.01.05 04:08:12.315,1.44768,1.44798,4.60,8.60
2009.01.05 04:08:12.924,1.44765,1.448,5.00,4.00
2009.01.05 04:08:13.834,1.44767,1.44802,1.40,7.20
2009.01.05 04:08:16.164,1.44769,1.44804,1.60,4.00
2009.01.05 04:08:16.404,1.44775,1.448,1.60,1.60
2009.01.05 04:08:16.914,1.44776,1.44801,1.40,4.80
2009.01.05 04:08:17.384,1.44778,1.44798,1.60,4.00
2009.01.05 04:08:17.614,1.44774,1.44804,1.60,2.40
2009.01.05 04:08:19.203,1.44775,1.44805,1.60,1.60
2009.01.05 04:08:22.342,1.44769,1.44809,5.00,1.00
2009.01.05 04:08:22.742,1.44768,1.44808,1.60,1.60
2009.01.05 04:08:23.152,1.44771,1.44811,1.60,1.00
2009.01.05 04:08:23.452,1.44777,1.44817,1.60,4.00
2009.01.05 04:08:24.022,1.44783,1.44828,1.60,1.60
2009.01.05 04:08:24.641,1.44783,1.44827,4.00,1.60
2009.01.05 04:08:24.802,1.44777,1.44812,1.60,8.00
2009.01.05 04:08:25.272,1.44772,1.44792,4.00,1.60
2009.01.05 04:08:25.912,1.4476,1.4479,5.60,1.60
2009.01.05 04:08:26.601,1.44762,1.44782,1.60,4.00
2009.01.05 04:08:26.951,1.4476,1.44785,1.60,1.60
2009.01.05 04:08:27.301,1.44753,1.44798,1.60,3.20
2009.01.05 04:08:27.701,1.44767,1.44792,4.00,1.60
2009.01.05 04:08:28.201,1.44768,1.44798,5.00,1.00
2009.01.05 04:08:28.931,1.44771,1.44801,4.00,1.60
2009.01.05 04:08:29.281,1.44773,1.44798,5.40,1.00
2009.01.05 04:08:29.400,1.44766,1.44801,3.00,1.00
2009.01.05 04:08:31.450,1.44765,1.44795,4.00,1.60
2009.01.05 04:08:31.800,1.44756,1.44796,1.40,8.60
2009.01.05 04:08:33.180,1.44749,1.44799,1.60,4.00
2009.01.05 04:08:33.630,1.44764,1.44784,1.60,4.00
2009.01.05 04:08:34.070,1.44761,1.44796,5.40,8.60
2009.01.05 04:08:35.639,1.44756,1.44811,1.60,8.60
2009.01.05 04:08:38.449,1.4478,1.448,1.40,8.60
2009.01.05 04:08:39.139,1.44789,1.44799,1.60,4.00
2009.01.05 04:08:40.318,1.44795,1.448,4.00,1.60
2009.01.05 04:08:40.718,1.44788,1.44808,1.60,3.20
2009.01.05 04:08:41.398,1.44787,1.44807,1.60,3.20
2009.01.05 04:08:41.988,1.44778,1.44808,1.60,4.80
2009.01.05 04:08:44.067,1.44778,1.44798,3.20,1.60
2009.01.05 04:08:45.097,1.44772,1.44797,1.40,14.20
2009.01.05 04:08:45.737,1.44765,1.448,4.00,3.20
2009.01.05 04:08:46.257,1.44772,1.44797,1.60,5.60
2009.01.05 04:08:47.306,1.44771,1.44801,5.00,1.00
2009.01.05 04:08:47.656,1.44768,1.44808,5.60,1.60
2009.01.05 04:08:48.056,1.44777,1.44802,1.60,5.60
2009.01.05 04:08:48.776,1.44769,1.44809,1.60,1.60
2009.01.05 04:08:50.256,1.44768,1.44803,1.40,1.60
2009.01.05 04:08:52.255,1.44773,1.44793,1.60,3.20
2009.01.05 04:08:57.434,1.44767,1.44797,1.60,4.00
2009.01.05 04:08:57.764,1.44769,1.44799,3.00,1.00
2009.01.05 04:08:57.824,1.44773,1.44803,1.60,1.60
2009.01.05 04:08:58.054,1.44773,1.44803,1.60,4.80
2009.01.05 04:09:00.340,1.44773,1.44817,1.60,6.40
2009.01.05 04:09:00.570,1.4477,1.4481,4.00,1.60
2009.01.05 04:09:00.840,1.4476,1.44805,5.40,2.40
2009.01.05 04:09:01.080,1.44759,1.44799,1.80,4.00
2009.01.05 04:09:01.810,1.44763,1.44788,1.60,4.00
2009.01.05 04:09:02.270,1.44763,1.44793,1.60,4.00
2009.01.05 04:09:02.440,1.44771,1.44791,5.00,4.00
2009.01.05 04:09:02.524,1.44767,1.44797,1.40,8.60
2009.01.05 04:09:03.729,1.4477,1.44795,1.60,3.20
2009.01.05 04:09:03.949,1.44771,1.44786,1.40,14.20
2009.01.05 04:09:04.418,1.44761,1.44786,1.60,1.60
2009.01.05 04:09:04.939,1.44755,1.44785,5.00,4.00
2009.01.05 04:09:05.569,1.44749,1.44784,1.40,8.00
2009.01.05 04:09:06.669,1.4475,1.4478,1.60,4.00
2009.01.05 04:09:07.869,1.44753,1.44778,1.60,4.00
2009.01.05 04:09:08.348,1.44756,1.44776,1.60,4.80
2009.01.05 04:09:11.777,1.44754,1.44779,1.60,4.80
2009.01.05 04:09:12.297,1.4475,1.44785,1.40,8.60
2009.01.05 04:09:13.286,1.44751,1.44791,1.60,1.60
2009.01.05 04:09:13.907,1.44757,1.44797,1.60,1.60
2009.01.05 04:09:14.357,1.44772,1.44802,1.60,4.00
2009.01.05 04:09:15.037,1.4478,1.4481,1.60,5.60
2009.01.05 04:09:15.416,1.44785,1.44809,5.60,1.60
2009.01.05 04:09:16.416,1.44778,1.44798,1.60,1.00
2009.01.05 04:09:22.015,1.44768,1.44793,1.60,4.00
2009.01.05 04:09:22.665,1.44767,1.44787,3.40,1.00
2009.01.05 04:09:23.234,1.44768,1.44783,1.60,1.60
2009.01.05 04:09:25.404,1.44765,1.44785,1.60,4.00
2009.01.05 04:09:25.634,1.44762,1.44792,1.60,1.60
2009.01.05 04:09:30.583,1.44766,1.44791,3.00,1.00
2009.01.05 04:09:33.022,1.44767,1.44792,1.60,8.60
2009.01.05 04:09:35.022,1.44768,1.44793,4.00,1.60
2009.01.05 04:09:35.542,1.44768,1.44793,1.40,8.60
2009.01.05 04:09:36.101,1.44769,1.44789,1.60,8.60
2009.01.05 04:09:36.511,1.44768,1.44783,1.60,4.00
2009.01.05 04:09:36.971,1.44769,1.44779,1.60,4.80
2009.01.05 04:09:38.011,1.44774,1.44779,1.40,8.60
2009.01.05 04:09:38.371,1.44775,1.44785,3.00,8.60
2009.01.05 04:09:39.951,1.4478,1.4479,3.20,4.00
2009.01.05 04:09:40.361,1.44783,1.44788,3.40,1.00
2009.01.05 04:09:40.760,1.44775,1.44795,1.40,1.00
2009.01.05 04:09:41.200,1.44763,1.44798,3.20,4.00
2009.01.05 04:09:42.070,1.44752,1.44792,1.60,3.20
2009.01.05 04:09:42.870,1.44752,1.44767,5.40,1.00
2009.01.05 04:09:43.940,1.44748,1.44764,1.40,4.00
2009.01.05 04:09:49.549,1.4476,1.4477,3.00,1.00
2009.01.05 04:09:49.659,1.44768,1.44773,1.60,4.00
2009.01.05 04:09:49.998,1.44764,1.44784,1.60,8.00
2009.01.05 04:09:51.728,1.44766,1.44786,1.60,4.00
2009.01.05 04:09:52.238,1.44765,1.4479,3.40,1.00
2009.01.05 04:09:52.877,1.44766,1.44791,4.00,1.00
2009.01.05 04:09:54.137,1.44771,1.44791,1.60,8.60
2009.01.05 04:09:54.317,1.4477,1.44795,4.60,8.60
2009.01.05 04:09:54.727,1.44772,1.44797,1.60,4.00
2009.01.05 04:09:55.137,1.44774,1.44799,1.60,4.00
2009.01.05 04:09:56.937,1.44783,1.44798,1.40,8.60
2009.01.05 04:09:57.567,1.44785,1.44805,1.60,4.00
2009.01.05 04:09:57.966,1.44787,1.44807,1.60,4.00
2009.01.05 04:10:44.472,1.44795,1.4487,2.20,3.20
2009.01.05 04:10:44.592,1.44795,1.4487,5.40,3.20
2009.01.05 04:10:45.522,1.44785,1.4486,4.80,1.00
2009.01.05 04:10:45.801,1.44765,1.4486,6.40,1.00
2009.01.05 04:10:53.160,1.44785,1.4486,1.60,1.00
2009.01.05 04:10:53.270,1.448,1.4486,3.20,1.60
2009.01.05 04:10:53.690,1.448,1.4487,3.20,3.20
2009.01.05 04:11:54.055,1.448,1.4487,3.20,1.60
2009.01.05 04:12:16.669,1.448,1.4487,1.60,1.60
2009.01.05 04:13:19.654,1.44785,1.44865,1.60,1.60
2009.01.05 04:13:19.824,1.44785,1.4486,1.60,1.60
2009.01.05 04:13:21.764,1.4478,1.4486,1.60,1.60
2009.01.05 04:13:36.131,1.44765,1.44835,6.40,1.60
2009.01.05 04:13:36.650,1.44765,1.44835,1.60,1.60
2009.01.05 04:13:57.695,1.44745,1.4482,4.80,1.60
2009.01.05 04:14:39.915,1.44745,1.44855,4.80,2.40
2009.01.05 04:15:36.901,1.44745,1.4483,4.80,1.60
2009.01.05 04:15:37.081,1.44745,1.4483,5.60,1.60
2009.01.05 04:15:57.356,1.44755,1.4483,1.60,1.60
2009.01.05 04:15:57.526,1.44755,1.4487,1.60,5.80
2009.01.05 04:15:57.986,1.44755,1.4487,1.60,4.20
2009.01.05 04:15:58.106,1.44765,1.44875,4.80,1.60
2009.01.05 04:16:04.845,1.44765,1.44865,4.80,4.80
2009.01.05 04:16:05.005,1.44745,1.4485,5.60,3.20
2009.01.05 04:16:05.544,1.44745,1.4483,5.60,1.60
2009.01.05 04:16:21.541,1.44745,1.4483,4.80,1.60
2009.01.05 04:16:25.150,1.44765,1.4483,1.60,1.60
2009.01.05 04:17:05.090,1.44765,1.44845,1.60,2.40
2009.01.05 04:17:25.985,1.44765,1.44845,1.60,4.00
2009.01.05 04:17:45.281,1.44775,1.4485,1.60,1.60
2009.01.05 04:17:45.631,1.44775,1.4486,1.60,1.60
2009.01.05 04:18:01.177,1.44765,1.44865,4.80,1.60
2009.01.05 04:18:14.733,1.44765,1.44865,4.80,4.80
2009.01.05 04:18:14.853,1.44765,1.4484,4.80,1.60
2009.01.05 04:18:15.183,1.4475,1.4484,4.00,1.60
2009.01.05 04:18:20.442,1.4475,1.4483,3.20,1.60
2009.01.05 04:18:21.272,1.4475,1.4483,4.00,1.60
2009.01.05 04:18:25.451,1.4475,1.4483,3.20,1.60
2009.01.05 04:18:26.141,1.4475,1.4483,4.00,1.60
2009.01.05 04:18:27.420,1.4475,1.4483,3.20,1.60
2009.01.05 04:18:28.160,1.4475,1.4483,4.00,1.60
2009.01.05 04:18:36.908,1.4475,1.4483,3.20,1.60
2009.01.05 04:18:37.618,1.4475,1.4483,4.00,1.60
2009.01.05 04:18:50.755,1.4475,1.4483,3.20,1.60
2009.01.05 04:18:51.464,1.4475,1.4483,4.00,1.60
2009.01.05 04:19:05.421,1.4475,1.4483,3.20,1.60
2009.01.05 04:19:05.891,1.4475,1.4483,4.00,1.60
2009.01.05 04:19:15.209,1.4475,1.44845,4.00,2.40
2009.01.05 04:19:27.406,1.4475,1.44845,3.20,2.40
2009.01.05 04:19:34.204,1.4475,1.44845,4.00,2.40
2009.01.05 04:19:34.835,1.4475,1.44845,3.20,2.40
2009.01.05 04:19:35.704,1.4475,1.44845,4.00,2.40
2009.01.05 04:19:36.464,1.4475,1.44845,3.20,2.40
2009.01.05 04:19:48.631,1.44745,1.44855,5.40,7.20
2009.01.05 04:19:50.001,1.44745,1.44855,6.40,7.20
2009.01.05 04:19:53.610,1.44745,1.44855,5.40,7.20
2009.01.05 04:20:14.454,1.44745,1.44855,6.40,7.20
2009.01.05 04:20:28.461,1.4475,1.44835,1.60,1.60
2009.01.05 04:21:02.703,1.4475,1.4482,1.60,1.60
2009.01.05 04:21:06.332,1.4475,1.4483,1.60,1.60
2009.01.05 04:21:11.381,1.4475,1.4483,1.60,4.00
2009.01.05 04:21:11.551,1.4475,1.44815,1.60,1.60
2009.01.05 04:21:43.113,1.4475,1.4483,1.60,1.60
2009.01.05 04:22:43.398,1.4475,1.44835,1.60,1.60
2009.01.05 04:23:53.452,1.44765,1.44855,1.60,4.80
2009.01.05 04:23:53.792,1.44765,1.4486,1.60,1.60
2009.01.05 04:23:56.161,1.44775,1.4486,1.60,3.20
2009.01.05 04:24:05.159,1.44755,1.4486,6.40,1.60
2009.01.05 04:24:14.416,1.448,1.4486,1.00,1.60
2009.01.05 04:24:14.596,1.4481,1.4487,2.20,3.20
2009.01.05 04:24:14.706,1.4481,1.4487,5.40,3.20
2009.01.05 04:24:17.246,1.44825,1.4487,6.40,3.20
2009.01.05 04:24:17.966,1.44835,1.4487,1.60,3.20
2009.01.05 04:25:00.535,1.44835,1.4486,1.60,1.60
2009.01.05 04:25:53.952,1.4476,1.44835,4.80,1.60
2009.01.05 04:26:00.321,1.4476,1.4485,4.80,1.60
2009.01.05 04:26:39.362,1.4476,1.44845,4.80,1.60
2009.01.05 04:26:40.301,1.4476,1.4485,4.80,1.60
2009.01.05 04:26:40.702,1.4476,1.44855,4.80,5.80
2009.01.05 04:26:41.221,1.4476,1.44835,4.80,1.60
2009.01.05 04:26:43.491,1.4476,1.4484,4.80,1.60
2009.01.05 04:26:44.021,1.4476,1.44835,4.80,1.60
2009.01.05 04:26:44.391,1.44765,1.44835,1.60,1.60
2009.01.05 04:26:44.720,1.4481,1.44835,4.80,1.60
2009.01.05 04:26:45.220,1.44785,1.44835,1.60,1.60
2009.01.05 04:26:45.630,1.44725,1.44835,4.80,1.60
2009.01.05 04:26:54.158,1.4474,1.4487,4.80,4.20
2009.01.05 04:26:54.208,1.44745,1.4487,1.60,4.20
2009.01.05 04:26:54.328,1.44745,1.44875,1.60,4.20
2009.01.05 04:26:55.738,1.4475,1.44865,1.60,4.20
2009.01.05 04:26:56.378,1.4475,1.4485,1.60,1.60
2009.01.05 04:26:58.667,1.4478,1.4491,4.80,1.60
2009.01.05 04:26:58.787,1.4478,1.4491,7.00,1.60
2009.01.05 04:27:00.557,1.44795,1.44895,8.60,1.60
2009.01.05 04:27:04.595,1.44795,1.44895,7.00,1.60
2009.01.05 04:27:05.465,1.44795,1.44895,8.60,1.60
2009.01.05 04:27:06.265,1.44795,1.44895,7.00,1.60
2009.01.05 04:27:06.835,1.44795,1.44895,8.60,1.60
2009.01.05 04:27:07.305,1.44795,1.44895,7.00,1.60
2009.01.05 04:27:08.745,1.44795,1.44895,8.60,1.60
2009.01.05 04:27:09.094,1.44795,1.44895,7.00,1.60
2009.01.05 04:27:09.684,1.44795,1.44895,8.60,1.60
2009.01.05 04:27:10.884,1.44795,1.4489,7.00,1.60
2009.01.05 04:27:17.232,1.44795,1.4489,8.60,1.60
2009.01.05 04:27:17.573,1.44795,1.44895,8.60,1.60
2009.01.05 04:27:19.192,1.44795,1.44895,7.00,1.60
2009.01.05 04:27:19.992,1.44795,1.44895,8.60,1.60
2009.01.05 04:27:20.573,1.44795,1.44895,7.00,1.60
2009.01.05 04:27:21.621,1.44795,1.44895,8.60,1.60
2009.01.05 04:27:25.880,1.44795,1.44895,7.00,1.60
2009.01.05 04:27:29.469,1.44795,1.44895,8.60,1.60
2009.01.05 04:27:31.029,1.44795,1.4489,7.00,1.60
2009.01.05 04:27:44.136,1.44795,1.44895,8.60,1.60
2009.01.05 04:27:51.564,1.44795,1.4489,8.60,1.60
2009.01.05 04:27:51.914,1.44795,1.4489,7.00,1.60
2009.01.05 04:28:10.540,1.44795,1.4487,2.20,1.60
2009.01.05 04:28:18.428,1.44795,1.44875,2.20,1.60
2009.01.05 04:28:18.948,1.44795,1.4487,2.20,1.60
2009.01.05 04:28:19.517,1.4479,1.4487,1.60,1.60
2009.01.05 04:28:19.798,1.4477,1.44865,3.20,5.80
2009.01.05 04:28:20.037,1.4475,1.4486,3.20,1.60
2009.01.05 04:28:20.437,1.4475,1.4486,3.20,5.80
2009.01.05 04:28:20.667,1.4476,1.4486,1.60,5.80
2009.01.05 04:28:21.337,1.44765,1.44875,4.80,1.60
2009.01.05 04:28:21.867,1.4478,1.44875,1.60,1.60
2009.01.05 04:28:22.167,1.44765,1.4487,8.00,1.60
2009.01.05 04:28:22.597,1.4477,1.44875,1.60,1.60
2009.01.05 04:28:23.068,1.44785,1.44875,1.60,1.60
2009.01.05 04:28:24.036,1.4477,1.4487,1.60,1.60
2009.01.05 04:28:24.276,1.44795,1.4488,1.60,1.60
2009.01.05 04:28:24.796,1.4478,1.4488,1.60,1.60
2009.01.05 04:28:25.256,1.4478,1.44865,1.60,1.60
2009.01.05 04:28:25.476,1.4478,1.44865,3.20,1.60
2009.01.05 04:28:25.986,1.44775,1.44865,8.00,1.60
2009.01.05 04:28:26.566,1.4477,1.4486,1.60,1.60
2009.01.05 04:28:28.415,1.44775,1.4487,6.40,1.60
2009.01.05 04:28:33.384,1.44775,1.44885,6.40,1.60
2009.01.05 04:28:33.624,1.4478,1.44885,1.60,1.60
2009.01.05 04:28:34.054,1.44795,1.4488,1.60,1.60
2009.01.05 04:28:35.064,1.44785,1.4487,2.00,1.60
2009.01.05 04:28:35.524,1.44795,1.4488,2.20,1.60
2009.01.05 04:28:35.814,1.4476,1.44875,1.60,5.80
2009.01.05 04:28:36.294,1.4476,1.4488,3.20,5.80
2009.01.05 04:28:37.693,1.4477,1.4488,4.80,5.80
2009.01.05 04:28:38.223,1.4477,1.4488,3.20,1.60
2009.01.05 04:28:38.573,1.4477,1.44875,3.20,1.60
2009.01.05 04:28:38.983,1.4477,1.4488,4.80,1.60
2009.01.05 04:28:39.153,1.4477,1.4488,3.20,1.60
2009.01.05 04:28:39.473,1.4477,1.4488,3.20,5.80
2009.01.05 04:28:39.913,1.4477,1.44875,3.20,1.60
2009.01.05 04:28:40.563,1.4477,1.4487,3.20,1.60
2009.01.05 04:28:41.542,1.4477,1.44875,3.20,1.60
2009.01.05 04:28:41.892,1.4477,1.4487,3.20,1.60
2009.01.05 04:28:42.282,1.4477,1.4487,1.60,1.60
2009.01.05 04:28:42.682,1.4477,1.4485,1.60,1.60
2009.01.05 04:28:43.372,1.44775,1.4485,1.60,1.60
2009.01.05 04:28:43.652,1.4478,1.4484,1.60,1.60
2009.01.05 04:28:45.291,1.44785,1.4484,1.60,1.60
2009.01.05 04:28:50.010,1.4478,1.4484,1.60,1.60
2009.01.05 04:28:50.290,1.4478,1.44835,1.60,1.60
2009.01.05 04:28:50.820,1.4477,1.44835,1.60,1.60
2009.01.05 04:28:51.220,1.4477,1.4484,1.60,1.60
2009.01.05 04:28:51.620,1.4478,1.4484,1.60,1.60
2009.01.05 04:28:52.030,1.4477,1.4484,1.60,1.60
2009.01.05 04:28:52.939,1.44775,1.4484,1.60,1.60
2009.01.05 04:28:53.740,1.4477,1.4484,1.60,1.60
2009.01.05 04:28:54.879,1.4477,1.4486,1.60,5.80
2009.01.05 04:28:55.509,1.44775,1.4488,1.60,1.60
2009.01.05 04:28:56.029,1.4477,1.44875,3.20,1.60
2009.01.05 04:28:56.209,1.4477,1.44875,3.20,5.80
2009.01.05 04:28:56.499,1.4477,1.4485,1.60,1.60
2009.01.05 04:28:57.268,1.4477,1.44855,1.60,5.80
2009.01.05 04:28:58.848,1.4477,1.44845,1.60,4.20
2009.01.05 04:29:00.638,1.4477,1.4486,1.60,1.60
2009.01.05 04:29:16.374,1.4477,1.4487,1.60,1.60
2009.01.05 04:29:16.774,1.4477,1.44835,1.60,1.60
2009.01.05 04:29:17.234,1.4477,1.4484,1.60,1.60
2009.01.05 04:29:23.053,1.44775,1.44835,2.20,1.60
2009.01.05 04:29:23.602,1.44775,1.44835,5.40,1.60
2009.01.05 04:30:23.268,1.44775,1.4485,5.40,4.00
2009.01.05 04:30:26.267,1.44775,1.4485,5.40,2.40
2009.01.05 04:30:27.527,1.44775,1.44845,7.00,1.60
2009.01.05 04:30:27.767,1.44775,1.4486,11.80,1.60
2009.01.05 04:30:28.187,1.44775,1.44875,11.80,1.60
2009.01.05 04:30:28.697,1.4478,1.44875,1.60,1.60
2009.01.05 04:30:38.654,1.4478,1.4486,1.60,1.60
2009.01.05 04:30:38.714,1.44775,1.4486,10.20,1.60
2009.01.05 04:30:38.824,1.44775,1.44835,10.20,1.60
2009.01.05 04:30:38.884,1.44775,1.44835,5.40,1.60
2009.01.05 04:31:35.240,1.4478,1.44825,1.60,1.60
2009.01.05 04:31:35.830,1.4478,1.4489,1.60,1.60
2009.01.05 04:32:35.546,1.448,1.44875,1.60,1.60
2009.01.05 04:32:36.116,1.448,1.4488,1.60,1.60
2009.01.05 04:32:40.515,1.4479,1.4486,1.60,1.60
2009.01.05 04:32:40.865,1.44785,1.4486,1.60,1.60
2009.01.05 04:32:48.443,1.44795,1.4486,1.60,1.60
2009.01.05 04:32:55.061,1.44795,1.4487,1.60,1.60
2009.01.05 04:32:56.601,1.44795,1.44875,1.60,1.60
2009.01.05 04:32:57.190,1.448,1.44875,1.60,1.60
2009.01.05 04:33:01.060,1.44805,1.4488,1.60,3.20
2009.01.05 04:33:06.798,1.44805,1.44875,1.60,1.60
2009.01.05 04:33:11.267,1.44805,1.4487,1.60,1.60
2009.01.05 04:33:14.786,1.44805,1.44865,1.60,1.60
2009.01.05 04:33:15.536,1.448,1.4486,1.60,1.60
2009.01.05 04:33:18.635,1.448,1.4486,1.60,1.40
2009.01.05 04:33:23.035,1.448,1.4486,1.60,1.60
2009.01.05 04:33:24.124,1.448,1.44875,1.60,1.60
2009.01.05 04:33:24.234,1.44805,1.44875,1.60,1.60
2009.01.05 04:33:27.173,1.4483,1.4488,2.20,1.60
2009.01.05 04:33:28.413,1.44845,1.4486,2.20,1.60
2009.01.05 04:33:28.763,1.4484,1.4486,3.20,1.60
2009.01.05 04:33:29.273,1.44825,1.4486,2.20,1.60
2009.01.05 04:33:29.623,1.44815,1.44865,3.20,1.60
2009.01.05 04:33:30.083,1.44805,1.44865,1.60,1.60
2009.01.05 04:33:30.542,1.4476,1.44835,8.00,1.60
2009.01.05 04:33:38.091,1.44785,1.4484,2.20,1.60
2009.01.05 04:33:39.600,1.4479,1.4483,4.00,3.20
2009.01.05 04:33:40.490,1.44775,1.44815,3.20,3.20
2009.01.05 04:33:40.940,1.4477,1.4482,1.60,1.40
2009.01.05 04:34:08.183,1.4477,1.4482,1.60,1.60
2009.01.05 04:34:08.534,1.4478,1.44875,1.60,1.60
2009.01.05 04:34:13.462,1.44765,1.4486,4.80,1.60
2009.01.05 04:34:25.959,1.44765,1.4486,6.40,1.60
2009.01.05 04:35:00.311,1.44745,1.44805,2.20,1.60
2009.01.05 04:35:03.840,1.4476,1.448,1.60,1.60
2009.01.05 04:35:03.960,1.4476,1.44855,1.60,5.80
2009.01.05 04:35:04.020,1.4476,1.44855,1.60,1.60
2009.01.05 04:35:04.550,1.4476,1.4487,1.60,4.20
2009.01.05 04:35:04.650,1.44765,1.44875,6.40,1.60
2009.01.05 04:35:27.544,1.44765,1.44835,4.80,3.20
2009.01.05 04:35:27.714,1.44745,1.44805,6.40,1.60
2009.01.05 04:35:28.354,1.44745,1.44805,2.20,1.60
2009.01.05 04:35:31.513,1.44745,1.44825,5.40,1.60
2009.01.05 04:35:31.574,1.4475,1.44825,1.60,1.60
2009.01.05 04:35:31.684,1.4476,1.44825,1.60,1.60
2009.01.05 04:35:32.093,1.4476,1.44855,1.60,3.20
2009.01.05 04:35:32.203,1.44765,1.44855,1.60,1.60
2009.01.05 04:35:32.383,1.44765,1.44865,1.60,1.60
2009.01.05 04:35:32.853,1.44765,1.4487,1.60,1.60
2009.01.05 04:35:33.193,1.44765,1.4486,6.40,1.60
2009.01.05 04:35:36.592,1.4475,1.44835,1.60,1.60
2009.01.05 04:35:44.360,1.44745,1.4482,7.00,1.60
2009.01.05 04:35:50.839,1.4474,1.44815,4.80,1.60
2009.01.05 04:35:50.899,1.44705,1.44815,1.60,1.60
2009.01.05 04:35:51.478,1.447,1.44815,6.40,1.60
2009.01.05 04:35:51.599,1.44695,1.44795,1.60,1.60
2009.01.05 04:35:57.487,1.44705,1.448,1.60,1.60
2009.01.05 04:35:58.187,1.44705,1.44805,1.60,1.60
2009.01.05 04:35:58.367,1.44705,1.44795,1.60,1.60
2009.01.05 04:36:05.005,1.4472,1.44795,1.60,1.60
2009.01.05 04:36:05.735,1.4472,1.4481,1.60,1.60
2009.01.05 04:36:07.395,1.44735,1.4482,2.20,1.60
2009.01.05 04:36:08.824,1.4471,1.44815,1.60,1.60
2009.01.05 04:36:09.054,1.4471,1.4481,1.60,1.60
2009.01.05 04:36:20.701,1.4472,1.44815,1.60,1.60
2009.01.05 04:36:21.082,1.4472,1.4481,1.60,1.60
2009.01.05 04:37:21.127,1.4472,1.44845,1.60,4.20
2009.01.05 04:37:26.706,1.4472,1.44815,1.60,1.60
2009.01.05 04:38:19.123,1.44715,1.44815,1.60,1.60
2009.01.05 04:38:26.743,1.44715,1.44835,1.60,4.20
2009.01.05 04:38:32.180,1.44715,1.44815,1.60,1.60
2009.01.05 04:39:37.294,1.44715,1.4481,1.60,1.60
2009.01.05 04:40:32.391,1.44715,1.4478,1.60,1.60
2009.01.05 04:40:32.571,1.4471,1.44755,4.80,1.60
2009.01.05 04:40:33.261,1.44695,1.44755,2.20,1.60
2009.01.05 04:40:34.360,1.4469,1.44725,2.00,1.60
2009.01.05 04:40:34.930,1.4469,1.44725,1.60,3.20
2009.01.05 04:40:35.400,1.4463,1.4471,1.60,1.60
2009.01.05 04:40:35.500,1.4459,1.4472,4.80,1.60
2009.01.05 04:40:35.800,1.4458,1.4471,1.60,5.80
2009.01.05 04:40:35.980,1.4458,1.44695,1.60,1.60
2009.01.05 04:40:41.198,1.44615,1.44685,1.60,1.60
2009.01.05 04:40:41.318,1.44595,1.44685,1.60,1.60
2009.01.05 04:40:46.817,1.44595,1.44635,1.60,1.40
2009.01.05 04:40:46.927,1.4456,1.44635,3.20,1.40
2009.01.05 04:40:47.437,1.44535,1.44635,7.00,1.40
2009.01.05 04:40:47.557,1.44535,1.44635,5.40,1.40
2009.01.05 04:40:47.917,1.44535,1.4462,5.40,1.20
2009.01.05 04:40:48.037,1.44565,1.44665,4.80,2.40
2009.01.05 04:40:48.387,1.4458,1.44675,4.80,1.20
2009.01.05 04:40:48.727,1.4458,1.44695,4.80,1.20
2009.01.05 04:40:52.086,1.44595,1.4472,5.40,5.80
2009.01.05 04:40:52.206,1.44615,1.4472,4.80,1.60
2009.01.05 04:40:57.575,1.44615,1.4473,4.80,1.40
2009.01.05 04:40:57.685,1.4463,1.44775,4.80,7.40
2009.01.05 04:40:57.745,1.4463,1.44775,4.80,4.20
2009.01.05 04:40:58.085,1.44635,1.4478,4.80,5.80
2009.01.05 04:40:58.145,1.4465,1.4478,4.80,1.60
2009.01.05 04:40:58.534,1.4465,1.4479,4.80,1.60
2009.01.05 04:41:02.493,1.4466,1.4475,4.80,1.60
2009.01.05 04:41:02.724,1.44625,1.44725,1.60,1.60
2009.01.05 04:41:02.894,1.44605,1.44725,6.40,1.60
2009.01.05 04:41:03.013,1.44635,1.44725,1.60,1.60
2009.01.05 04:41:03.753,1.44635,1.4472,1.60,1.60
2009.01.05 04:41:11.911,1.4464,1.4472,5.20,1.60
2009.01.05 04:41:13.561,1.4464,1.4472,3.60,1.60
2009.01.05 04:41:14.371,1.4464,1.4472,5.20,1.60
2009.01.05 04:42:05.408,1.4464,1.4474,5.20,1.00
2009.01.05 04:42:38.370,1.4464,1.44725,5.20,1.40
2009.01.05 04:42:43.069,1.44645,1.4469,2.20,1.60
2009.01.05 04:43:32.227,1.44645,1.4471,5.40,1.60
2009.01.05 04:43:32.338,1.44645,1.4472,5.40,1.60
2009.01.05 04:43:50.603,1.44645,1.4472,5.40,4.80
2009.01.05 04:43:50.663,1.44645,1.44705,2.20,2.40
2009.01.05 04:43:50.783,1.44645,1.4469,2.20,1.60
2009.01.05 04:43:52.882,1.44645,1.4473,5.40,1.60
2009.01.05 04:44:49.609,1.4466,1.4472,1.60,1.60
2009.01.05 04:44:53.048,1.4466,1.4474,1.60,1.80
2009.01.05 04:45:43.715,1.44665,1.4474,1.00,1.80
2009.01.05 04:45:43.946,1.44675,1.44735,2.20,1.60
2009.01.05 04:45:44.226,1.44675,1.44735,5.40,1.60
2009.01.05 04:45:50.834,1.4468,1.44735,3.20,1.60
2009.01.05 04:45:51.294,1.4467,1.4473,2.20,1.60
2009.01.05 04:45:51.474,1.4466,1.4472,1.60,1.60
2009.01.05 04:46:00.622,1.44675,1.4472,1.00,1.60
2009.01.05 04:46:01.022,1.44685,1.44735,2.20,1.60
2009.01.05 04:46:01.082,1.44685,1.44735,5.40,1.60
2009.01.05 04:46:01.541,1.44685,1.4472,5.40,1.60
2009.01.05 04:46:01.831,1.4469,1.4472,3.20,1.60
2009.01.05 04:46:02.002,1.4465,1.4472,1.60,1.60
2009.01.05 04:46:50.360,1.44645,1.4472,5.40,1.60
2009.01.05 04:47:02.827,1.44645,1.4474,5.40,1.80
2009.01.05 04:47:53.404,1.44645,1.4472,5.40,1.60
2009.01.05 04:47:53.455,1.44645,1.44705,5.40,2.40
2009.01.05 04:47:53.565,1.44645,1.4469,5.40,1.60
2009.01.05 04:47:53.854,1.44645,1.4469,2.20,1.60
2009.01.05 04:48:52.990,1.4464,1.4469,5.40,1.60
2009.01.05 04:48:53.050,1.4464,1.44685,5.40,1.40
2009.01.05 04:48:53.700,1.44605,1.4468,1.60,1.40
2009.01.05 04:48:53.920,1.44605,1.44675,1.60,1.40
2009.01.05 04:48:54.220,1.44605,1.4467,1.60,1.60
2009.01.05 04:49:56.265,1.44615,1.4471,1.60,1.60
2009.01.05 04:50:18.530,1.44615,1.44685,1.60,2.40
2009.01.05 04:50:18.870,1.446,1.44665,3.20,1.60
2009.01.05 04:50:35.825,1.44615,1.4467,1.60,1.60
2009.01.05 04:51:23.004,1.446,1.44655,3.20,1.60
2009.01.05 04:51:32.512,1.446,1.4466,3.20,1.40
2009.01.05 04:51:32.852,1.4461,1.4468,1.60,1.40
2009.01.05 04:51:33.032,1.4461,1.4468,3.20,1.40
2009.01.05 04:51:35.031,1.4462,1.4468,1.60,1.40
2009.01.05 04:51:36.951,1.4462,1.44675,1.60,1.60
2009.01.05 04:51:37.401,1.4461,1.44675,3.20,1.60
2009.01.05 04:51:37.760,1.4461,1.4467,3.20,1.60
2009.01.05 04:51:37.981,1.4461,1.4467,1.60,1.60
2009.01.05 04:51:41.020,1.4461,1.44665,1.60,1.60
2009.01.05 04:51:41.260,1.4461,1.4466,1.60,1.60
2009.01.05 04:51:41.439,1.44605,1.4466,1.60,1.60
2009.01.05 04:51:45.469,1.44605,1.4467,1.60,1.60
2009.01.05 04:51:45.998,1.4461,1.4467,1.60,1.60
2009.01.05 04:51:48.128,1.4461,1.4468,1.60,1.60
2009.01.05 04:51:49.638,1.4461,1.4468,3.20,1.60
2009.01.05 04:51:53.757,1.4462,1.4468,1.60,1.60
2009.01.05 04:51:54.047,1.4461,1.4468,3.20,1.60
2009.01.05 04:51:56.296,1.4461,1.4468,1.60,1.60
2009.01.05 04:51:56.996,1.4461,1.4467,1.60,1.60
2009.01.05 04:51:57.396,1.44605,1.4466,1.60,1.60
2009.01.05 04:51:57.456,1.44605,1.44665,1.60,1.60
2009.01.05 04:51:59.925,1.44605,1.4466,1.60,1.40
2009.01.05 04:52:02.384,1.446,1.4466,3.20,1.40
2009.01.05 04:52:02.904,1.44605,1.4466,1.60,1.40
2009.01.05 04:52:03.374,1.44605,1.4466,1.60,1.60
2009.01.05 04:52:15.521,1.44605,1.44665,1.60,1.60
2009.01.05 04:52:32.198,1.44615,1.44665,1.60,1.60
2009.01.05 04:52:32.257,1.44615,1.4468,1.60,1.60
2009.01.05 04:52:32.617,1.4461,1.4468,1.60,1.60
2009.01.05 04:52:33.447,1.4461,1.4468,3.20,1.60
2009.01.05 04:52:37.536,1.4462,1.4468,1.60,1.60
2009.01.05 04:52:41.775,1.44615,1.4468,3.20,1.60
2009.01.05 04:52:46.954,1.44615,1.4468,1.60,1.60
2009.01.05 04:52:48.194,1.4461,1.44675,3.20,1.60
2009.01.05 04:53:06.459,1.4461,1.4468,3.20,1.60
2009.01.05 04:53:07.449,1.4462,1.4468,1.60,1.60
2009.01.05 04:53:09.638,1.4462,1.44675,1.60,1.60
2009.01.05 04:53:09.859,1.4461,1.44675,3.20,1.60
2009.01.05 04:53:10.678,1.4461,1.4467,3.20,1.60
2009.01.05 04:53:10.908,1.4461,1.4467,1.60,1.60
2009.01.05 04:53:14.847,1.4461,1.44675,1.60,1.60
2009.01.05 04:53:15.477,1.4461,1.44675,3.20,1.60
2009.01.05 04:53:26.204,1.44625,1.44675,1.60,1.60
2009.01.05 04:53:26.904,1.4465,1.4472,1.60,4.20
2009.01.05 04:53:27.014,1.4465,1.4473,1.60,1.60
2009.01.05 04:53:27.604,1.44655,1.4473,1.60,1.60
2009.01.05 04:53:27.834,1.4465,1.4473,1.60,1.60
2009.01.05 04:53:29.254,1.4467,1.4472,1.60,1.60
2009.01.05 04:53:29.763,1.4465,1.4472,1.60,1.60
2009.01.05 04:53:31.973,1.4463,1.44715,1.60,1.60
2009.01.05 04:53:32.323,1.4463,1.4471,1.60,1.60
2009.01.05 04:53:32.613,1.4465,1.4471,1.60,1.60
2009.01.05 04:53:32.773,1.4465,1.4472,1.60,1.60
2009.01.05 04:53:33.303,1.4465,1.4472,1.60,3.20
2009.01.05 04:53:33.423,1.4463,1.4471,1.60,1.60
2009.01.05 04:53:33.592,1.4465,1.4471,1.60,1.60
2009.01.05 04:53:34.063,1.4465,1.4472,1.60,1.00
2009.01.05 04:53:34.422,1.4463,1.4471,1.60,1.60
2009.01.05 04:53:34.752,1.4465,1.4472,1.60,1.00
2009.01.05 04:53:35.562,1.4464,1.4471,1.60,1.60
2009.01.05 04:53:35.732,1.4464,1.4472,1.60,2.00
2009.01.05 04:53:36.062,1.44655,1.4472,1.60,2.00
2009.01.05 04:53:36.122,1.44675,1.4472,2.20,2.00
2009.01.05 04:53:36.472,1.44635,1.44725,6.40,1.60
2009.01.05 04:53:36.532,1.44635,1.4469,4.80,2.40
2009.01.05 04:53:36.592,1.4463,1.4469,5.40,2.40
2009.01.05 04:53:36.712,1.4463,1.4467,5.40,1.60
2009.01.05 04:53:36.992,1.44585,1.4467,4.80,1.60
2009.01.05 04:53:37.102,1.44585,1.4467,3.20,1.60
2009.01.05 04:53:40.111,1.44645,1.4471,1.60,1.60
2009.01.05 04:53:40.511,1.4463,1.447,1.60,1.40
2009.01.05 04:53:40.681,1.4464,1.447,1.60,1.40
2009.01.05 04:53:40.851,1.4464,1.4471,1.60,1.60
2009.01.05 04:53:41.401,1.4464,1.447,1.60,1.40
2009.01.05 04:53:42.101,1.4463,1.447,1.60,1.40
2009.01.05 04:53:42.221,1.44645,1.447,1.60,1.40
2009.01.05 04:53:42.340,1.44645,1.4471,1.60,1.60
2009.01.05 04:53:42.910,1.4463,1.447,1.60,1.40
2009.01.05 04:53:43.190,1.44645,1.447,1.60,1.40
2009.01.05 04:53:43.300,1.44645,1.4471,1.60,1.60
2009.01.05 04:53:43.820,1.4463,1.4471,1.60,1.60
2009.01.05 04:53:44.000,1.4464,1.4471,1.60,1.60
2009.01.05 04:53:44.740,1.4463,1.447,1.60,1.60
2009.01.05 04:53:45.020,1.44645,1.447,1.60,1.60
2009.01.05 04:53:45.550,1.4463,1.4471,1.60,1.60
2009.01.05 04:53:45.730,1.4464,1.4471,1.60,1.60
2009.01.05 04:53:46.320,1.4463,1.4471,1.60,1.60
2009.01.05 04:53:46.499,1.4463,1.447,1.60,1.60
2009.01.05 04:53:46.679,1.4464,1.447,1.60,1.60
2009.01.05 04:53:46.850,1.4464,1.4471,1.60,1.60
2009.01.05 04:53:47.379,1.4463,1.447,1.60,1.60
2009.01.05 04:53:47.719,1.4463,1.4471,1.60,1.60
2009.01.05 04:53:47.779,1.44645,1.4471,1.60,1.60
2009.01.05 04:53:48.529,1.4463,1.447,1.60,1.60
2009.01.05 04:53:48.589,1.44645,1.447,1.60,1.60
2009.01.05 04:53:48.759,1.44645,1.4471,1.60,1.60
2009.01.05 04:53:49.349,1.4463,1.4471,1.60,1.60
2009.01.05 04:53:49.619,1.4463,1.447,1.60,1.60
2009.01.05 04:53:50.309,1.44645,1.4471,1.60,1.60
2009.01.05 04:53:50.718,1.44645,1.447,1.60,1.60
2009.01.05 04:53:51.049,1.44645,1.4471,1.60,1.60
2009.01.05 04:53:51.288,1.4463,1.4471,1.60,1.60
2009.01.05 04:53:51.508,1.4463,1.447,1.60,1.60
2009.01.05 04:53:51.568,1.44645,1.4471,1.60,1.60
2009.01.05 04:53:52.038,1.4463,1.447,1.60,1.60
2009.01.05 04:53:52.688,1.4465,1.4471,1.60,1.60
2009.01.05 04:53:52.918,1.4464,1.4471,1.60,1.60
2009.01.05 04:53:53.208,1.4463,1.4471,1.60,1.60
2009.01.05 04:53:53.678,1.44645,1.4471,2.20,3.20
2009.01.05 04:53:53.798,1.4465,1.4471,1.60,3.20
2009.01.05 04:53:53.968,1.44655,1.4471,1.60,1.60
2009.01.05 04:53:54.557,1.4465,1.4471,1.60,1.60
2009.01.05 04:53:54.737,1.4465,1.44705,1.60,1.60
2009.01.05 04:53:54.967,1.44655,1.4471,1.60,1.60
2009.01.05 04:53:55.317,1.44655,1.4471,1.60,3.20
2009.01.05 04:53:55.727,1.4466,1.4471,1.60,1.60
2009.01.05 04:53:55.897,1.4465,1.4471,1.60,1.60
2009.01.05 04:53:56.067,1.4465,1.4471,1.60,3.20
2009.01.05 04:53:56.877,1.44655,1.4471,1.60,3.20
2009.01.05 04:53:57.097,1.44655,1.4471,1.60,1.60
2009.01.05 04:53:57.327,1.4466,1.4471,1.60,1.60
2009.01.05 04:53:57.607,1.44655,1.4471,1.60,1.60
2009.01.05 04:53:58.417,1.44645,1.4471,1.60,1.60
2009.01.05 04:53:58.477,1.4463,1.4471,1.60,3.20
2009.01.05 04:53:58.926,1.44645,1.4471,1.60,3.20
2009.01.05 04:53:58.987,1.4465,1.4471,1.60,1.60
2009.01.05 04:54:00.296,1.44635,1.4471,1.60,3.20
2009.01.05 04:54:00.646,1.44635,1.44705,1.60,1.60
2009.01.05 04:54:01.056,1.4465,1.44705,1.60,1.60
2009.01.05 04:54:01.176,1.4465,1.4471,1.60,1.60
2009.01.05 04:54:01.346,1.44655,1.4471,2.20,1.60
2009.01.05 04:54:07.884,1.44655,1.4471,1.60,1.60
2009.01.05 04:54:07.944,1.4466,1.4471,1.60,1.60
2009.01.05 04:54:09.534,1.4464,1.4471,2.00,3.20
2009.01.05 04:54:09.944,1.4464,1.44705,2.00,1.60
2009.01.05 04:54:10.164,1.44645,1.4471,1.60,1.60
2009.01.05 04:54:11.134,1.4463,1.447,1.60,1.60
2009.01.05 04:54:11.493,1.4464,1.447,1.60,1.60
2009.01.05 04:54:11.873,1.4464,1.4471,1.60,1.60
2009.01.05 04:54:12.053,1.4463,1.4471,1.60,1.60
2009.01.05 04:54:12.223,1.4464,1.4471,1.60,1.60
2009.01.05 04:54:12.733,1.4463,1.4471,1.60,1.60
2009.01.05 04:54:13.203,1.44645,1.447,1.60,1.60
2009.01.05 04:54:13.253,1.4465,1.447,1.60,1.60
2009.01.05 04:54:13.653,1.4463,1.447,1.60,1.60
2009.01.05 04:54:13.713,1.4465,1.447,1.60,1.60
2009.01.05 04:54:13.823,1.4465,1.4471,1.60,1.60
2009.01.05 04:54:58.682,1.4464,1.4471,1.60,1.60
2009.01.05 04:54:58.912,1.4464,1.4471,1.60,3.20
2009.01.05 04:55:01.751,1.4462,1.4471,1.60,3.20
2009.01.05 04:55:08.020,1.44615,1.4471,4.80,3.20
2009.01.05 04:55:08.200,1.4461,1.4471,3.20,3.20
2009.01.05 04:55:08.440,1.4461,1.447,3.20,1.60
2009.01.05 04:55:08.500,1.44615,1.447,1.60,1.60
2009.01.05 04:55:08.900,1.44615,1.447,4.80,1.60
2009.01.05 04:55:08.960,1.44615,1.447,1.60,1.60
2009.01.05 04:55:09.259,1.44615,1.4471,6.40,3.20
2009.01.05 04:55:09.839,1.44615,1.447,4.80,1.60
2009.01.05 04:55:10.309,1.4461,1.4471,3.20,3.20
2009.01.05 04:55:10.479,1.44615,1.4471,6.40,3.20
2009.01.05 04:55:10.809,1.44615,1.4471,4.80,3.20
2009.01.05 04:55:11.269,1.4461,1.447,3.20,1.60
2009.01.05 04:55:16.848,1.44615,1.4471,1.60,3.20
2009.01.05 04:55:17.368,1.44615,1.4471,6.40,3.20
2009.01.05 04:55:17.717,1.4461,1.447,3.20,1.60
2009.01.05 04:55:17.827,1.4461,1.4471,3.20,3.20
2009.01.05 04:55:17.877,1.44615,1.4471,1.60,3.20
2009.01.05 04:55:18.227,1.4461,1.4471,3.20,3.20
2009.01.05 04:55:18.347,1.4461,1.447,3.20,1.60
2009.01.05 04:55:18.577,1.44615,1.447,1.60,1.60
2009.01.05 04:55:18.977,1.4461,1.447,3.20,1.60
2009.01.05 04:55:19.437,1.44615,1.4471,6.40,3.20
2009.01.05 04:55:19.737,1.4461,1.447,3.20,1.60
2009.01.05 04:55:20.147,1.44615,1.447,6.40,1.60
2009.01.05 04:55:20.317,1.44615,1.4471,6.40,3.20
2009.01.05 04:55:20.667,1.4461,1.447,3.20,1.60
2009.01.05 04:55:21.137,1.4462,1.4471,1.60,3.20
2009.01.05 04:55:36.643,1.4463,1.4471,1.60,3.20
2009.01.05 04:55:36.703,1.44645,1.4471,2.20,3.20
2009.01.05 04:55:37.163,1.44645,1.4471,2.20,1.60
2009.01.05 04:55:39.032,1.44645,1.4471,2.20,3.20
2009.01.05 04:55:39.252,1.44645,1.4471,2.20,1.60
2009.01.05 04:55:40.242,1.44645,1.4469,2.20,1.60
2009.01.05 04:56:11.274,1.4465,1.4468,2.20,1.60
2009.01.05 04:56:11.564,1.4465,1.4469,2.20,1.60
2009.01.05 04:56:19.353,1.44655,1.4469,2.20,1.60
2009.01.05 04:56:19.473,1.44655,1.4471,5.40,1.60
2009.01.05 04:56:20.052,1.4466,1.4471,2.20,1.60
2009.01.05 04:56:20.442,1.44655,1.4471,5.40,1.60
2009.01.05 04:56:28.171,1.4466,1.447,3.20,2.40
2009.01.05 04:56:28.230,1.4465,1.4469,2.20,1.60
2009.01.05 04:56:31.060,1.4466,1.4471,2.20,1.60
2009.01.05 04:56:31.730,1.44655,1.4471,5.40,1.60
2009.01.05 04:56:34.089,1.44655,1.44705,5.40,2.40
2009.01.05 04:56:34.209,1.44655,1.4469,5.40,1.60
2009.01.05 04:56:34.269,1.44655,1.4469,2.20,1.60
2009.01.05 04:56:36.718,1.44655,1.4471,5.40,1.60
2009.01.05 04:56:38.408,1.44655,1.4471,10.20,1.60
2009.01.05 04:56:38.638,1.44655,1.4471,11.80,1.60
2009.01.05 04:56:44.286,1.44655,1.4471,5.40,1.60
2009.01.05 04:56:45.326,1.44655,1.4471,10.20,1.60
2009.01.05 04:56:49.106,1.4466,1.4471,1.60,1.60
2009.01.05 04:56:49.225,1.4466,1.4471,6.40,1.60
2009.01.05 04:56:49.455,1.44665,1.4471,4.80,1.60
2009.01.05 04:56:49.905,1.44675,1.4471,1.60,1.60
2009.01.05 04:56:50.245,1.4468,1.4471,4.80,1.60
2009.01.05 04:56:57.913,1.44665,1.4471,1.60,1.60
2009.01.05 04:56:58.323,1.44685,1.4471,1.60,1.60
2009.01.05 04:57:01.032,1.4467,1.4471,1.60,1.60
2009.01.05 04:57:36.864,1.44655,1.4471,7.00,1.60
2009.01.05 04:57:37.214,1.44655,1.44705,7.00,1.60
2009.01.05 04:57:37.964,1.44655,1.4471,7.00,1.60
2009.01.05 04:57:38.024,1.44675,1.4471,1.60,1.60
2009.01.05 04:57:38.683,1.44695,1.4471,1.60,1.60
2009.01.05 04:57:42.062,1.44715,1.4473,1.60,3.20
2009.01.05 04:57:42.773,1.44715,1.4473,1.60,3.20
2009.01.05 04:57:42.823,1.44725,1.4474,1.60,1.00
2009.01.05 04:57:46.621,1.4471,1.44725,4.80,1.60
2009.01.05 04:57:47.082,1.4469,1.44725,2.20,1.60
2009.01.05 04:58:07.607,1.4471,1.4474,4.80,1.00
2009.01.05 04:58:07.776,1.44695,1.4474,8.00,1.00
2009.01.05 04:58:07.886,1.44695,1.4474,7.00,1.00
2009.01.05 04:58:28.691,1.44705,1.4474,2.20,1.00
2009.01.05 04:59:17.480,1.44705,1.4475,2.20,1.60
2009.01.05 04:59:29.187,1.44705,1.44765,2.20,4.00
2009.01.05 04:59:31.646,1.447,1.44745,6.40,1.60
2009.01.05 04:59:32.116,1.447,1.44745,2.20,1.60
2009.01.05 04:59:36.555,1.44695,1.44735,2.20,1.60
2009.01.05 04:59:36.835,1.4469,1.44725,4.00,1.60
2009.01.05 04:59:37.365,1.44655,1.44725,3.20,1.60
2009.01.05 04:59:37.475,1.44655,1.4472,1.60,1.60
2009.01.05 04:59:52.641,1.44665,1.44725,1.60,1.40
2009.01.05 04:59:53.341,1.44665,1.4472,1.60,1.40
