2007.05.14 20:00:10.474,1.9786,1.9787,5.20,0.90
2007.05.14 20:00:16.541,1.9786,1.9787,2.80,0.60
2007.05.14 20:00:17.043,1.9786,1.9788,2.80,25.50
2007.05.14 20:00:18.307,1.9786,1.9788,5.20,25.50
2007.05.14 20:00:21.865,1.9786,1.9787,2.80,5.20
2007.05.14 20:00:28.221,1.9786,1.9787,5.20,5.20
2007.05.14 20:00:31.778,1.9786,1.9787,2.80,5.20
2007.05.14 20:00:41.677,1.9786,1.9787,5.20,5.20
2007.05.14 20:00:41.953,1.9786,1.9787,2.80,5.20
2007.05.14 20:00:44.606,1.9786,1.9788,2.80,25.50
2007.05.14 20:00:48.435,1.9786,1.9787,2.80,0.70
2007.05.14 20:00:51.914,1.9786,1.97875,2.80,15.60
2007.05.14 20:00:51.940,1.9786,1.97875,2.80,11.60
2007.05.14 20:00:55.297,1.9786,1.97875,2.80,9.20
2007.05.14 20:00:58.350,1.9786,1.97875,2.80,11.60
2007.05.14 20:00:59.788,1.9786,1.97875,3.60,11.60
2007.05.14 20:00:59.971,1.9786,1.97875,3.60,7.60
2007.05.14 20:01:00.281,1.9786,1.9788,3.60,28.70
2007.05.14 20:01:00.802,1.9786,1.9788,2.80,29.50
2007.05.14 20:01:00.918,1.9786,1.9788,2.80,29.50
2007.05.14 20:01:21.921,1.9786,1.9787,3.00,11.60
2007.05.14 20:01:32.807,1.9786,1.9787,7.00,11.60
2007.05.14 20:01:32.938,1.9786,1.9787,7.00,9.20
2007.05.14 20:01:33.344,1.9786,1.9787,9.40,9.20
2007.05.14 20:01:34.108,1.9786,1.9787,7.00,9.20
2007.05.14 20:01:37.188,1.9786,1.9787,3.00,9.20
2007.05.14 20:01:41.770,1.9786,1.9787,5.40,9.20
2007.05.14 20:01:41.810,1.9786,1.9787,9.40,9.20
2007.05.14 20:01:42.484,1.9786,1.9787,7.00,9.20
2007.05.14 20:01:42.921,1.9786,1.9787,6.80,5.20
2007.05.14 20:01:43.798,1.9786,1.9787,9.20,5.20
2007.05.14 20:01:53.930,1.9786,1.9787,6.80,5.20
2007.05.14 20:02:09.850,1.9786,1.9787,14.70,5.20
2007.05.14 20:02:09.864,1.9787,1.9788,4.00,18.00
2007.05.14 20:02:10.387,1.9786,1.9787,14.90,5.20
2007.05.14 20:02:10.523,1.9786,1.9787,7.00,5.20
2007.05.14 20:02:10.987,1.9786,1.9787,3.00,5.20
2007.05.14 20:02:13.499,1.9786,1.9787,3.00,1.20
2007.05.14 20:02:14.249,1.9786,1.9788,3.00,27.20
2007.05.14 20:02:17.748,1.9786,1.9787,5.40,0.60
2007.05.14 20:02:21.440,1.9786,1.9788,10.20,26.40
2007.05.14 20:02:21.582,1.9786,1.9787,12.60,0.70
2007.05.14 20:02:22.049,1.9786,1.9787,15.00,0.80
2007.05.14 20:02:22.433,1.9786,1.9787,10.20,0.50
2007.05.14 20:02:22.563,1.9786,1.9787,7.80,0.70
2007.05.14 20:02:22.575,1.9786,1.9788,5.40,23.20
2007.05.14 20:02:22.592,1.9786,1.9787,3.00,0.80
2007.05.14 20:02:22.803,1.9786,1.9787,5.40,0.60
2007.05.14 20:02:23.071,1.9786,1.9788,5.40,24.00
2007.05.14 20:02:23.087,1.9786,1.9787,3.00,0.90
2007.05.14 20:02:29.553,1.9786,1.9788,3.00,23.20
2007.05.14 20:02:31.260,1.9786,1.9788,3.00,23.20
2007.05.14 20:02:31.398,1.9786,1.9788,2.80,27.20
2007.05.14 20:02:31.689,1.97855,1.9787,2.40,0.70
2007.05.14 20:02:31.728,1.97855,1.9788,0.10,27.20
2007.05.14 20:02:31.978,1.9785,1.9788,26.40,27.20
2007.05.14 20:02:32.244,1.9785,1.9788,26.50,27.20
2007.05.14 20:02:32.410,1.9785,1.9787,25.70,0.90
2007.05.14 20:02:34.903,1.9785,1.9788,25.70,27.20
2007.05.14 20:02:41.939,1.9785,1.9788,29.70,23.20
2007.05.14 20:02:47.772,1.9785,1.9787,25.70,0.80
2007.05.14 20:02:57.013,1.9785,1.9788,25.60,27.20
2007.05.14 20:02:57.238,1.9785,1.9788,25.70,27.20
2007.05.14 20:03:03.453,1.9785,1.9788,25.70,28.40
2007.05.14 20:03:03.560,1.9785,1.9787,25.70,4.50
2007.05.14 20:03:08.819,1.9785,1.9786,25.70,0.10
2007.05.14 20:03:13.259,1.9785,1.9786,29.70,0.10
2007.05.14 20:03:16.490,1.9785,1.9786,28.90,0.10
2007.05.14 20:03:16.515,1.9785,1.9786,24.90,0.10
2007.05.14 20:03:16.533,1.9785,1.9786,22.60,0.10
2007.05.14 20:03:16.673,1.9785,1.9786,18.60,0.10
2007.05.14 20:03:16.775,1.9785,1.9786,16.20,0.10
2007.05.14 20:03:16.860,1.9785,1.9786,16.10,0.10
2007.05.14 20:03:17.031,1.9785,1.9786,16.00,0.10
2007.05.14 20:03:17.544,1.9785,1.9786,12.00,0.10
2007.05.14 20:03:19.034,1.9785,1.9786,8.00,0.10
2007.05.14 20:03:19.121,1.9785,1.9786,5.40,0.10
2007.05.14 20:03:19.164,1.9785,1.9786,3.00,0.10
2007.05.14 20:03:24.014,1.9785,1.9786,3.80,0.10
2007.05.14 20:03:24.122,1.9785,1.9786,7.80,0.10
2007.05.14 20:03:24.207,1.9785,1.9786,11.80,0.10
2007.05.14 20:03:24.234,1.9785,1.9786,11.00,0.10
2007.05.14 20:03:24.620,1.9785,1.9786,13.40,0.10
2007.05.14 20:03:25.028,1.9785,1.9786,21.30,0.10
2007.05.14 20:03:25.138,1.9786,1.9787,4.00,16.40
2007.05.14 20:03:28.222,1.9785,1.9786,19.90,0.10
2007.05.14 20:03:28.229,1.9785,1.9786,15.90,0.10
2007.05.14 20:03:28.684,1.9785,1.9786,13.50,0.10
2007.05.14 20:03:29.789,1.9785,1.9786,9.50,0.10
2007.05.14 20:03:31.542,1.9786,1.9787,4.00,21.20
2007.05.14 20:03:31.810,1.9785,1.9786,24.30,0.10
2007.05.14 20:03:34.907,1.9785,1.9787,24.30,4.10
2007.05.14 20:03:39.567,1.9786,1.9787,11.90,4.10
2007.05.14 20:03:39.598,1.9787,1.9788,4.00,18.80
2007.05.14 20:03:39.666,1.9787,1.9788,4.00,18.20
2007.05.14 20:03:39.678,1.9787,1.9788,4.00,0.60
2007.05.14 20:03:39.685,1.9787,1.9788,4.00,0.80
2007.05.14 20:04:02.653,1.9786,1.9788,21.10,0.60
2007.05.14 20:04:02.688,1.9786,1.97885,10.70,24.40
2007.05.14 20:04:02.798,1.9786,1.9788,8.70,0.70
2007.05.14 20:04:02.854,1.9786,1.97885,6.30,24.40
2007.05.14 20:04:04.054,1.9786,1.9788,6.30,22.00
2007.05.14 20:04:04.833,1.9786,1.9788,6.30,24.40
2007.05.14 20:04:05.058,1.9786,1.9788,6.30,20.40
2007.05.14 20:04:12.169,1.9786,1.9788,11.90,20.40
2007.05.14 20:04:12.189,1.9786,1.9788,11.90,18.00
2007.05.14 20:04:12.262,1.9786,1.9788,17.10,18.00
2007.05.14 20:04:12.364,1.9787,1.9788,4.00,18.00
2007.05.14 20:04:14.129,1.9787,1.9788,4.00,21.20
2007.05.14 20:04:14.201,1.9786,1.9787,13.90,4.00
2007.05.14 20:04:14.248,1.9786,1.9787,11.50,4.00
2007.05.14 20:04:14.707,1.9786,1.9787,9.10,4.00
2007.05.14 20:04:49.676,1.9786,1.9787,9.10,4.80
2007.05.14 20:05:15.364,1.9786,1.9787,4.00,11.60
2007.05.14 20:05:15.489,1.9786,1.9787,4.00,14.00
2007.05.14 20:05:16.545,1.9786,1.9787,4.00,18.00
2007.05.14 20:05:17.293,1.9786,1.9787,4.00,14.00
2007.05.14 20:05:17.565,1.9786,1.9787,4.00,18.00
2007.05.14 20:05:22.370,1.9785,1.9787,27.80,14.00
2007.05.14 20:05:43.797,1.9785,1.9787,18.10,17.20
2007.05.14 20:05:43.903,1.97845,1.9786,20.50,4.00
2007.05.14 20:05:43.911,1.9785,1.9786,2.50,4.00
2007.05.14 20:05:44.386,1.9784,1.9786,36.70,4.00
2007.05.14 20:05:45.226,1.9784,1.9786,36.60,4.00
2007.05.14 20:05:48.782,1.9785,1.9786,1.30,4.00
2007.05.14 20:05:52.432,1.9785,1.9786,9.10,4.00
2007.05.14 20:06:07.966,1.9786,1.9787,2.30,20.40
2007.05.14 20:06:07.995,1.9786,1.9787,6.30,17.20
2007.05.14 20:06:08.009,1.9786,1.9787,6.30,14.80
2007.05.14 20:06:08.117,1.9786,1.9787,9.10,4.00
2007.05.14 20:06:08.127,1.9786,1.9787,8.70,4.00
2007.05.14 20:06:08.174,1.9786,1.9787,8.70,4.80
2007.05.14 20:06:08.543,1.9786,1.9787,8.70,0.80
2007.05.14 20:06:12.717,1.9786,1.9788,8.70,32.40
2007.05.14 20:06:13.650,1.9786,1.9787,9.10,0.80
2007.05.14 20:06:50.727,1.9786,1.9787,5.10,0.80
2007.05.14 20:06:51.222,1.9786,1.9787,1.10,0.80
2007.05.14 20:06:51.669,1.9786,1.9788,1.10,27.60
2007.05.14 20:06:52.610,1.9786,1.9788,1.10,31.60
2007.05.14 20:06:53.295,1.9786,1.9788,1.10,27.60
2007.05.14 20:06:54.043,1.9786,1.9788,1.10,31.60
2007.05.14 20:06:54.712,1.9786,1.9788,1.10,27.60
2007.05.14 20:06:55.717,1.9786,1.9787,1.10,0.80
2007.05.14 20:06:57.665,1.9786,1.9788,1.10,27.60
2007.05.14 20:06:58.497,1.9786,1.9788,1.10,31.60
2007.05.14 20:06:59.063,1.9786,1.9788,1.10,27.60
2007.05.14 20:07:07.127,1.9785,1.9787,32.70,10.80
2007.05.14 20:07:07.182,1.9785,1.9787,27.90,17.20
2007.05.14 20:07:07.225,1.9785,1.9787,20.70,17.20
2007.05.14 20:07:07.259,1.9785,1.9787,18.30,15.60
2007.05.14 20:07:07.479,1.9785,1.9787,18.20,15.60
2007.05.14 20:07:09.657,1.9785,1.9786,14.20,4.00
2007.05.14 20:07:09.683,1.9785,1.9787,14.20,15.60
2007.05.14 20:07:09.705,1.9785,1.9787,14.20,19.60
2007.05.14 20:07:11.560,1.9785,1.9787,14.20,15.60
2007.05.14 20:08:02.228,1.9785,1.9787,14.20,11.60
2007.05.14 20:08:03.313,1.9785,1.9787,14.10,11.60
2007.05.14 20:08:05.962,1.9785,1.9787,14.20,11.60
2007.05.14 20:08:09.328,1.9785,1.9787,14.10,11.60
2007.05.14 20:08:31.748,1.9785,1.9787,17.40,11.60
2007.05.14 20:08:32.008,1.9785,1.9787,19.70,11.60
2007.05.14 20:08:32.316,1.9785,1.9787,16.50,11.60
2007.05.14 20:08:33.940,1.9785,1.9787,20.50,11.60
2007.05.14 20:08:34.286,1.9785,1.9787,16.50,11.60
2007.05.14 20:08:39.723,1.9785,1.9787,14.10,11.60
2007.05.14 20:08:40.938,1.9785,1.9787,14.20,11.60
2007.05.14 20:08:41.985,1.9785,1.9787,16.50,11.60
2007.05.14 20:08:42.206,1.9785,1.9787,15.70,11.60
2007.05.14 20:08:42.347,1.9785,1.9787,15.70,12.40
2007.05.14 20:08:47.748,1.9785,1.9787,13.40,12.40
2007.05.14 20:08:48.193,1.9785,1.9787,14.20,12.40
2007.05.14 20:08:48.310,1.9785,1.9787,14.20,11.60
2007.05.14 20:08:58.226,1.9785,1.9787,17.40,11.60
2007.05.14 20:08:58.325,1.9786,1.9787,0.80,4.40
2007.05.14 20:08:58.359,1.9786,1.9787,0.80,8.40
2007.05.14 20:08:58.426,1.9786,1.9787,2.80,6.40
2007.05.14 20:08:58.782,1.9786,1.9787,2.80,4.00
2007.05.14 20:09:02.263,1.9786,1.9787,6.80,4.00
2007.05.14 20:09:02.443,1.9786,1.9787,10.80,4.00
2007.05.14 20:09:02.546,1.9786,1.9788,13.20,22.40
2007.05.14 20:09:02.555,1.9786,1.9788,13.20,18.40
2007.05.14 20:09:06.435,1.9786,1.9788,13.20,22.40
2007.05.14 20:09:07.443,1.9786,1.9788,13.20,18.40
2007.05.14 20:09:08.406,1.97855,1.9788,19.60,18.40
2007.05.14 20:09:18.435,1.97855,1.9788,19.60,17.60
2007.05.14 20:09:30.887,1.97855,1.9788,13.20,17.60
2007.05.14 20:09:30.933,1.9785,1.9788,38.00,17.60
2007.05.14 20:09:31.015,1.9785,1.9788,37.30,20.00
2007.05.14 20:09:31.257,1.9784,1.9788,48.60,20.00
2007.05.14 20:09:31.333,1.9785,1.9788,42.10,20.00
2007.05.14 20:09:31.340,1.9786,1.9788,1.20,20.00
2007.05.14 20:09:31.388,1.9785,1.9788,42.90,20.00
2007.05.14 20:09:31.445,1.9786,1.9788,20.90,13.60
2007.05.14 20:09:31.536,1.9786,1.9788,27.40,11.20
2007.05.14 20:09:31.556,1.9787,1.9788,1.00,9.20
2007.05.14 20:09:31.921,1.9786,1.9788,25.40,6.80
2007.05.14 20:09:32.062,1.9786,1.9788,25.40,10.80
2007.05.14 20:09:33.027,1.9787,1.9788,1.40,6.80
2007.05.14 20:09:35.303,1.9786,1.9788,29.40,6.80
2007.05.14 20:09:37.558,1.9787,1.9788,2.80,6.80
2007.05.14 20:09:39.507,1.9786,1.9788,29.40,6.80
2007.05.14 20:09:41.787,1.9786,1.9788,29.50,6.80
2007.05.14 20:09:45.498,1.9787,1.9788,1.60,9.20
2007.05.14 20:09:45.499,1.9787,1.9788,1.60,13.20
2007.05.14 20:09:45.617,1.9787,1.9788,0.10,20.00
2007.05.14 20:09:47.070,1.9787,1.9788,0.10,24.00
2007.05.14 20:09:48.803,1.9786,1.9788,12.50,20.00
2007.05.14 20:09:50.464,1.9786,1.9788,31.00,9.20
2007.05.14 20:09:50.468,1.9787,1.9788,1.50,5.20
2007.05.14 20:09:51.069,1.9787,1.9788,1.20,2.80
2007.05.14 20:10:06.236,1.9786,1.9788,35.80,2.80
2007.05.14 20:10:10.403,1.9787,1.9788,6.80,2.80
2007.05.14 20:10:10.461,1.9787,1.9788,10.80,2.80
2007.05.14 20:10:10.488,1.9787,1.9788,13.20,2.00
2007.05.14 20:10:13.385,1.9787,1.9788,9.20,2.00
2007.05.14 20:10:13.515,1.9787,1.9788,9.20,6.00
2007.05.14 20:10:13.544,1.9787,1.9788,5.20,6.00
2007.05.14 20:10:14.002,1.9787,1.9788,2.80,6.00
2007.05.14 20:10:14.322,1.9787,1.9788,2.80,6.80
2007.05.14 20:10:14.801,1.9787,1.9788,6.80,6.80
2007.05.14 20:10:15.570,1.9787,1.9788,2.80,6.80
2007.05.14 20:10:43.331,1.9787,1.9788,6.80,6.80
2007.05.14 20:10:46.840,1.9787,1.9788,6.90,6.80
2007.05.14 20:10:46.905,1.9787,1.9788,0.70,6.80
2007.05.14 20:10:51.356,1.9786,1.9788,28.70,9.20
2007.05.14 20:10:51.399,1.9787,1.9788,3.30,17.20
2007.05.14 20:10:52.400,1.9786,1.9788,20.50,15.60
2007.05.14 20:10:54.119,1.9786,1.9788,16.50,19.60
2007.05.14 20:10:54.167,1.9787,1.9788,1.70,15.60
2007.05.14 20:10:54.849,1.9787,1.9788,0.80,19.60
2007.05.14 20:10:54.902,1.9786,1.9788,16.50,15.60
2007.05.14 20:11:08.107,1.9786,1.9788,12.50,13.20
2007.05.14 20:11:13.355,1.9787,1.9788,1.40,12.90
2007.05.14 20:11:13.562,1.9786,1.9788,17.60,12.30
2007.05.14 20:11:13.574,1.9787,1.9788,4.50,11.50
2007.05.14 20:11:13.647,1.9788,1.9789,1.10,12.30
2007.05.14 20:11:13.668,1.9787,1.9788,17.30,7.50
2007.05.14 20:11:13.767,1.9788,1.9789,12.80,12.30
2007.05.14 20:11:13.945,1.9789,1.979,0.90,6.40
2007.05.14 20:11:14.087,1.9789,1.979,2.40,9.20
2007.05.14 20:11:15.362,1.9789,1.979,2.40,8.40
2007.05.14 20:11:16.142,1.9789,1.979,2.40,4.40
2007.05.14 20:11:21.392,1.9789,1.979,6.40,4.40
2007.05.14 20:11:21.581,1.9789,1.979,2.40,4.40
2007.05.14 20:11:21.712,1.9788,1.979,17.90,8.40
2007.05.14 20:11:21.748,1.9788,1.9789,6.30,0.80
2007.05.14 20:11:21.814,1.9788,1.9789,4.30,2.80
2007.05.14 20:11:22.546,1.9788,1.9789,4.20,2.80
2007.05.14 20:11:23.815,1.9788,1.9789,0.30,2.80
2007.05.14 20:11:24.311,1.9788,1.9789,0.20,2.80
2007.05.14 20:11:24.633,1.9788,1.9789,0.20,6.80
2007.05.14 20:11:24.737,1.9787,1.9789,9.20,6.80
2007.05.14 20:11:24.866,1.9787,1.9789,5.50,6.80
2007.05.14 20:11:26.994,1.9787,1.9789,5.50,0.50
2007.05.14 20:11:29.238,1.9787,1.979,5.40,16.80
2007.05.14 20:11:30.904,1.9787,1.979,7.70,16.80
2007.05.14 20:11:31.029,1.9787,1.979,15.70,12.80
2007.05.14 20:11:31.425,1.9787,1.9789,20.50,0.70
2007.05.14 20:11:31.778,1.9787,1.979,26.90,12.80
2007.05.14 20:11:32.573,1.9787,1.979,30.90,8.80
2007.05.14 20:11:33.799,1.9787,1.979,30.80,8.80
2007.05.14 20:11:33.900,1.9787,1.979,32.80,8.80
2007.05.14 20:11:34.807,1.9787,1.9789,32.80,0.60
2007.05.14 20:11:38.753,1.9787,1.979,33.00,8.80
2007.05.14 20:11:39.788,1.9787,1.979,29.00,12.80
2007.05.14 20:11:41.803,1.9787,1.979,33.00,8.80
2007.05.14 20:11:41.932,1.9787,1.9789,32.80,0.80
2007.05.14 20:11:42.162,1.9787,1.979,30.40,8.80
2007.05.14 20:11:42.272,1.9787,1.9789,30.60,0.50
2007.05.14 20:11:42.369,1.9787,1.9789,30.40,0.60
2007.05.14 20:11:42.435,1.9787,1.9789,30.40,0.60
2007.05.14 20:11:42.683,1.9787,1.9789,30.40,0.60
2007.05.14 20:11:43.562,1.9787,1.979,26.40,12.80
2007.05.14 20:11:44.719,1.9787,1.979,28.80,12.80
2007.05.14 20:11:45.228,1.9787,1.979,28.80,12.80
2007.05.14 20:11:45.462,1.9787,1.979,28.80,12.80
2007.05.14 20:11:46.283,1.9788,1.9789,0.80,0.60
2007.05.14 20:11:46.297,1.9788,1.979,2.80,0.50
2007.05.14 20:11:47.055,1.9788,1.97905,2.80,9.90
2007.05.14 20:11:47.572,1.9788,1.97905,6.80,9.90
2007.05.14 20:11:48.628,1.9788,1.97905,2.80,9.90
2007.05.14 20:11:51.548,1.9788,1.979,2.80,0.90
2007.05.14 20:11:51.650,1.9788,1.97905,2.80,18.70
2007.05.14 20:11:51.655,1.9788,1.979,2.80,17.60
2007.05.14 20:11:56.489,1.9788,1.979,2.80,19.20
2007.05.14 20:11:56.821,1.9788,1.979,2.80,15.20
2007.05.14 20:11:57.048,1.9788,1.979,2.80,19.20
2007.05.14 20:12:02.072,1.9788,1.979,6.80,15.20
2007.05.14 20:12:04.154,1.9788,1.979,10.80,15.20
2007.05.14 20:12:04.659,1.9788,1.9789,8.00,2.80
2007.05.14 20:12:05.038,1.9788,1.9789,4.00,2.80
2007.05.14 20:12:05.568,1.9788,1.9789,8.00,2.80
2007.05.14 20:12:06.075,1.9788,1.9789,4.00,2.80
2007.05.14 20:12:07.711,1.9789,1.979,4.00,13.20
2007.05.14 20:12:09.072,1.9788,1.9789,4.00,2.80
2007.05.14 20:12:11.659,1.9788,1.979,4.00,16.00
2007.05.14 20:12:14.654,1.9788,1.9789,4.00,2.80
2007.05.14 20:12:21.651,1.9788,1.979,4.00,16.00
2007.05.14 20:12:24.765,1.9788,1.9789,4.00,2.80
2007.05.14 20:12:25.311,1.9788,1.979,4.00,16.00
2007.05.14 20:12:44.714,1.9787,1.9789,24.00,0.80
2007.05.14 20:12:44.732,1.9787,1.979,21.60,21.60
2007.05.14 20:12:44.833,1.9787,1.9789,12.00,0.70
2007.05.14 20:12:44.849,1.9787,1.979,12.00,29.60
2007.05.14 20:12:45.222,1.9787,1.9789,11.90,0.90
2007.05.14 20:12:45.320,1.9787,1.9789,11.90,0.90
2007.05.14 20:12:45.740,1.9787,1.979,12.00,29.60
2007.05.14 20:12:47.436,1.9787,1.979,16.00,25.60
2007.05.14 20:12:47.459,1.9787,1.979,12.00,29.60
2007.05.14 20:12:49.304,1.9787,1.979,9.60,32.00
2007.05.14 20:13:15.739,1.9787,1.979,12.00,32.00
2007.05.14 20:13:15.883,1.9787,1.9789,16.80,0.50
2007.05.14 20:13:15.907,1.9787,1.979,20.80,30.40
2007.05.14 20:13:15.978,1.9787,1.9789,24.80,0.90
2007.05.14 20:13:15.985,1.9787,1.979,27.20,23.20
2007.05.14 20:13:17.156,1.9787,1.9789,27.10,0.90
2007.05.14 20:13:17.169,1.9787,1.9789,27.20,0.70
2007.05.14 20:13:24.887,1.9787,1.9789,24.80,2.80
2007.05.14 20:13:25.123,1.9787,1.9789,24.70,2.80
2007.05.14 20:13:25.380,1.9787,1.9789,24.80,2.80
2007.05.14 20:13:25.898,1.9787,1.9789,27.20,2.80
2007.05.14 20:13:32.764,1.9787,1.9789,26.40,3.60
2007.05.14 20:13:32.869,1.9787,1.9789,22.40,3.60
2007.05.14 20:13:32.904,1.9787,1.9789,16.00,7.60
2007.05.14 20:13:32.966,1.9787,1.9789,11.80,7.60
2007.05.14 20:13:32.967,1.9787,1.9789,11.80,11.60
2007.05.14 20:13:33.005,1.9787,1.9789,9.40,11.60
2007.05.14 20:13:33.268,1.9787,1.9789,9.30,11.60
2007.05.14 20:13:33.370,1.9787,1.9789,9.30,14.00
2007.05.14 20:13:36.064,1.9787,1.9789,13.30,14.00
2007.05.14 20:13:46.480,1.9787,1.9789,13.40,14.00
2007.05.14 20:14:07.200,1.9787,1.9789,9.40,14.00
2007.05.14 20:14:16.714,1.9787,1.9789,9.30,14.00
2007.05.14 20:14:20.039,1.9787,1.9789,9.40,14.00
2007.05.14 20:14:28.423,1.9787,1.9789,9.20,14.00
2007.05.14 20:14:30.843,1.9787,1.9789,9.20,14.10
2007.05.14 20:15:02.527,1.9787,1.9789,9.20,14.00
2007.05.14 20:15:16.946,1.9787,1.9789,9.20,14.00
2007.05.14 20:15:30.273,1.9787,1.9789,9.20,14.10
2007.05.14 20:15:34.801,1.9787,1.9789,2.90,14.10
2007.05.14 20:15:36.169,1.97865,1.9789,11.60,13.30
2007.05.14 20:16:03.622,1.9787,1.9789,14.70,13.30
2007.05.14 20:16:03.658,1.9787,1.9788,14.70,0.80
2007.05.14 20:16:03.707,1.9787,1.9788,18.70,0.80
2007.05.14 20:16:03.771,1.9787,1.9789,18.70,10.10
2007.05.14 20:16:04.223,1.9787,1.9789,21.10,10.10
2007.05.14 20:16:04.235,1.9788,1.9789,2.80,7.30
2007.05.14 20:16:04.281,1.9788,1.9789,2.80,4.10
2007.05.14 20:16:04.347,1.9788,1.9789,2.80,4.00
2007.05.14 20:16:05.561,1.9788,1.9789,2.80,8.00
2007.05.14 20:16:06.289,1.9788,1.9789,2.80,4.00
2007.05.14 20:16:20.728,1.9788,1.9789,2.80,7.20
2007.05.14 20:16:20.838,1.9787,1.9789,3.30,14.00
2007.05.14 20:16:21.148,1.9787,1.9789,0.50,14.00
2007.05.14 20:16:21.210,1.9787,1.9789,0.60,16.40
2007.05.14 20:16:21.800,1.9787,1.9788,0.60,4.00
2007.05.14 20:16:22.191,1.9787,1.9789,0.60,16.40
2007.05.14 20:16:22.814,1.9787,1.9789,0.60,20.40
2007.05.14 20:16:23.113,1.9787,1.9789,4.40,16.40
2007.05.14 20:16:24.065,1.9787,1.9789,0.60,20.40
2007.05.14 20:16:24.667,1.9787,1.9789,4.40,20.40
2007.05.14 20:16:24.765,1.9787,1.9789,7.20,20.40
2007.05.14 20:16:24.773,1.9787,1.9789,7.20,18.00
2007.05.14 20:16:25.169,1.9787,1.9789,9.60,18.00
2007.05.14 20:16:26.557,1.9787,1.9789,9.60,14.00
2007.05.14 20:16:29.115,1.9787,1.9789,10.40,14.00
2007.05.14 20:16:29.137,1.9787,1.9789,11.20,14.00
2007.05.14 20:16:29.196,1.9787,1.9789,21.60,10.00
2007.05.14 20:16:29.271,1.9787,1.9789,26.40,5.20
2007.05.14 20:16:29.313,1.9788,1.9789,2.80,2.40
2007.05.14 20:16:29.769,1.9788,1.979,2.80,28.10
2007.05.14 20:16:30.587,1.9788,1.9789,2.80,4.00
2007.05.14 20:16:31.082,1.9788,1.979,2.80,28.10
2007.05.14 20:16:33.071,1.9788,1.979,2.80,24.10
2007.05.14 20:16:34.175,1.9788,1.979,2.80,24.30
2007.05.14 20:16:40.804,1.9788,1.979,2.80,28.30
2007.05.14 20:16:45.250,1.9788,1.979,2.90,28.30
2007.05.14 20:16:46.049,1.9788,1.979,2.80,28.30
2007.05.14 20:16:49.910,1.9788,1.979,2.80,28.20
2007.05.14 20:16:51.649,1.9788,1.979,2.80,28.30
2007.05.14 20:16:53.569,1.9788,1.979,2.80,24.30
2007.05.14 20:16:55.056,1.9787,1.979,36.80,24.30
2007.05.14 20:17:16.411,1.9787,1.979,43.10,15.20
2007.05.14 20:17:16.841,1.9787,1.979,47.10,11.20
2007.05.14 20:17:17.746,1.9787,1.979,46.30,11.40
2007.05.14 20:17:17.887,1.9787,1.979,36.70,23.40
2007.05.14 20:17:17.897,1.9787,1.9789,27.90,4.00
2007.05.14 20:17:18.173,1.9787,1.9789,23.10,4.00
2007.05.14 20:17:18.385,1.9787,1.9789,23.10,4.00
2007.05.14 20:17:19.575,1.9787,1.9789,19.20,8.00
2007.05.14 20:17:20.465,1.9787,1.9789,19.20,4.00
2007.05.14 20:17:31.386,1.9788,1.9789,2.80,6.30
2007.05.14 20:17:31.795,1.9788,1.9789,2.80,9.50
2007.05.14 20:17:31.891,1.9788,1.9789,2.00,12.00
2007.05.14 20:17:32.000,1.9787,1.9789,0.60,14.00
2007.05.14 20:17:32.201,1.9787,1.9789,0.50,16.40
2007.05.14 20:17:33.299,1.9787,1.9789,0.50,20.40
2007.05.14 20:17:35.427,1.9787,1.9789,0.50,16.40
2007.05.14 20:17:43.839,1.9787,1.9789,4.40,16.40
2007.05.14 20:17:43.853,1.9787,1.9789,7.20,16.40
2007.05.14 20:17:43.896,1.9787,1.9789,7.20,14.00
2007.05.14 20:17:44.430,1.9787,1.9789,9.60,14.00
2007.05.14 20:17:55.557,1.9787,1.9789,9.60,18.00
2007.05.14 20:17:58.819,1.9787,1.9789,10.40,18.00
2007.05.14 20:17:58.884,1.9787,1.9789,12.80,18.00
2007.05.14 20:17:58.946,1.9787,1.9789,16.80,10.80
2007.05.14 20:17:58.959,1.9787,1.9789,27.10,4.00
2007.05.14 20:17:59.647,1.9787,1.9789,27.20,4.00
2007.05.14 20:17:59.892,1.9787,1.9789,27.10,4.00
2007.05.14 20:18:00.165,1.9787,1.9789,27.20,4.00
2007.05.14 20:18:00.682,1.9787,1.979,31.20,16.90
2007.05.14 20:18:01.813,1.9787,1.979,36.80,16.80
2007.05.14 20:18:01.902,1.9787,1.979,32.80,20.80
2007.05.14 20:18:01.932,1.9787,1.979,32.80,18.40
2007.05.14 20:18:01.948,1.9787,1.979,35.20,11.60
2007.05.14 20:18:01.951,1.9787,1.979,35.20,8.40
2007.05.14 20:18:03.294,1.9787,1.979,39.20,4.40
2007.05.14 20:18:04.407,1.9787,1.979,39.20,4.00
2007.05.14 20:18:04.462,1.9787,1.979,40.00,4.00
2007.05.14 20:18:04.512,1.9788,1.979,0.20,4.00
2007.05.14 20:18:04.939,1.9787,1.979,36.80,4.00
2007.05.14 20:18:04.959,1.9787,1.979,36.00,4.00
2007.05.14 20:18:04.994,1.97875,1.979,4.00,4.00
2007.05.14 20:18:05.032,1.9788,1.979,2.40,4.00
2007.05.14 20:18:05.320,1.9788,1.979,6.60,4.00
2007.05.14 20:18:05.366,1.9788,1.97905,10.60,1.00
2007.05.14 20:18:05.443,1.9788,1.97905,8.20,1.00
2007.05.14 20:18:05.537,1.9788,1.97905,8.10,1.00
2007.05.14 20:18:07.019,1.9788,1.97905,8.10,0.30
2007.05.14 20:18:07.382,1.9791,1.9792,4.00,20.60
2007.05.14 20:18:07.488,1.9791,1.9792,8.00,18.00
2007.05.14 20:18:07.544,1.97915,1.9792,0.50,15.60
2007.05.14 20:18:07.767,1.9792,1.9793,4.00,0.80
2007.05.14 20:18:07.797,1.9792,1.9793,4.00,0.80
2007.05.14 20:18:07.981,1.97915,1.9792,0.50,6.30
2007.05.14 20:18:08.058,1.979,1.9791,2.40,8.00
2007.05.14 20:18:08.075,1.979,1.9791,2.40,4.00
2007.05.14 20:18:08.501,1.9789,1.97905,0.50,0.80
2007.05.14 20:18:08.571,1.979,1.97905,0.80,0.80
2007.05.14 20:18:08.811,1.9792,1.9793,0.50,8.80
2007.05.14 20:18:08.959,1.979,1.9791,3.20,6.00
2007.05.14 20:18:09.074,1.979,1.9791,6.40,6.00
2007.05.14 20:18:09.075,1.979,1.9791,5.60,6.00
2007.05.14 20:18:09.079,1.979,1.9791,9.60,6.00
2007.05.14 20:18:09.145,1.979,1.9791,12.80,2.00
2007.05.14 20:18:09.159,1.979,1.9792,12.00,0.80
2007.05.14 20:18:09.363,1.979,1.9792,12.00,8.70
2007.05.14 20:18:09.399,1.979,1.9792,12.00,8.70
2007.05.14 20:18:09.467,1.979,1.9792,12.00,11.10
2007.05.14 20:18:09.565,1.979,1.9792,8.00,11.10
2007.05.14 20:18:09.802,1.979,1.9792,8.00,13.90
2007.05.14 20:18:09.814,1.979,1.9792,4.00,17.90
2007.05.14 20:18:09.838,1.979,1.9792,4.00,20.30
2007.05.14 20:18:09.848,1.979,1.97915,4.00,0.80
2007.05.14 20:18:09.956,1.979,1.9792,4.00,20.30
2007.05.14 20:18:10.096,1.979,1.9792,4.00,20.30
2007.05.14 20:18:10.199,1.979,1.9792,4.00,17.50
2007.05.14 20:18:10.404,1.979,1.9792,4.00,15.10
2007.05.14 20:18:10.498,1.9791,1.9792,4.00,11.10
2007.05.14 20:18:10.801,1.9791,1.9792,4.80,11.10
2007.05.14 20:18:10.820,1.9791,1.9792,0.80,11.10
2007.05.14 20:18:10.908,1.9791,1.9792,11.20,11.10
2007.05.14 20:18:11.027,1.9791,1.9792,11.20,11.90
2007.05.14 20:18:11.153,1.9791,1.9792,19.20,4.00
2007.05.14 20:18:11.413,1.9792,1.9793,2.40,4.00
2007.05.14 20:18:11.436,1.9792,1.9793,2.40,4.00
2007.05.14 20:18:11.861,1.9791,1.9792,16.00,4.00
2007.05.14 20:18:11.939,1.9791,1.9792,12.00,11.90
2007.05.14 20:18:12.038,1.9791,1.9792,12.00,11.90
2007.05.14 20:18:12.149,1.9791,1.9792,4.00,4.00
2007.05.14 20:18:12.444,1.9791,1.9792,0.10,8.80
2007.05.14 20:18:12.817,1.9791,1.9792,4.00,4.80
2007.05.14 20:18:12.891,1.9791,1.9792,4.00,4.00
2007.05.14 20:18:12.924,1.9791,1.9792,4.00,4.00
2007.05.14 20:18:13.232,1.97905,1.9791,0.10,4.00
2007.05.14 20:18:13.506,1.9789,1.9791,26.60,4.00
2007.05.14 20:18:13.534,1.9789,1.9791,20.60,4.00
2007.05.14 20:18:13.544,1.9789,1.9791,16.60,4.00
2007.05.14 20:18:13.685,1.9789,1.9791,12.60,4.00
2007.05.14 20:18:13.700,1.9789,1.9791,9.80,6.80
2007.05.14 20:18:13.702,1.9789,1.9791,9.80,7.60
2007.05.14 20:18:13.914,1.9789,1.9791,17.80,7.60
2007.05.14 20:18:13.952,1.9789,1.9791,18.60,7.60
2007.05.14 20:18:14.028,1.9789,1.9791,23.40,7.60
2007.05.14 20:18:14.040,1.9789,1.9791,33.00,7.60
2007.05.14 20:18:14.052,1.9789,1.9791,37.00,3.60
2007.05.14 20:18:14.078,1.9789,1.9791,37.80,3.60
2007.05.14 20:18:14.103,1.9789,1.9791,33.80,3.60
2007.05.14 20:18:14.188,1.9789,1.9791,33.90,3.60
2007.05.14 20:18:14.291,1.9789,1.9791,33.10,3.60
2007.05.14 20:18:14.325,1.9789,1.9791,27.20,3.60
2007.05.14 20:18:14.399,1.9789,1.9791,19.20,7.60
2007.05.14 20:18:14.452,1.9789,1.9791,8.80,7.60
2007.05.14 20:18:15.111,1.9789,1.9791,8.80,6.80
2007.05.14 20:18:15.160,1.9789,1.9791,8.80,6.00
2007.05.14 20:18:15.220,1.9789,1.9791,11.20,6.00
2007.05.14 20:18:15.254,1.9789,1.9791,11.20,4.00
2007.05.14 20:18:15.341,1.9789,1.9791,25.50,4.00
2007.05.14 20:18:15.365,1.9789,1.9791,30.30,4.00
2007.05.14 20:18:15.490,1.979,1.9791,4.00,4.00
2007.05.14 20:18:15.703,1.979,1.9792,4.00,4.00
2007.05.14 20:18:16.074,1.9789,1.9791,36.80,4.00
2007.05.14 20:18:16.820,1.9789,1.9792,40.80,4.00
2007.05.14 20:18:16.829,1.9791,1.9792,4.80,4.00
2007.05.14 20:18:16.900,1.9791,1.9793,11.20,21.90
2007.05.14 20:18:16.909,1.9791,1.9793,16.80,23.60
2007.05.14 20:18:17.002,1.9791,1.9793,19.20,21.20
2007.05.14 20:18:17.015,1.9792,1.9793,2.80,6.40
2007.05.14 20:18:17.217,1.9792,1.9793,2.80,8.00
2007.05.14 20:18:17.421,1.9792,1.9793,2.80,5.60
2007.05.14 20:18:17.817,1.9791,1.9792,26.50,0.80
2007.05.14 20:18:17.939,1.9792,1.9793,2.80,5.60
2007.05.14 20:18:18.031,1.9792,1.9793,2.80,4.80
2007.05.14 20:18:19.360,1.9792,1.9793,2.80,0.80
2007.05.14 20:18:19.384,1.9792,1.9793,2.80,4.80
2007.05.14 20:18:19.857,1.9792,1.9793,2.80,0.80
2007.05.14 20:18:20.417,1.9792,1.9793,2.80,0.80
2007.05.14 20:18:20.491,1.9791,1.9793,23.10,0.80
2007.05.14 20:18:20.548,1.9792,1.9793,2.00,0.90
2007.05.14 20:18:20.708,1.979,1.9791,20.70,0.80
2007.05.14 20:18:20.717,1.979,1.9791,20.70,0.80
2007.05.14 20:18:20.821,1.979,1.9791,16.70,0.80
2007.05.14 20:18:20.837,1.979,1.9791,16.70,1.60
2007.05.14 20:18:20.920,1.979,1.9791,14.30,1.70
2007.05.14 20:18:20.991,1.9791,1.9792,14.30,6.80
2007.05.14 20:18:21.072,1.9789,1.979,31.90,0.60
2007.05.14 20:18:21.502,1.9788,1.979,36.90,0.70
2007.05.14 20:18:21.558,1.9788,1.979,31.50,0.90
2007.05.14 20:18:21.610,1.9788,1.97905,24.30,6.00
2007.05.14 20:18:21.946,1.9788,1.97905,30.00,6.00
2007.05.14 20:18:22.239,1.9788,1.979,32.40,0.90
2007.05.14 20:18:22.386,1.9788,1.9791,32.40,22.80
2007.05.14 20:18:22.389,1.9788,1.9791,28.40,21.20
2007.05.14 20:18:22.486,1.9788,1.9789,24.40,0.80
2007.05.14 20:18:22.655,1.9788,1.9789,24.30,0.70
2007.05.14 20:18:22.691,1.9788,1.9789,6.00,0.80
2007.05.14 20:18:22.977,1.9788,1.979,3.60,23.60
2007.05.14 20:18:23.026,1.9789,1.979,4.00,22.70
2007.05.14 20:18:23.302,1.9788,1.9789,3.60,0.60
2007.05.14 20:18:24.632,1.9788,1.9789,4.40,0.70
2007.05.14 20:18:24.685,1.9788,1.979,3.60,23.60
2007.05.14 20:18:24.742,1.9788,1.979,2.80,23.60
2007.05.14 20:18:24.777,1.9788,1.979,0.80,23.60
2007.05.14 20:18:24.925,1.9787,1.9789,22.50,0.90
2007.05.14 20:18:24.987,1.9787,1.979,21.40,21.20
2007.05.14 20:18:25.406,1.9787,1.979,20.40,18.00
2007.05.14 20:18:25.407,1.9787,1.979,19.60,18.00
2007.05.14 20:18:25.502,1.9787,1.9789,23.60,0.60
2007.05.14 20:18:25.623,1.9787,1.979,23.60,15.60
2007.05.14 20:18:25.631,1.9787,1.9789,35.60,0.60
2007.05.14 20:18:25.668,1.9787,1.979,31.60,11.60
2007.05.14 20:18:25.696,1.9787,1.979,31.70,0.80
2007.05.14 20:18:26.806,1.9787,1.979,35.70,0.60
2007.05.14 20:18:28.320,1.9787,1.9791,31.70,28.30
2007.05.14 20:18:28.597,1.9787,1.9791,32.50,27.50
2007.05.14 20:18:29.753,1.9787,1.979,32.50,14.00
2007.05.14 20:18:29.852,1.9788,1.979,4.80,14.00
2007.05.14 20:18:29.888,1.9788,1.979,11.10,14.00
2007.05.14 20:18:30.003,1.9788,1.979,13.90,14.00
2007.05.14 20:18:30.020,1.9788,1.9791,13.90,27.60
2007.05.14 20:18:30.233,1.9788,1.9791,11.10,27.60
2007.05.14 20:18:30.441,1.9788,1.979,13.50,0.80
2007.05.14 20:18:30.626,1.9788,1.9791,16.30,27.60
2007.05.14 20:18:30.695,1.9788,1.9791,20.30,23.60
2007.05.14 20:18:31.072,1.9788,1.9791,16.30,27.60
2007.05.14 20:18:31.813,1.9788,1.979,15.50,0.90
2007.05.14 20:18:31.919,1.9788,1.979,15.50,0.90
2007.05.14 20:18:31.994,1.9788,1.9791,9.20,31.50
2007.05.14 20:18:32.538,1.9788,1.9791,9.20,32.30
2007.05.14 20:18:33.626,1.9788,1.9791,6.40,32.30
2007.05.14 20:18:33.653,1.9788,1.979,6.40,0.60
2007.05.14 20:18:34.071,1.9788,1.979,6.40,0.80
2007.05.14 20:18:34.909,1.9788,1.979,10.40,0.50
2007.05.14 20:18:39.408,1.9788,1.9791,13.20,25.90
2007.05.14 20:18:43.635,1.9788,1.979,12.40,0.90
2007.05.14 20:18:43.729,1.9788,1.979,10.40,0.50
2007.05.14 20:18:45.024,1.9788,1.979,0.90,0.50
2007.05.14 20:18:46.078,1.9788,1.979,0.80,0.80
2007.05.14 20:18:46.810,1.9787,1.9791,40.00,29.90
2007.05.14 20:18:49.415,1.9788,1.979,0.90,0.70
2007.05.14 20:18:49.510,1.9787,1.9791,39.90,29.90
2007.05.14 20:18:53.659,1.9787,1.9791,40.30,29.90
2007.05.14 20:18:57.474,1.9787,1.97905,45.20,16.40
2007.05.14 20:18:57.482,1.9787,1.97905,40.40,12.40
2007.05.14 20:18:57.580,1.9787,1.97905,41.20,8.40
2007.05.14 20:18:57.604,1.9788,1.979,0.60,0.70
2007.05.14 20:18:58.037,1.9788,1.979,0.50,0.90
2007.05.14 20:18:59.771,1.9788,1.979,0.70,0.50
2007.05.14 20:18:59.794,1.9788,1.979,0.70,0.70
2007.05.14 20:19:01.603,1.9788,1.979,0.50,0.70
2007.05.14 20:19:08.470,1.9788,1.979,0.80,0.90
2007.05.14 20:19:08.577,1.9788,1.979,0.70,0.90
2007.05.14 20:19:08.590,1.9788,1.979,0.90,0.90
2007.05.14 20:19:08.652,1.9788,1.979,0.90,0.60
2007.05.14 20:19:08.680,1.9787,1.9791,42.30,29.90
2007.05.14 20:19:08.834,1.9787,1.9791,42.30,29.70
2007.05.14 20:19:08.918,1.9787,1.9791,38.30,25.90
2007.05.14 20:19:10.708,1.9787,1.9791,38.30,21.90
2007.05.14 20:19:14.487,1.9788,1.979,10.00,11.60
2007.05.14 20:19:16.579,1.9788,1.979,14.00,11.60
2007.05.14 20:19:20.816,1.9788,1.979,10.00,11.60
2007.05.14 20:19:31.714,1.9788,1.979,10.00,15.60
2007.05.14 20:19:32.585,1.9788,1.979,10.00,11.60
2007.05.14 20:19:35.740,1.9788,1.979,10.10,11.60
2007.05.14 20:19:52.521,1.9788,1.979,9.30,12.40
2007.05.14 20:20:05.716,1.9788,1.979,13.30,12.40
2007.05.14 20:20:08.061,1.9788,1.979,13.30,18.00
2007.05.14 20:20:08.107,1.9788,1.9789,9.30,4.80
2007.05.14 20:20:08.168,1.9788,1.9789,6.40,7.60
2007.05.14 20:20:08.705,1.9788,1.9789,4.00,6.80
2007.05.14 20:20:09.378,1.9787,1.9789,29.50,6.80
2007.05.14 20:20:10.453,1.9787,1.9789,25.50,10.80
2007.05.14 20:20:10.825,1.9787,1.9789,25.50,6.80
2007.05.14 20:20:16.797,1.9787,1.9788,25.50,0.50
2007.05.14 20:20:16.917,1.9787,1.9789,25.50,6.80
2007.05.14 20:20:24.062,1.9787,1.9789,29.50,6.80
2007.05.14 20:20:29.991,1.9787,1.9789,29.30,6.80
2007.05.14 20:20:33.522,1.9786,1.9789,44.60,6.80
2007.05.14 20:20:34.453,1.9787,1.9789,11.10,6.80
2007.05.14 20:20:49.710,1.9787,1.9789,5.70,6.80
2007.05.14 20:20:51.581,1.9786,1.9789,45.20,10.80
2007.05.14 20:20:53.582,1.9786,1.9788,41.20,4.00
2007.05.14 20:20:54.125,1.9787,1.9789,9.60,6.80
2007.05.14 20:20:55.264,1.9786,1.9789,41.20,10.80
2007.05.14 20:21:06.787,1.9786,1.9789,37.40,10.80
2007.05.14 20:21:08.580,1.9787,1.9789,1.60,6.80
2007.05.14 20:21:13.134,1.9787,1.9789,31.00,6.80
2007.05.14 20:21:13.269,1.9788,1.9789,1.30,2.80
2007.05.14 20:21:13.292,1.9787,1.979,42.80,15.60
2007.05.14 20:21:13.693,1.9787,1.979,42.80,13.20
2007.05.14 20:21:16.352,1.9788,1.979,4.90,13.20
2007.05.14 20:21:17.051,1.9787,1.979,38.80,17.20
2007.05.14 20:21:17.804,1.9787,1.979,42.80,13.20
2007.05.14 20:21:23.821,1.9787,1.979,42.80,13.20
2007.05.14 20:21:26.982,1.9788,1.97905,14.00,15.60
2007.05.14 20:21:41.788,1.9788,1.97905,10.00,15.60
2007.05.14 20:21:45.018,1.9788,1.979,0.90,0.60
2007.05.14 20:21:48.555,1.9787,1.97905,45.30,15.60
2007.05.14 20:22:06.781,1.9788,1.979,2.80,14.00
2007.05.14 20:22:06.812,1.9788,1.979,0.50,18.80
2007.05.14 20:22:06.907,1.9788,1.9789,0.50,2.80
2007.05.14 20:22:07.390,1.9787,1.9789,36.60,2.80
2007.05.14 20:22:10.319,1.9787,1.9789,16.30,2.80
2007.05.14 20:22:10.377,1.9786,1.9789,46.10,2.80
2007.05.14 20:22:10.414,1.9787,1.9789,5.60,2.80
2007.05.14 20:22:10.582,1.9786,1.9789,40.60,2.80
2007.05.14 20:22:12.079,1.9786,1.9789,40.60,2.80
2007.05.14 20:22:14.635,1.9787,1.9789,30.00,2.80
2007.05.14 20:22:14.737,1.9787,1.9789,30.20,2.80
2007.05.14 20:22:16.956,1.9787,1.9789,30.00,2.80
2007.05.14 20:22:19.271,1.9787,1.9789,30.80,2.80
2007.05.14 20:22:19.311,1.9787,1.9789,37.20,2.80
2007.05.14 20:22:19.342,1.9788,1.9789,6.40,2.80
2007.05.14 20:22:19.412,1.9788,1.97895,9.30,2.40
2007.05.14 20:22:19.469,1.9788,1.979,9.30,20.40
2007.05.14 20:22:19.600,1.9788,1.9791,9.30,30.70
2007.05.14 20:22:19.636,1.9788,1.979,10.10,0.60
2007.05.14 20:22:19.717,1.9788,1.9791,10.10,29.90
2007.05.14 20:22:19.798,1.9788,1.979,10.10,0.90
2007.05.14 20:22:20.939,1.9788,1.97905,10.10,15.60
2007.05.14 20:22:21.980,1.9788,1.97905,10.10,19.60
2007.05.14 20:22:23.091,1.9788,1.979,10.10,0.70
2007.05.14 20:22:23.833,1.9788,1.97905,14.10,15.60
2007.05.14 20:22:24.574,1.9788,1.97905,10.10,19.60
2007.05.14 20:22:24.834,1.9788,1.979,14.10,0.70
2007.05.14 20:22:39.382,1.9788,1.9791,14.10,25.90
2007.05.14 20:22:39.970,1.9788,1.979,14.10,0.50
2007.05.14 20:22:49.547,1.9788,1.979,14.10,15.60
2007.05.14 20:22:49.795,1.9788,1.979,14.10,13.20
2007.05.14 20:22:53.872,1.9788,1.979,4.00,13.20
2007.05.14 20:22:55.639,1.9789,1.979,0.20,13.20
2007.05.14 20:22:59.480,1.9789,1.979,0.20,15.60
2007.05.14 20:22:59.746,1.9789,1.979,0.20,13.20
2007.05.14 20:23:09.401,1.9788,1.979,14.30,15.60
2007.05.14 20:23:09.663,1.9788,1.979,14.30,13.20
2007.05.14 20:23:19.567,1.9788,1.979,14.30,15.60
2007.05.14 20:23:19.827,1.9789,1.979,0.20,13.20
2007.05.14 20:23:43.778,1.9789,1.979,0.20,14.00
2007.05.14 20:23:44.305,1.9789,1.979,0.20,13.20
2007.05.14 20:23:44.703,1.9789,1.979,0.20,14.00
2007.05.14 20:23:45.308,1.9789,1.979,0.20,13.20
2007.05.14 20:23:45.724,1.9789,1.979,0.20,14.00
2007.05.14 20:23:46.251,1.9789,1.979,0.20,13.20
2007.05.14 20:23:46.925,1.9789,1.979,0.20,14.00
2007.05.14 20:23:47.361,1.9789,1.979,0.20,13.20
2007.05.14 20:23:49.789,1.9789,1.979,0.20,14.00
2007.05.14 20:23:50.274,1.9789,1.979,0.20,13.20
2007.05.14 20:23:50.689,1.9789,1.979,0.20,14.00
2007.05.14 20:23:51.204,1.9789,1.979,0.20,13.20
2007.05.14 20:23:51.714,1.9789,1.979,0.20,14.00
2007.05.14 20:23:52.221,1.9789,1.979,0.20,13.20
2007.05.14 20:23:52.736,1.9789,1.979,0.20,14.00
2007.05.14 20:23:53.220,1.9789,1.979,0.20,13.20
2007.05.14 20:23:59.431,1.9789,1.979,0.20,16.40
2007.05.14 20:23:59.623,1.9789,1.979,0.20,20.80
2007.05.14 20:23:59.631,1.9788,1.9789,7.30,6.80
2007.05.14 20:23:59.696,1.9788,1.9789,7.30,6.80
2007.05.14 20:24:00.092,1.9789,1.979,0.30,16.80
2007.05.14 20:24:01.144,1.9787,1.9788,24.80,4.00
2007.05.14 20:24:01.835,1.9788,1.9789,0.90,10.80
2007.05.14 20:24:03.044,1.9789,1.979,0.30,9.60
2007.05.14 20:24:03.102,1.9789,1.979,0.30,13.60
2007.05.14 20:24:03.269,1.9789,1.979,0.30,15.60
2007.05.14 20:24:03.275,1.9788,1.9789,10.40,4.00
2007.05.14 20:24:03.748,1.9789,1.979,0.30,17.20
2007.05.14 20:24:04.589,1.9788,1.979,10.40,13.20
2007.05.14 20:24:31.057,1.9789,1.979,0.30,17.20
2007.05.14 20:24:31.589,1.9788,1.979,14.40,13.20
2007.05.14 20:25:14.237,1.9789,1.979,0.30,14.00
2007.05.14 20:25:17.252,1.9789,1.979,0.30,18.00
2007.05.14 20:25:17.846,1.9789,1.979,0.30,14.00
2007.05.14 20:25:20.643,1.9789,1.979,0.30,13.20
2007.05.14 20:25:22.596,1.9788,1.9789,9.30,4.00
2007.05.14 20:25:23.355,1.9789,1.979,0.30,13.30
2007.05.14 20:25:28.721,1.9789,1.979,0.30,9.30
2007.05.14 20:25:28.796,1.9789,1.979,0.30,5.20
2007.05.14 20:25:29.237,1.9789,1.979,0.30,2.80
2007.05.14 20:25:32.701,1.9789,1.979,6.60,2.80
2007.05.14 20:25:32.768,1.9789,1.9791,9.40,21.30
2007.05.14 20:25:32.810,1.9789,1.9791,9.40,20.50
2007.05.14 20:25:32.936,1.9789,1.9791,9.40,18.10
2007.05.14 20:25:33.297,1.9789,1.9791,9.40,14.10
2007.05.14 20:25:34.580,1.9789,1.9791,9.40,18.10
2007.05.14 20:25:35.374,1.9789,1.9791,9.40,14.10
2007.05.14 20:25:36.836,1.9789,1.9791,9.40,0.90
2007.05.14 20:25:47.140,1.9789,1.97915,9.40,20.50
2007.05.14 20:25:47.826,1.9789,1.97915,9.40,16.50
2007.05.14 20:25:53.778,1.9789,1.97915,13.40,16.50
2007.05.14 20:26:03.298,1.9789,1.97915,21.40,12.50
2007.05.14 20:26:03.847,1.9789,1.9791,21.40,0.90
2007.05.14 20:26:06.058,1.9789,1.9792,25.40,28.90
2007.05.14 20:26:06.088,1.9789,1.9792,21.40,32.90
2007.05.14 20:26:06.775,1.9789,1.9792,23.80,32.90
2007.05.14 20:26:07.354,1.9789,1.9791,27.80,0.70
2007.05.14 20:26:24.841,1.97895,1.9791,2.40,0.60
2007.05.14 20:26:24.842,1.979,1.9791,6.40,0.80
2007.05.14 20:26:24.973,1.979,1.9792,6.40,20.90
2007.05.14 20:26:25.149,1.979,1.9791,9.20,0.20
2007.05.14 20:26:27.795,1.979,1.9791,9.20,0.80
2007.05.14 20:26:28.082,1.979,1.9792,9.20,17.00
2007.05.14 20:26:35.782,1.979,1.9792,11.50,14.80
2007.05.14 20:26:35.804,1.979,1.9792,12.30,14.00
2007.05.14 20:26:35.825,1.979,1.9792,12.30,13.20
2007.05.14 20:26:35.899,1.979,1.9792,20.30,9.20
2007.05.14 20:26:35.923,1.979,1.9792,24.30,2.80
2007.05.14 20:26:36.286,1.979,1.9793,24.30,21.20
2007.05.14 20:26:36.298,1.979,1.9793,24.30,18.00
2007.05.14 20:26:36.299,1.979,1.9793,24.30,14.00
2007.05.14 20:26:36.391,1.979,1.9793,24.30,10.40
2007.05.14 20:26:36.530,1.979,1.9793,26.70,8.00
2007.05.14 20:26:36.807,1.979,1.9793,30.70,4.00
2007.05.14 20:26:36.812,1.979,1.9793,28.30,4.00
2007.05.14 20:26:37.258,1.979,1.9793,29.10,4.00
2007.05.14 20:26:37.303,1.97905,1.9793,4.00,4.00
2007.05.14 20:26:37.325,1.9792,1.9793,6.40,4.00
2007.05.14 20:26:37.343,1.9792,1.9793,12.00,4.00
2007.05.14 20:26:37.435,1.9792,1.9794,12.00,25.60
2007.05.14 20:26:37.472,1.9792,1.9794,12.00,18.50
2007.05.14 20:26:37.490,1.9792,1.9794,12.00,17.70
2007.05.14 20:26:37.545,1.9792,1.9794,12.00,14.50
2007.05.14 20:26:37.755,1.9792,1.9794,11.20,14.50
2007.05.14 20:26:37.886,1.9792,1.9794,16.70,11.30
2007.05.14 20:26:37.912,1.9792,1.9794,16.70,8.90
2007.05.14 20:26:37.962,1.9791,1.9792,15.20,4.00
2007.05.14 20:26:38.140,1.9792,1.9794,16.70,4.90
2007.05.14 20:26:38.277,1.9792,1.9794,13.50,4.90
2007.05.14 20:26:39.240,1.9792,1.9794,14.30,4.90
2007.05.14 20:26:39.386,1.9792,1.9794,14.30,4.10
2007.05.14 20:26:39.394,1.9792,1.9794,23.10,4.00
2007.05.14 20:26:39.405,1.9792,1.9794,27.10,4.00
2007.05.14 20:26:39.483,1.9793,1.9794,6.40,4.00
2007.05.14 20:26:39.554,1.9793,1.9795,6.40,18.30
2007.05.14 20:26:39.710,1.9793,1.9795,9.20,21.10
2007.05.14 20:26:39.828,1.9793,1.97935,9.20,2.40
2007.05.14 20:26:39.873,1.9793,1.97935,5.20,2.40
2007.05.14 20:26:39.994,1.9792,1.9793,8.00,7.20
2007.05.14 20:26:40.091,1.9791,1.9793,22.80,14.00
2007.05.14 20:26:40.107,1.9791,1.9793,22.00,14.00
2007.05.14 20:26:40.127,1.979,1.9793,40.30,14.00
2007.05.14 20:26:40.135,1.9791,1.9793,5.80,14.00
2007.05.14 20:26:40.375,1.9791,1.9793,2.20,14.00
2007.05.14 20:26:40.386,1.9791,1.9793,2.10,14.00
2007.05.14 20:26:40.776,1.979,1.9793,37.90,14.00
2007.05.14 20:26:40.898,1.979,1.9792,33.90,4.00
2007.05.14 20:26:41.016,1.979,1.9792,5.70,4.00
2007.05.14 20:26:41.383,1.9789,1.9792,51.40,4.00
2007.05.14 20:26:41.440,1.979,1.9793,16.30,10.00
2007.05.14 20:26:41.509,1.9789,1.9793,50.60,4.00
2007.05.14 20:26:41.779,1.9792,1.9793,0.70,4.00
2007.05.14 20:26:41.825,1.979,1.9793,33.90,4.00
2007.05.14 20:26:41.849,1.9789,1.9793,50.60,8.00
2007.05.14 20:26:42.582,1.9789,1.9792,46.60,4.00
2007.05.14 20:26:43.104,1.9789,1.9793,50.60,4.00
2007.05.14 20:26:43.829,1.9792,1.9793,0.90,4.00
2007.05.14 20:26:44.085,1.9789,1.9793,50.60,8.00
2007.05.14 20:26:45.589,1.9789,1.9793,50.60,4.00
2007.05.14 20:26:47.562,1.979,1.9793,2.90,4.00
2007.05.14 20:26:51.758,1.9789,1.9793,51.80,4.80
2007.05.14 20:26:51.887,1.9789,1.9793,42.20,4.80
2007.05.14 20:26:51.945,1.979,1.9793,4.10,7.20
2007.05.14 20:26:51.946,1.979,1.9793,8.30,14.00
2007.05.14 20:26:52.055,1.979,1.9793,7.20,16.40
2007.05.14 20:26:53.104,1.979,1.9791,7.50,4.00
2007.05.14 20:26:53.620,1.979,1.9793,6.60,20.40
2007.05.14 20:26:54.370,1.9789,1.9793,37.90,16.40
2007.05.14 20:26:56.317,1.9789,1.9793,38.70,20.40
2007.05.14 20:26:58.838,1.979,1.9793,9.80,20.40
2007.05.14 20:26:58.868,1.9791,1.9793,2.40,20.40
2007.05.14 20:27:01.123,1.9791,1.9793,2.30,16.40
2007.05.14 20:27:02.298,1.9789,1.9793,45.90,16.40
2007.05.14 20:27:02.331,1.9789,1.9793,42.60,16.40
2007.05.14 20:27:04.200,1.9789,1.9793,42.60,20.40
2007.05.14 20:27:07.802,1.979,1.9793,28.30,16.40
2007.05.14 20:27:12.941,1.979,1.9793,27.50,16.40
2007.05.14 20:27:13.075,1.979,1.9793,23.50,20.40
2007.05.14 20:27:13.153,1.979,1.9793,23.50,20.50
2007.05.14 20:27:13.187,1.979,1.97925,23.50,2.40
2007.05.14 20:27:30.471,1.979,1.97925,27.50,2.40
2007.05.14 20:27:30.822,1.979,1.97925,23.50,2.40
2007.05.14 20:27:44.980,1.979,1.9793,23.50,20.40
2007.05.14 20:28:01.152,1.979,1.9792,23.50,2.80
2007.05.14 20:28:02.173,1.979,1.97925,23.50,2.40
2007.05.14 20:28:02.264,1.979,1.9793,23.50,20.40
2007.05.14 20:28:04.127,1.979,1.9793,27.50,16.40
2007.05.14 20:28:04.151,1.979,1.9793,23.50,20.40
2007.05.14 20:28:04.726,1.979,1.9793,23.50,20.50
2007.05.14 20:28:06.638,1.979,1.9793,23.50,20.40
2007.05.14 20:28:15.106,1.979,1.9793,27.50,16.40
2007.05.14 20:28:19.416,1.979,1.9793,27.50,16.50
2007.05.14 20:28:19.627,1.979,1.9793,27.50,16.40
2007.05.14 20:28:20.594,1.979,1.9793,23.50,20.40
2007.05.14 20:28:26.926,1.979,1.9793,23.50,23.60
2007.05.14 20:28:27.024,1.979,1.9792,19.50,4.00
2007.05.14 20:28:27.033,1.979,1.9792,17.20,4.00
2007.05.14 20:28:27.176,1.979,1.9792,9.20,10.80
2007.05.14 20:28:27.498,1.979,1.9792,9.20,13.20
2007.05.14 20:28:28.661,1.979,1.97925,9.20,15.60
2007.05.14 20:28:34.823,1.979,1.9792,9.30,0.80
2007.05.14 20:28:35.028,1.979,1.97925,12.50,15.60
2007.05.14 20:28:35.171,1.979,1.9793,19.60,28.40
2007.05.14 20:28:35.229,1.979,1.9793,18.80,29.20
2007.05.14 20:28:35.629,1.979,1.9792,18.80,0.80
2007.05.14 20:28:35.792,1.979,1.9793,18.80,29.20
2007.05.14 20:28:36.069,1.979,1.9793,19.60,29.20
2007.05.14 20:28:36.473,1.979,1.9792,18.80,0.70
2007.05.14 20:28:50.293,1.979,1.9793,18.80,29.20
2007.05.14 20:29:01.078,1.979,1.9792,22.80,7.60
2007.05.14 20:29:13.919,1.979,1.9792,22.70,7.60
2007.05.14 20:29:31.131,1.979,1.9792,23.50,7.60
2007.05.14 20:30:11.329,1.979,1.9792,19.50,7.60
2007.05.14 20:30:15.545,1.979,1.9792,19.70,7.60
2007.05.14 20:30:33.582,1.979,1.9792,23.70,7.60
2007.05.14 20:30:36.207,1.979,1.9792,24.50,7.60
2007.05.14 20:30:56.355,1.9791,1.9792,0.80,6.80
2007.05.14 20:30:56.378,1.9791,1.9792,7.20,6.00
2007.05.14 20:30:56.429,1.9791,1.9792,7.20,2.00
2007.05.14 20:30:56.459,1.9791,1.9793,9.20,16.40
2007.05.14 20:30:56.651,1.9791,1.9793,9.20,14.00
2007.05.14 20:30:58.595,1.9791,1.9793,9.20,18.00
2007.05.14 20:31:00.845,1.9791,1.9793,9.20,14.00
2007.05.14 20:31:16.538,1.9791,1.9793,9.20,16.40
2007.05.14 20:31:16.760,1.9791,1.9793,9.20,14.00
2007.05.14 20:31:24.285,1.9791,1.9793,13.20,14.00
2007.05.14 20:31:26.418,1.9791,1.9793,13.20,16.40
2007.05.14 20:31:26.668,1.9791,1.9793,13.20,14.00
2007.05.14 20:31:36.333,1.9791,1.9793,13.20,16.40
2007.05.14 20:31:36.853,1.9791,1.9793,13.20,14.00
2007.05.14 20:31:57.419,1.9791,1.9793,18.00,6.80
2007.05.14 20:31:57.445,1.9791,1.9793,28.30,2.00
2007.05.14 20:31:57.566,1.9791,1.9794,28.30,16.40
2007.05.14 20:31:57.949,1.9791,1.9794,28.30,13.20
2007.05.14 20:31:57.957,1.9791,1.9794,33.90,6.40
2007.05.14 20:31:57.965,1.9791,1.9794,33.90,4.00
2007.05.14 20:31:59.234,1.9791,1.9793,29.90,4.00
2007.05.14 20:31:59.260,1.9791,1.9794,33.90,4.00
2007.05.14 20:32:04.867,1.9792,1.9794,4.00,4.00
2007.05.14 20:32:04.875,1.9792,1.9794,4.00,4.80
2007.05.14 20:32:04.968,1.9792,1.9794,8.00,4.80
2007.05.14 20:32:04.987,1.9792,1.9794,13.10,4.80
2007.05.14 20:32:05.384,1.9792,1.9794,16.30,4.00
2007.05.14 20:32:07.240,1.9792,1.9795,16.30,30.70
2007.05.14 20:32:07.432,1.9792,1.9794,16.30,0.50
2007.05.14 20:32:07.963,1.9792,1.9795,20.50,27.50
2007.05.14 20:32:08.026,1.9793,1.9794,4.00,0.50
2007.05.14 20:32:08.088,1.9793,1.9795,4.80,23.50
2007.05.14 20:32:08.174,1.9793,1.9795,6.80,23.50
2007.05.14 20:32:08.596,1.9793,1.9795,6.80,0.60
2007.05.14 20:32:08.618,1.9793,1.9796,9.20,38.40
2007.05.14 20:32:08.998,1.9793,1.9796,9.20,38.20
2007.05.14 20:32:10.597,1.9793,1.9796,9.20,38.20
2007.05.14 20:32:11.357,1.9793,1.9796,9.20,38.20
2007.05.14 20:32:17.487,1.9793,1.9796,9.20,37.40
2007.05.14 20:32:17.488,1.9793,1.9796,9.20,37.30
2007.05.14 20:32:17.534,1.9793,1.9795,9.20,0.50
2007.05.14 20:32:17.585,1.9793,1.9796,9.20,31.70
2007.05.14 20:32:17.834,1.9793,1.97955,9.20,16.40
2007.05.14 20:32:17.965,1.9793,1.97955,13.20,11.60
2007.05.14 20:32:17.996,1.9793,1.97955,14.00,8.40
2007.05.14 20:32:18.119,1.9793,1.9795,16.30,0.90
2007.05.14 20:32:18.510,1.9793,1.9796,26.00,13.60
2007.05.14 20:32:18.517,1.9793,1.9797,30.00,35.10
2007.05.14 20:32:18.603,1.9793,1.9797,30.00,30.30
2007.05.14 20:32:19.061,1.9793,1.9797,34.00,30.30
2007.05.14 20:32:19.601,1.9793,1.9797,30.00,30.30
2007.05.14 20:32:22.283,1.9794,1.9797,25.20,28.40
2007.05.14 20:32:22.877,1.9794,1.9797,29.20,24.40
2007.05.14 20:32:23.318,1.9794,1.9797,25.20,28.40
2007.05.14 20:32:23.853,1.9795,1.9797,4.00,24.40
2007.05.14 20:32:24.698,1.9795,1.9796,4.00,5.20
2007.05.14 20:32:24.744,1.9794,1.9796,13.50,5.20
2007.05.14 20:32:24.747,1.9794,1.9795,11.10,0.20
2007.05.14 20:32:24.878,1.9794,1.9797,11.10,27.40
2007.05.14 20:32:24.918,1.9794,1.9796,8.70,8.20
2007.05.14 20:32:24.979,1.9794,1.9795,8.70,3.20
2007.05.14 20:32:25.003,1.9794,1.97945,6.40,0.60
2007.05.14 20:32:25.026,1.9793,1.9794,12.00,4.00
2007.05.14 20:32:25.115,1.9793,1.9794,4.00,7.60
2007.05.14 20:32:25.200,1.9793,1.9794,4.00,8.40
2007.05.14 20:32:25.333,1.9791,1.9792,8.90,0.70
2007.05.14 20:32:25.392,1.9794,1.97945,4.00,2.40
2007.05.14 20:32:25.609,1.9791,1.9793,8.00,7.60
2007.05.14 20:32:25.715,1.9791,1.9793,4.00,7.60
2007.05.14 20:32:26.697,1.979,1.9793,7.20,14.00
2007.05.14 20:32:26.746,1.9792,1.9793,4.00,14.00
2007.05.14 20:32:26.759,1.9792,1.9793,4.00,15.00
2007.05.14 20:32:26.918,1.979,1.9792,3.20,10.80
2007.05.14 20:32:26.968,1.979,1.9792,3.20,14.00
2007.05.14 20:32:27.091,1.979,1.9791,3.20,7.20
2007.05.14 20:32:27.170,1.979,1.9791,3.20,11.70
2007.05.14 20:32:27.325,1.9791,1.97915,4.00,4.00
2007.05.14 20:32:27.378,1.9788,1.9791,11.30,17.30
2007.05.14 20:32:28.514,1.9789,1.979,4.00,0.50
2007.05.14 20:32:28.538,1.9788,1.9791,15.30,17.30
2007.05.14 20:32:28.810,1.9788,1.9791,11.30,21.30
2007.05.14 20:32:29.104,1.9788,1.9791,15.30,17.30
2007.05.14 20:32:29.934,1.9788,1.9791,19.30,11.20
2007.05.14 20:32:30.087,1.9788,1.9791,23.30,7.20
2007.05.14 20:32:30.100,1.9788,1.9791,24.10,7.20
2007.05.14 20:32:30.130,1.9789,1.9791,2.40,0.60
2007.05.14 20:32:30.211,1.9789,1.9792,2.50,27.10
2007.05.14 20:32:30.396,1.9789,1.9791,2.50,0.70
2007.05.14 20:32:30.578,1.9789,1.9792,4.80,18.40
2007.05.14 20:32:31.092,1.9789,1.9791,2.40,0.70
2007.05.14 20:32:32.131,1.9789,1.9791,2.40,0.50
2007.05.14 20:32:33.026,1.9789,1.9792,7.90,8.00
2007.05.14 20:32:33.302,1.9789,1.9792,15.10,8.00
2007.05.14 20:32:35.760,1.979,1.9793,4.00,11.60
2007.05.14 20:32:36.337,1.9789,1.9792,15.10,8.00
2007.05.14 20:32:36.463,1.979,1.9791,0.30,0.80
2007.05.14 20:32:36.491,1.979,1.9793,0.30,14.80
2007.05.14 20:32:36.569,1.979,1.9793,0.20,14.80
2007.05.14 20:32:36.650,1.979,1.9792,0.20,0.90
2007.05.14 20:32:37.592,1.979,1.9792,0.20,6.80
2007.05.14 20:32:38.324,1.979,1.9792,0.20,10.80
2007.05.14 20:32:39.716,1.979,1.9792,0.20,6.80
2007.05.14 20:32:39.727,1.979,1.9792,0.20,10.80
2007.05.14 20:32:39.752,1.979,1.9792,0.20,6.80
2007.05.14 20:32:41.127,1.979,1.9792,0.20,10.80
2007.05.14 20:32:42.521,1.979,1.9792,3.30,10.80
2007.05.14 20:32:42.573,1.979,1.9792,21.30,10.80
2007.05.14 20:32:42.612,1.979,1.9792,25.30,6.80
2007.05.14 20:32:42.993,1.9791,1.9792,2.40,6.80
2007.05.14 20:32:43.823,1.9791,1.9792,2.40,2.80
2007.05.14 20:32:45.847,1.9791,1.9792,6.40,2.80
2007.05.14 20:32:47.047,1.9791,1.9792,4.00,2.80
2007.05.14 20:32:47.805,1.979,1.9791,26.00,4.00
2007.05.14 20:32:48.845,1.979,1.9792,26.00,6.80
2007.05.14 20:32:49.071,1.979,1.9792,26.10,6.80
2007.05.14 20:32:49.090,1.9791,1.9792,2.40,6.80
2007.05.14 20:32:50.813,1.9791,1.9792,2.40,2.80
2007.05.14 20:32:53.035,1.9791,1.9792,3.20,2.80
2007.05.14 20:32:53.093,1.9791,1.9792,6.40,2.80
2007.05.14 20:32:53.201,1.9791,1.9793,14.80,14.00
2007.05.14 20:32:53.223,1.9791,1.9793,14.80,11.60
2007.05.14 20:32:53.560,1.9791,1.9793,14.80,9.20
2007.05.14 20:32:53.978,1.9791,1.9793,15.60,9.20
2007.05.14 20:32:54.349,1.9791,1.9793,19.60,9.20
2007.05.14 20:32:54.813,1.9791,1.9793,15.60,13.20
2007.05.14 20:32:55.086,1.9791,1.9793,15.60,9.20
2007.05.14 20:32:55.588,1.9791,1.9793,19.60,9.20
2007.05.14 20:32:57.532,1.9792,1.9793,2.40,9.20
2007.05.14 20:32:57.639,1.9792,1.9793,2.40,5.20
2007.05.14 20:32:58.798,1.9792,1.9793,2.40,9.20
2007.05.14 20:32:59.815,1.9792,1.9793,2.40,5.20
2007.05.14 20:33:23.528,1.9792,1.9793,5.60,5.20
2007.05.14 20:33:23.647,1.9792,1.9793,9.60,5.20
2007.05.14 20:33:23.667,1.9792,1.9793,15.20,5.20
2007.05.14 20:33:23.749,1.9792,1.9793,22.00,2.40
2007.05.14 20:33:24.035,1.9792,1.9793,22.80,2.40
2007.05.14 20:33:24.140,1.9792,1.9793,25.10,2.40
2007.05.14 20:33:24.163,1.9793,1.9794,2.40,2.80
2007.05.14 20:33:25.084,1.9793,1.9794,6.40,2.80
2007.05.14 20:33:25.167,1.9793,1.9794,14.40,2.80
2007.05.14 20:33:25.311,1.9793,1.9795,14.40,10.10
2007.05.14 20:33:25.318,1.9793,1.9795,14.40,7.70
2007.05.14 20:33:25.852,1.9793,1.9795,14.40,3.70
2007.05.14 20:33:27.098,1.9793,1.9795,14.40,7.70
2007.05.14 20:33:27.119,1.9793,1.9795,14.40,3.70
2007.05.14 20:33:27.272,1.9793,1.9795,14.40,3.80
2007.05.14 20:33:28.536,1.9793,1.9795,15.20,3.00
2007.05.14 20:33:28.646,1.9794,1.9795,6.40,3.00
2007.05.14 20:33:28.687,1.9794,1.9795,9.60,3.00
2007.05.14 20:33:28.762,1.9794,1.9796,22.00,10.00
2007.05.14 20:33:29.046,1.9794,1.9796,22.80,9.20
2007.05.14 20:33:29.115,1.9794,1.9796,25.10,9.20
2007.05.14 20:33:29.168,1.9795,1.9796,2.40,6.80
2007.05.14 20:33:29.273,1.9794,1.9795,24.00,0.20
2007.05.14 20:33:33.642,1.9795,1.9796,2.40,8.30
2007.05.14 20:33:33.763,1.9794,1.9795,11.30,7.40
2007.05.14 20:33:33.934,1.9794,1.9795,3.30,11.40
2007.05.14 20:33:33.968,1.9794,1.9795,0.40,14.20
2007.05.14 20:33:34.224,1.9794,1.9795,0.40,16.60
2007.05.14 20:33:34.233,1.9794,1.9795,0.40,15.80
2007.05.14 20:33:34.293,1.9793,1.9794,8.30,2.80
2007.05.14 20:33:34.348,1.9793,1.9794,7.50,2.80
2007.05.14 20:33:34.693,1.9793,1.9795,11.50,11.80
2007.05.14 20:33:34.727,1.9793,1.9795,11.50,9.40
2007.05.14 20:33:34.736,1.9793,1.9795,11.50,7.00
2007.05.14 20:33:35.156,1.9794,1.9795,4.00,7.00
2007.05.14 20:33:35.306,1.9794,1.9795,4.30,7.00
2007.05.14 20:33:35.637,1.9794,1.9795,4.30,6.20
2007.05.14 20:33:35.691,1.9794,1.9795,4.30,2.20
2007.05.14 20:33:35.750,1.9794,1.9795,4.30,0.20
2007.05.14 20:33:36.122,1.9794,1.9795,4.00,0.20
2007.05.14 20:33:36.336,1.9793,1.9795,17.50,4.20
2007.05.14 20:33:36.589,1.9794,1.9795,0.80,4.20
2007.05.14 20:33:36.668,1.9794,1.9795,15.90,4.20
2007.05.14 20:33:36.690,1.9794,1.9795,22.30,4.20
2007.05.14 20:33:36.771,1.9794,1.9795,25.10,4.20
2007.05.14 20:33:37.181,1.9795,1.9796,2.40,2.80
2007.05.14 20:33:38.486,1.9794,1.9795,23.50,0.20
2007.05.14 20:33:38.927,1.9794,1.9796,23.50,7.00
2007.05.14 20:33:54.799,1.9795,1.9796,6.40,3.00
2007.05.14 20:34:15.238,1.9795,1.9796,8.60,2.80
2007.05.14 20:34:22.573,1.9795,1.9796,4.60,2.80
2007.05.14 20:34:27.193,1.9795,1.9796,4.60,3.60
2007.05.14 20:34:27.311,1.9794,1.9795,23.50,9.60
2007.05.14 20:34:27.336,1.9794,1.9795,6.80,14.40
2007.05.14 20:34:27.388,1.9794,1.9795,6.00,14.40
2007.05.14 20:34:27.400,1.9794,1.9795,4.00,16.40
2007.05.14 20:34:27.702,1.9794,1.9795,4.00,15.60
2007.05.14 20:34:27.714,1.9793,1.9794,3.20,2.80
2007.05.14 20:34:28.078,1.9793,1.9794,7.20,2.80
2007.05.14 20:34:28.236,1.9793,1.9794,11.20,2.80
2007.05.14 20:34:28.280,1.9793,1.9794,19.20,2.80
2007.05.14 20:34:28.752,1.9793,1.9794,15.20,2.80
2007.05.14 20:34:28.765,1.9793,1.9794,7.20,2.80
2007.05.14 20:34:29.167,1.9794,1.9795,0.80,10.40
2007.05.14 20:34:29.294,1.9793,1.9794,16.00,2.00
2007.05.14 20:34:29.460,1.9794,1.9795,0.80,13.20
2007.05.14 20:34:29.653,1.9793,1.9795,14.00,13.20
2007.05.14 20:34:29.744,1.9793,1.9795,13.20,11.60
2007.05.14 20:34:30.174,1.9794,1.9795,0.80,10.80
2007.05.14 20:34:30.210,1.9794,1.9795,1.60,10.80
2007.05.14 20:34:30.242,1.9794,1.9795,1.60,6.80
2007.05.14 20:34:30.267,1.9794,1.9795,4.00,2.80
2007.05.14 20:34:30.302,1.9794,1.9796,11.60,15.60
2007.05.14 20:34:30.437,1.9794,1.9796,11.60,13.20
2007.05.14 20:34:30.444,1.9794,1.9796,11.60,10.80
2007.05.14 20:34:30.595,1.9794,1.9796,11.60,6.80
2007.05.14 20:34:30.717,1.9795,1.9796,2.80,4.00
2007.05.14 20:34:30.786,1.9795,1.9797,5.20,20.40
2007.05.14 20:34:31.310,1.9795,1.9797,5.20,16.40
2007.05.14 20:34:32.332,1.9795,1.9797,5.20,20.40
2007.05.14 20:34:33.091,1.9795,1.9797,5.20,16.40
2007.05.14 20:35:03.331,1.9795,1.9797,5.20,20.40
2007.05.14 20:35:17.007,1.9795,1.9797,5.20,16.40
2007.05.14 20:35:18.730,1.9795,1.9797,5.20,15.60
2007.05.14 20:35:19.218,1.9795,1.9797,5.20,14.80
2007.05.14 20:35:24.467,1.9795,1.9797,5.20,14.00
2007.05.14 20:35:28.455,1.97945,1.9797,7.60,14.00
2007.05.14 20:35:55.865,1.97945,1.9797,7.80,14.00
2007.05.14 20:36:01.428,1.9795,1.9797,3.00,14.00
2007.05.14 20:36:01.449,1.9795,1.9797,0.30,14.00
2007.05.14 20:36:01.451,1.9795,1.9797,0.30,16.40
2007.05.14 20:36:01.580,1.9795,1.9797,0.30,18.70
2007.05.14 20:36:02.614,1.9795,1.9797,0.30,22.70
2007.05.14 20:36:03.096,1.9795,1.9797,0.30,18.70
2007.05.14 20:36:04.853,1.9795,1.9796,0.30,4.00
2007.05.14 20:36:05.790,1.9795,1.9796,1.00,4.00
2007.05.14 20:36:05.984,1.9795,1.9796,7.80,4.00
2007.05.14 20:36:06.495,1.9795,1.9796,10.20,4.00
2007.05.14 20:36:06.832,1.9795,1.9797,10.20,15.60
2007.05.14 20:36:07.391,1.9795,1.9796,10.20,4.00
2007.05.14 20:36:07.604,1.9795,1.9797,10.20,15.60
2007.05.14 20:36:08.277,1.9795,1.9797,10.20,11.60
2007.05.14 20:36:09.991,1.9795,1.9797,10.20,11.70
2007.05.14 20:36:10.210,1.9795,1.9797,10.20,11.60
2007.05.14 20:36:10.340,1.9795,1.9797,10.20,11.70
2007.05.14 20:36:12.196,1.9795,1.9797,10.20,11.60
2007.05.14 20:36:12.221,1.9795,1.9797,10.20,15.60
2007.05.14 20:36:12.462,1.9795,1.9797,10.20,11.60
2007.05.14 20:36:12.498,1.9795,1.9797,10.20,15.60
2007.05.14 20:36:13.415,1.9795,1.9797,10.00,15.60
2007.05.14 20:36:13.847,1.9795,1.9797,10.00,11.60
2007.05.14 20:36:21.427,1.9795,1.9797,10.00,15.60
2007.05.14 20:36:22.819,1.9795,1.9797,10.00,15.70
2007.05.14 20:36:23.460,1.9795,1.9797,10.00,11.70
2007.05.14 20:36:24.593,1.9795,1.9797,10.00,15.70
2007.05.14 20:36:28.814,1.9795,1.9797,10.00,0.50
2007.05.14 20:36:30.432,1.9795,1.9797,10.00,0.80
2007.05.14 20:36:30.634,1.9795,1.97975,10.00,18.10
2007.05.14 20:36:31.374,1.9795,1.97975,10.00,18.90
2007.05.14 20:36:31.576,1.9795,1.97975,10.00,14.90
2007.05.14 20:36:39.437,1.9795,1.97975,10.00,14.80
2007.05.14 20:36:52.746,1.9795,1.97975,10.00,14.90
2007.05.14 20:37:03.174,1.9795,1.9797,10.00,8.50
2007.05.14 20:37:14.870,1.9795,1.9797,10.00,9.30
2007.05.14 20:37:19.935,1.9795,1.9797,10.00,13.20
2007.05.14 20:37:20.039,1.9795,1.9797,6.00,21.10
2007.05.14 20:37:20.113,1.9795,1.9796,2.80,4.00
2007.05.14 20:37:20.139,1.97945,1.9796,2.40,4.00
2007.05.14 20:37:20.241,1.9794,1.9796,16.40,4.00
2007.05.14 20:37:21.708,1.9794,1.9796,12.40,4.00
2007.05.14 20:37:21.729,1.9794,1.9796,12.40,8.00
2007.05.14 20:37:22.457,1.9794,1.9796,16.40,4.00
2007.05.14 20:37:25.164,1.9793,1.9796,41.20,4.00
2007.05.14 20:37:38.109,1.9793,1.9796,41.20,4.00
2007.05.14 20:37:58.112,1.9794,1.9796,12.40,8.00
2007.05.14 20:37:58.841,1.9794,1.9796,16.40,4.00
2007.05.14 20:38:00.072,1.9794,1.9796,16.70,4.00
2007.05.14 20:38:16.042,1.9795,1.9796,0.80,4.00
2007.05.14 20:38:16.173,1.9795,1.9797,0.80,27.50
2007.05.14 20:38:16.233,1.9795,1.9797,7.60,15.60
2007.05.14 20:38:16.294,1.9795,1.9797,7.60,15.70
2007.05.14 20:38:16.397,1.9795,1.9797,7.60,13.30
2007.05.14 20:38:16.758,1.9795,1.9797,10.00,13.30
2007.05.14 20:38:20.226,1.9795,1.9797,10.00,13.20
2007.05.14 20:38:20.855,1.9795,1.9797,9.20,13.20
2007.05.14 20:38:21.437,1.9795,1.97975,9.20,15.60
2007.05.14 20:38:22.596,1.9795,1.97975,9.20,19.60
2007.05.14 20:38:24.067,1.9795,1.9797,12.40,0.80
2007.05.14 20:38:24.092,1.9795,1.97975,16.40,15.60
2007.05.14 20:38:24.127,1.9795,1.97975,16.40,11.60
2007.05.14 20:38:24.190,1.9795,1.97975,21.20,11.60
2007.05.14 20:38:24.217,1.9795,1.97975,25.20,7.60
2007.05.14 20:38:24.261,1.9795,1.9797,27.60,0.90
2007.05.14 20:38:24.730,1.9795,1.9797,27.60,0.70
2007.05.14 20:38:25.596,1.9795,1.9798,23.60,32.30
2007.05.14 20:38:27.582,1.9795,1.9798,27.60,28.30
2007.05.14 20:38:29.093,1.9795,1.9798,23.60,32.30
2007.05.14 20:38:31.122,1.9795,1.97975,21.20,5.20
2007.05.14 20:38:31.285,1.9795,1.97975,21.20,6.00
2007.05.14 20:38:31.425,1.9795,1.97975,21.20,6.90
2007.05.14 20:38:31.528,1.9795,1.97975,21.20,6.80
2007.05.14 20:38:31.619,1.9795,1.97975,21.20,6.90
2007.05.14 20:38:31.827,1.9795,1.97975,21.20,6.80
2007.05.14 20:38:32.051,1.9795,1.97975,21.20,6.90
2007.05.14 20:38:32.062,1.9795,1.97975,22.00,6.10
2007.05.14 20:38:32.135,1.9796,1.97975,4.00,6.10
2007.05.14 20:38:32.191,1.9796,1.97975,6.40,6.10
2007.05.14 20:38:32.259,1.9796,1.9797,6.40,0.60
2007.05.14 20:38:32.600,1.9796,1.9797,6.40,7.60
2007.05.14 20:38:33.362,1.9796,1.97975,6.40,6.00
2007.05.14 20:38:34.532,1.9796,1.9797,6.40,0.90
2007.05.14 20:38:34.676,1.9796,1.97975,7.20,5.20
2007.05.14 20:38:34.761,1.9796,1.97985,10.00,9.20
2007.05.14 20:38:36.230,1.9796,1.9798,14.00,0.60
2007.05.14 20:38:36.279,1.9796,1.9798,18.00,0.70
2007.05.14 20:38:37.421,1.9796,1.97985,22.00,5.20
2007.05.14 20:38:42.094,1.9796,1.9798,21.20,0.80
2007.05.14 20:38:42.225,1.9796,1.97985,14.80,5.20
2007.05.14 20:38:42.230,1.9796,1.9798,6.00,0.60
2007.05.14 20:38:42.394,1.9796,1.97985,4.00,5.20
2007.05.14 20:38:42.419,1.9796,1.97985,4.00,9.20
2007.05.14 20:38:43.075,1.9795,1.97985,31.50,9.20
2007.05.14 20:38:45.378,1.9795,1.9799,31.50,44.00
2007.05.14 20:38:47.092,1.9795,1.9798,27.50,0.80
2007.05.14 20:38:52.742,1.9795,1.9798,27.50,10.80
2007.05.14 20:38:53.162,1.9795,1.9798,27.50,11.60
2007.05.14 20:38:53.190,1.9795,1.9798,24.30,11.60
2007.05.14 20:38:53.248,1.9795,1.9798,24.30,14.00
2007.05.14 20:38:53.269,1.9795,1.9797,20.30,4.00
2007.05.14 20:38:53.273,1.9795,1.9797,12.40,4.00
2007.05.14 20:38:54.108,1.9795,1.9797,12.40,8.00
2007.05.14 20:38:54.603,1.9795,1.9797,12.40,4.00
2007.05.14 20:38:54.678,1.9795,1.9798,12.40,29.90
2007.05.14 20:38:55.269,1.9795,1.9798,10.00,30.00
2007.05.14 20:39:02.367,1.9795,1.9797,14.00,0.50
2007.05.14 20:39:03.406,1.9795,1.9797,16.40,0.70
2007.05.14 20:39:05.207,1.9795,1.9798,14.00,25.90
2007.05.14 20:39:11.719,1.9795,1.9798,13.20,28.30
2007.05.14 20:39:11.776,1.9795,1.9797,13.20,0.60
2007.05.14 20:39:11.797,1.9795,1.9796,13.20,0.70
2007.05.14 20:39:11.918,1.9795,1.9796,8.40,0.60
2007.05.14 20:39:11.986,1.9795,1.9797,8.40,30.70
2007.05.14 20:39:12.397,1.9795,1.9797,6.00,31.50
2007.05.14 20:39:12.600,1.9795,1.9796,2.00,0.80
2007.05.14 20:39:13.128,1.9795,1.9797,2.00,33.90
2007.05.14 20:39:13.832,1.9795,1.9797,2.00,29.90
2007.05.14 20:39:15.100,1.9795,1.9796,2.00,0.90
2007.05.14 20:39:20.637,1.9795,1.9797,2.00,29.90
2007.05.14 20:39:22.500,1.9795,1.9796,2.80,0.80
2007.05.14 20:39:24.973,1.9795,1.9796,2.00,4.80
2007.05.14 20:39:59.822,1.9795,1.9796,5.20,0.80
2007.05.14 20:39:59.981,1.9795,1.9797,10.00,10.80
2007.05.14 20:40:00.218,1.9795,1.9797,10.00,6.80
2007.05.14 20:40:00.864,1.9795,1.9797,14.00,6.80
2007.05.14 20:40:02.599,1.9795,1.9797,10.00,6.80
2007.05.14 20:40:02.623,1.9795,1.9797,14.00,6.80
2007.05.14 20:40:03.812,1.9795,1.9797,10.00,6.80
2007.05.14 20:40:12.689,1.9795,1.9797,10.00,4.00
2007.05.14 20:40:12.785,1.9795,1.9797,10.00,4.40
2007.05.14 20:40:13.733,1.9795,1.9797,14.00,4.40
2007.05.14 20:40:14.504,1.9795,1.9797,10.00,4.40
2007.05.14 20:40:20.661,1.9795,1.9797,12.40,4.40
2007.05.14 20:40:22.706,1.9795,1.9797,10.00,4.40
2007.05.14 20:40:24.651,1.9795,1.9797,14.00,4.40
2007.05.14 20:40:30.567,1.9795,1.9797,16.40,4.40
2007.05.14 20:40:32.861,1.9795,1.9797,14.00,4.40
2007.05.14 20:40:34.385,1.9795,1.9797,16.40,4.40
2007.05.14 20:40:39.486,1.9795,1.9797,12.40,4.40
2007.05.14 20:40:40.490,1.9795,1.9798,12.40,33.50
2007.05.14 20:41:00.608,1.9795,1.9798,16.40,29.50
2007.05.14 20:41:10.661,1.9796,1.9797,0.80,4.40
2007.05.14 20:41:10.705,1.9796,1.9797,3.20,4.40
2007.05.14 20:41:10.747,1.9796,1.9797,8.40,4.40
2007.05.14 20:41:11.392,1.9796,1.9797,9.20,4.40
2007.05.14 20:41:16.049,1.9796,1.9797,8.40,4.40
2007.05.14 20:41:16.308,1.9796,1.9797,6.80,4.40
2007.05.14 20:41:17.881,1.9796,1.9797,6.80,6.60
2007.05.14 20:41:17.986,1.9796,1.9797,6.80,7.40
2007.05.14 20:41:18.103,1.9796,1.9797,6.80,8.20
2007.05.14 20:41:18.202,1.9796,1.9797,2.80,8.20
2007.05.14 20:41:18.236,1.9796,1.9797,2.80,9.00
2007.05.14 20:41:18.299,1.9796,1.9797,0.80,8.40
2007.05.14 20:41:18.415,1.9796,1.9797,0.80,13.20
2007.05.14 20:41:18.418,1.9795,1.9797,13.20,13.20
2007.05.14 20:41:18.504,1.9795,1.9797,13.20,16.00
2007.05.14 20:41:18.724,1.9795,1.9797,14.00,15.20
2007.05.14 20:41:19.035,1.9795,1.9797,14.00,17.60
2007.05.14 20:41:19.492,1.9795,1.9796,10.00,4.00
2007.05.14 20:41:19.761,1.9795,1.9796,9.20,4.00
2007.05.14 20:41:20.190,1.9795,1.9797,9.20,22.40
2007.05.14 20:41:20.833,1.9795,1.9797,9.20,18.40
2007.05.14 20:41:46.311,1.9795,1.9796,9.20,0.80
2007.05.14 20:41:46.318,1.9795,1.9796,9.20,1.60
2007.05.14 20:41:46.332,1.9795,1.9796,9.20,2.00
2007.05.14 20:41:46.439,1.9795,1.9796,9.20,2.80
2007.05.14 20:41:46.631,1.9795,1.9796,10.00,2.80
2007.05.14 20:41:46.642,1.9795,1.9796,9.20,3.60
2007.05.14 20:41:46.759,1.9795,1.9796,7.20,5.60
2007.05.14 20:41:47.057,1.9795,1.9796,3.20,5.60
2007.05.14 20:41:47.661,1.9795,1.9796,0.80,5.60
2007.05.14 20:41:48.658,1.9795,1.9796,0.80,9.60
2007.05.14 20:41:50.603,1.9795,1.9796,0.80,5.60
2007.05.14 20:42:05.056,1.97933,1.97948,21.90,1.60
2007.05.14 20:42:05.589,1.97933,1.97943,13.10,12.00
2007.05.14 20:42:06.733,1.97929,1.97944,2.80,1.60
2007.05.14 20:42:06.867,1.97922,1.97947,2.80,1.60
2007.05.14 20:42:07.298,1.97923,1.97943,2.80,1.60
2007.05.14 20:42:10.320,1.97924,1.97944,13.10,8.00
2007.05.14 20:42:11.326,1.97922,1.97942,13.90,8.00
2007.05.14 20:42:11.446,1.9792,1.9794,13.90,12.00
2007.05.14 20:42:11.468,1.97915,1.97935,2.80,1.60
2007.05.14 20:42:13.270,1.97914,1.97934,0.80,4.00
2007.05.14 20:42:18.946,1.97919,1.97934,13.10,8.00
2007.05.14 20:42:19.798,1.97924,1.97934,13.10,4.00
2007.05.14 20:42:20.071,1.97923,1.97938,17.10,4.00
2007.05.14 20:42:20.248,1.97928,1.97938,5.20,4.00
2007.05.14 20:42:20.258,1.97927,1.97947,2.80,1.60
2007.05.14 20:42:20.368,1.97932,1.97952,13.10,8.00
2007.05.14 20:42:20.757,1.97934,1.97954,2.80,4.00
2007.05.14 20:42:30.831,1.97932,1.97947,2.80,1.60
2007.05.14 20:42:32.078,1.97934,1.97944,2.80,1.60
2007.05.14 20:42:33.233,1.9793,1.97945,13.10,12.00
2007.05.14 20:42:33.297,1.97931,1.97941,13.10,12.00
2007.05.14 20:42:33.300,1.97929,1.97939,2.80,1.60
2007.05.14 20:42:33.322,1.97923,1.97943,17.10,4.00
2007.05.14 20:42:39.819,1.97922,1.97942,21.90,1.60
2007.05.14 20:42:40.230,1.97922,1.97942,13.10,8.00
2007.05.14 20:42:40.489,1.9792,1.9794,16.30,8.00
2007.05.14 20:42:42.318,1.97922,1.97942,13.10,8.00
2007.05.14 20:42:43.320,1.97923,1.97943,13.10,4.00
2007.05.14 20:42:43.337,1.97926,1.97946,13.10,12.00
2007.05.14 20:42:43.416,1.97931,1.97946,13.10,8.00
2007.05.14 20:43:43.262,1.9792,1.97935,5.20,1.60
2007.05.14 20:43:43.268,1.97932,1.97942,2.80,1.60
2007.05.14 20:43:43.370,1.97938,1.97948,13.90,12.00
2007.05.14 20:43:43.376,1.97938,1.97948,2.80,1.60
2007.05.14 20:43:57.286,1.9794,1.97944,13.10,8.00
2007.05.14 20:44:04.583,1.9795,1.9796,0.80,4.80
2007.05.14 20:44:04.731,1.9795,1.9796,0.80,3.60
2007.05.14 20:44:04.793,1.9795,1.9796,0.80,2.80
2007.05.14 20:44:05.232,1.9795,1.9796,4.80,2.80
2007.05.14 20:44:05.316,1.9795,1.9796,7.20,2.80
2007.05.14 20:44:05.352,1.9795,1.9797,10.00,16.50
2007.05.14 20:44:05.467,1.9795,1.9797,10.00,14.10
2007.05.14 20:44:05.801,1.9795,1.9797,10.00,7.70
2007.05.14 20:44:05.850,1.9795,1.9797,10.00,4.90
2007.05.14 20:44:07.002,1.9795,1.9797,12.40,4.90
2007.05.14 20:44:12.356,1.9795,1.9797,12.40,8.90
2007.05.14 20:44:13.581,1.9795,1.9797,12.00,8.90
2007.05.14 20:44:13.867,1.9795,1.9797,9.60,8.90
2007.05.14 20:44:15.849,1.9795,1.9797,9.60,12.90
2007.05.14 20:44:19.322,1.9795,1.9797,9.60,4.90
2007.05.14 20:44:21.293,1.9795,1.9797,9.60,8.90
2007.05.14 20:44:21.708,1.9795,1.9797,13.60,8.90
2007.05.14 20:44:21.952,1.9795,1.9797,13.60,9.00
2007.05.14 20:44:24.412,1.9795,1.9797,9.60,13.00
2007.05.14 20:44:25.061,1.9795,1.9797,12.00,13.00
2007.05.14 20:44:25.310,1.9795,1.9797,9.60,13.00
2007.05.14 20:44:25.542,1.9795,1.9797,1.90,13.00
2007.05.14 20:44:25.995,1.9795,1.9797,1.50,9.00
2007.05.14 20:44:31.945,1.9795,1.9797,12.00,9.00
2007.05.14 20:44:35.247,1.9795,1.9797,9.60,9.00
2007.05.14 20:44:37.341,1.9795,1.9797,13.60,9.00
2007.05.14 20:44:39.710,1.9795,1.9797,13.60,8.90
2007.05.14 20:44:41.836,1.9795,1.9797,16.00,8.90
2007.05.14 20:44:45.385,1.9795,1.9797,13.60,8.90
2007.05.14 20:44:45.802,1.9795,1.9797,13.60,0.60
2007.05.14 20:44:47.367,1.9795,1.9798,13.60,36.90
2007.05.14 20:44:48.033,1.9795,1.9797,16.00,0.90
2007.05.14 20:44:50.756,1.9795,1.9798,16.00,39.30
2007.05.14 20:44:52.905,1.9795,1.9797,12.00,0.50
2007.05.14 20:44:54.570,1.9795,1.9797,12.00,0.90
2007.05.14 20:44:54.799,1.9795,1.9798,11.20,44.10
2007.05.14 20:44:54.844,1.9795,1.9797,11.20,0.70
2007.05.14 20:44:54.909,1.9795,1.9796,11.20,0.50
2007.05.14 20:44:54.952,1.9795,1.9796,7.20,0.50
2007.05.14 20:44:55.053,1.9795,1.9797,4.80,37.60
2007.05.14 20:44:55.498,1.9795,1.9797,2.40,39.60
2007.05.14 20:44:56.586,1.9795,1.9796,2.40,0.70
2007.05.14 20:44:57.326,1.9795,1.9797,2.40,35.60
2007.05.14 20:45:38.957,1.9795,1.9796,6.40,4.00
2007.05.14 20:45:39.048,1.9795,1.9796,10.40,4.00
2007.05.14 20:45:39.049,1.9795,1.9796,12.80,4.00
2007.05.14 20:45:39.104,1.9795,1.9797,16.80,13.30
2007.05.14 20:45:39.152,1.9795,1.9797,16.80,10.50
2007.05.14 20:45:39.191,1.9795,1.9797,16.80,9.70
2007.05.14 20:45:39.670,1.9795,1.9797,17.60,9.70
2007.05.14 20:45:39.772,1.9795,1.9797,20.00,9.70
2007.05.14 20:45:40.699,1.9795,1.9797,24.00,5.70
2007.05.14 20:45:40.722,1.9795,1.9797,20.00,9.70
2007.05.14 20:45:52.990,1.9795,1.9797,24.00,5.70
2007.05.14 20:46:02.389,1.9795,1.9797,24.00,4.90
2007.05.14 20:46:02.988,1.9795,1.9797,25.60,4.90
2007.05.14 20:46:03.124,1.9795,1.9797,25.60,1.70
2007.05.14 20:46:03.247,1.97955,1.9797,2.40,1.70
2007.05.14 20:46:03.275,1.9796,1.9797,2.80,1.70
2007.05.14 20:46:03.505,1.9796,1.9797,5.20,1.70
2007.05.14 20:46:03.516,1.9796,1.9797,5.20,0.90
2007.05.14 20:46:11.033,1.9796,1.9797,3.20,2.90
2007.05.14 20:46:11.050,1.9796,1.9797,3.20,6.90
2007.05.14 20:46:11.644,1.9796,1.9797,0.80,6.90
2007.05.14 20:46:13.319,1.9796,1.9797,0.80,6.40
2007.05.14 20:46:15.908,1.9796,1.9797,1.60,6.40
2007.05.14 20:46:16.076,1.9796,1.9797,4.00,6.40
2007.05.14 20:46:16.111,1.9796,1.9797,6.00,4.40
2007.05.14 20:46:16.181,1.9796,1.9797,6.00,0.50
2007.05.14 20:46:17.054,1.9796,1.9797,6.00,3.60
2007.05.14 20:46:17.550,1.9796,1.9797,6.00,0.50
2007.05.14 20:46:18.132,1.97955,1.9797,8.40,0.50
2007.05.14 20:46:22.633,1.9797,1.9798,0.60,13.60
2007.05.14 20:46:22.716,1.9796,1.9798,10.50,15.60
2007.05.14 20:46:23.158,1.9797,1.9798,0.50,13.20
2007.05.14 20:46:23.288,1.9796,1.9798,12.10,14.00
2007.05.14 20:46:23.612,1.9797,1.9798,0.50,10.00
2007.05.14 20:46:42.370,1.9797,1.9798,0.50,14.00
2007.05.14 20:46:45.600,1.9795,1.9798,34.00,22.70
2007.05.14 20:46:45.625,1.97955,1.9798,7.60,22.70
2007.05.14 20:46:45.742,1.9796,1.9798,2.10,25.10
2007.05.14 20:46:46.835,1.9796,1.9797,5.20,4.00
2007.05.14 20:46:47.986,1.9796,1.9798,5.20,21.10
2007.05.14 20:46:50.562,1.9796,1.9798,5.20,29.10
2007.05.14 20:46:50.629,1.9796,1.9797,2.80,7.20
2007.05.14 20:46:50.662,1.97955,1.9797,2.40,7.20
2007.05.14 20:46:50.694,1.9795,1.9797,16.40,7.20
2007.05.14 20:46:52.336,1.9795,1.9797,12.40,11.20
2007.05.14 20:46:52.610,1.9795,1.9797,16.40,7.20
2007.05.14 20:46:54.379,1.9795,1.9797,16.40,7.60
2007.05.14 20:46:54.757,1.9795,1.9797,14.00,7.60
2007.05.14 20:46:55.029,1.9795,1.9796,10.00,4.00
2007.05.14 20:46:55.205,1.9795,1.9796,6.80,4.00
2007.05.14 20:46:55.269,1.9794,1.9796,23.60,4.00
2007.05.14 20:46:55.304,1.9793,1.9796,40.30,4.00
2007.05.14 20:46:55.598,1.9793,1.9797,44.30,19.50
2007.05.14 20:46:56.408,1.9794,1.9797,27.60,15.50
2007.05.14 20:46:56.525,1.9794,1.9796,26.80,4.80
2007.05.14 20:46:56.544,1.9794,1.9796,26.80,5.60
2007.05.14 20:46:56.573,1.9794,1.9796,23.60,13.50
2007.05.14 20:46:56.615,1.9794,1.9796,4.90,17.50
2007.05.14 20:46:56.641,1.9794,1.9796,6.50,23.90
2007.05.14 20:46:56.700,1.9793,1.9796,24.40,33.90
2007.05.14 20:46:56.780,1.9794,1.9796,1.30,36.30
2007.05.14 20:46:57.095,1.9794,1.9796,2.80,33.10
2007.05.14 20:46:57.132,1.9793,1.9796,24.40,33.10
2007.05.14 20:46:57.342,1.9793,1.9797,27.20,40.70
2007.05.14 20:46:57.373,1.9793,1.9797,28.40,36.70
2007.05.14 20:46:57.631,1.9793,1.9794,23.80,0.70
2007.05.14 20:47:02.614,1.9795,1.9796,0.60,0.10
2007.05.14 20:47:02.677,1.9794,1.9797,27.60,15.60
2007.05.14 20:47:02.711,1.9794,1.9796,0.80,0.10
2007.05.14 20:47:03.138,1.9793,1.9797,37.90,15.60
2007.05.14 20:47:03.402,1.9793,1.9797,40.30,15.60
2007.05.14 20:47:03.586,1.9793,1.9796,36.30,4.10
2007.05.14 20:47:04.382,1.9793,1.9797,40.30,19.60
2007.05.14 20:47:08.208,1.9793,1.9797,41.10,15.60
2007.05.14 20:47:08.592,1.9793,1.9797,41.20,11.20
2007.05.14 20:47:09.559,1.9794,1.9797,30.80,11.20
2007.05.14 20:47:09.638,1.9795,1.9796,0.50,0.10
2007.05.14 20:47:09.686,1.9795,1.9796,0.50,0.10
2007.05.14 20:47:09.722,1.9794,1.9797,32.40,3.30
2007.05.14 20:47:09.767,1.9795,1.9796,0.90,0.80
2007.05.14 20:47:10.285,1.9795,1.9796,0.60,0.90
2007.05.14 20:47:10.852,1.97945,1.9797,20.40,7.30
2007.05.14 20:47:11.112,1.9795,1.9796,0.70,0.10
2007.05.14 20:47:11.827,1.97945,1.9797,20.40,7.30
2007.05.14 20:47:12.609,1.97945,1.9797,19.60,3.30
2007.05.14 20:47:12.727,1.97945,1.9797,13.20,7.30
2007.05.14 20:47:12.732,1.9794,1.9797,34.00,11.20
2007.05.14 20:47:12.811,1.9794,1.9796,0.70,0.10
2007.05.14 20:47:13.491,1.9794,1.9797,30.00,11.20
2007.05.14 20:47:14.343,1.9794,1.9796,0.80,0.10
2007.05.14 20:47:14.617,1.9794,1.9796,0.70,0.10
2007.05.14 20:47:16.061,1.9794,1.9797,26.80,15.20
2007.05.14 20:47:16.124,1.9794,1.9797,27.60,11.30
2007.05.14 20:47:16.159,1.9794,1.9797,31.60,11.30
2007.05.14 20:47:16.222,1.9794,1.9797,31.50,11.30
2007.05.14 20:47:16.689,1.9794,1.9797,31.50,11.30
2007.05.14 20:47:17.131,1.9794,1.9797,35.50,7.30
2007.05.14 20:47:18.680,1.9795,1.9796,0.50,0.10
2007.05.14 20:47:23.579,1.97945,1.9797,15.60,7.30
2007.05.14 20:47:23.712,1.97945,1.9796,13.20,9.70
2007.05.14 20:47:23.748,1.9794,1.9796,14.00,21.60
2007.05.14 20:47:23.788,1.9794,1.9796,7.60,28.40
2007.05.14 20:47:24.611,1.9794,1.9795,1.00,4.00
2007.05.14 20:47:26.128,1.9793,1.9795,20.40,8.00
2007.05.14 20:47:26.609,1.9794,1.9795,1.30,4.00
2007.05.14 20:47:27.666,1.9794,1.9795,1.40,4.00
2007.05.14 20:47:27.694,1.9793,1.9795,39.50,4.00
2007.05.14 20:47:27.776,1.9793,1.9796,43.50,4.50
2007.05.14 20:47:27.798,1.9794,1.9796,8.00,2.50
2007.05.14 20:47:27.811,1.9794,1.9796,5.90,0.10
2007.05.14 20:47:28.201,1.9794,1.9796,2.00,0.10
2007.05.14 20:47:28.321,1.9794,1.9796,0.80,0.10
2007.05.14 20:47:28.616,1.9794,1.9796,0.50,4.10
2007.05.14 20:47:30.448,1.97935,1.9796,30.80,0.10
2007.05.14 20:47:37.620,1.97935,1.9796,30.80,3.30
2007.05.14 20:47:37.701,1.97935,1.9796,26.80,7.30
2007.05.14 20:47:37.725,1.97935,1.9796,22.80,11.30
2007.05.14 20:47:37.829,1.9794,1.9796,1.70,14.10
2007.05.14 20:47:37.848,1.9794,1.9796,3.40,14.10
2007.05.14 20:47:38.228,1.97935,1.9796,12.40,16.50
2007.05.14 20:47:38.976,1.9794,1.9796,0.80,16.50
2007.05.14 20:47:39.597,1.97935,1.9796,8.40,20.50
2007.05.14 20:47:40.571,1.9794,1.9796,0.70,0.70
2007.05.14 20:47:41.098,1.97935,1.97965,8.40,18.90
2007.05.14 20:47:41.601,1.97935,1.97965,12.40,18.90
2007.05.14 20:47:44.191,1.97935,1.97965,17.20,18.90
2007.05.14 20:47:44.214,1.97935,1.97965,21.20,11.70
2007.05.14 20:47:44.300,1.9794,1.97965,26.80,4.90
2007.05.14 20:47:44.729,1.9795,1.9796,0.80,0.10
2007.05.14 20:47:45.131,1.9795,1.9796,0.50,0.80
2007.05.14 20:47:46.269,1.9794,1.9797,29.20,26.80
2007.05.14 20:47:47.674,1.9795,1.9796,0.60,0.60
2007.05.14 20:47:47.694,1.9794,1.9797,19.60,33.10
2007.05.14 20:47:47.804,1.9794,1.9797,13.20,33.10
2007.05.14 20:47:47.845,1.9794,1.9797,13.20,33.60
2007.05.14 20:47:47.899,1.9794,1.9797,10.80,33.60
2007.05.14 20:47:47.929,1.9794,1.9796,0.90,0.50
2007.05.14 20:47:48.245,1.9793,1.9797,32.40,30.00
2007.05.14 20:47:48.599,1.9793,1.9797,32.40,38.00
2007.05.14 20:47:50.016,1.9794,1.9796,0.60,0.60
2007.05.14 20:47:50.468,1.9793,1.9797,32.40,38.00
2007.05.14 20:47:53.131,1.9793,1.9797,33.20,38.80
2007.05.14 20:47:53.166,1.9794,1.9796,0.80,0.60
2007.05.14 20:47:53.241,1.9793,1.9797,37.10,36.50
2007.05.14 20:47:53.253,1.9794,1.9796,0.50,0.90
2007.05.14 20:47:53.618,1.9794,1.9796,0.50,0.90
2007.05.14 20:47:54.578,1.9794,1.9796,0.90,0.50
2007.05.14 20:47:55.348,1.97935,1.97965,8.40,22.90
2007.05.14 20:47:59.155,1.97935,1.97965,8.40,26.10
2007.05.14 20:47:59.276,1.97935,1.97965,12.40,18.90
2007.05.14 20:47:59.280,1.9794,1.97965,18.80,12.10
2007.05.14 20:47:59.773,1.9794,1.9797,21.20,30.80
2007.05.14 20:48:00.159,1.9794,1.9797,21.20,30.80
2007.05.14 20:48:17.446,1.9794,1.9796,25.20,3.50
2007.05.14 20:48:17.643,1.9795,1.9796,1.80,0.40
2007.05.14 20:48:18.146,1.9794,1.9796,22.00,0.40
2007.05.14 20:48:18.242,1.9794,1.9796,22.00,0.40
2007.05.14 20:48:18.376,1.9795,1.9797,5.20,13.60
2007.05.14 20:48:18.378,1.97945,1.9797,12.40,11.20
2007.05.14 20:48:19.430,1.9794,1.9797,38.70,11.20
2007.05.14 20:48:19.599,1.9794,1.9797,42.70,7.20
2007.05.14 20:48:24.258,1.9794,1.9797,39.50,13.60
2007.05.14 20:48:24.385,1.9794,1.9797,31.60,21.50
2007.05.14 20:48:24.388,1.9794,1.9796,27.60,4.00
2007.05.14 20:48:24.470,1.9794,1.9796,17.20,4.00
2007.05.14 20:48:24.864,1.9794,1.9796,17.20,4.00
2007.05.14 20:48:25.989,1.9794,1.9796,17.20,4.00
2007.05.14 20:48:26.871,1.9795,1.9796,1.50,4.00
2007.05.14 20:48:44.274,1.9794,1.9796,16.40,8.00
2007.05.14 20:48:44.382,1.9794,1.9796,14.00,10.40
2007.05.14 20:48:44.395,1.9795,1.9796,1.80,21.50
2007.05.14 20:48:44.488,1.9793,1.9796,30.00,24.30
2007.05.14 20:48:44.554,1.9793,1.9796,30.00,26.70
2007.05.14 20:48:44.795,1.9793,1.9796,30.00,23.50
2007.05.14 20:48:45.594,1.9794,1.9796,0.80,23.50
2007.05.14 20:48:47.390,1.9793,1.9795,26.00,4.00
2007.05.14 20:48:47.609,1.9793,1.9796,30.00,23.50
2007.05.14 20:49:01.801,1.9793,1.9796,26.80,26.70
2007.05.14 20:49:01.849,1.9794,1.97955,1.40,2.40
2007.05.14 20:49:01.881,1.9793,1.9795,20.40,7.20
2007.05.14 20:49:01.910,1.9794,1.9795,0.90,12.00
2007.05.14 20:49:01.983,1.9793,1.9795,10.00,14.40
2007.05.14 20:49:02.023,1.97925,1.9795,12.40,16.40
2007.05.14 20:49:03.935,1.97925,1.9795,8.40,20.40
2007.05.14 20:49:04.384,1.97925,1.9795,12.40,16.40
2007.05.14 20:49:05.204,1.9793,1.9795,1.40,16.40
2007.05.14 20:49:06.978,1.97925,1.9795,12.40,16.40
2007.05.14 20:49:08.850,1.9793,1.9795,1.70,16.50
2007.05.14 20:49:11.133,1.97925,1.9795,8.40,16.50
2007.05.14 20:49:13.312,1.9793,1.9795,2.80,20.50
2007.05.14 20:49:14.562,1.9793,1.9795,0.70,0.90
2007.05.14 20:49:15.120,1.9793,1.9795,0.80,0.60
2007.05.14 20:49:17.108,1.97925,1.97955,8.40,18.80
2007.05.14 20:49:17.835,1.9793,1.9795,0.70,0.60
2007.05.14 20:49:17.932,1.9793,1.9795,0.70,0.60
2007.05.14 20:49:17.946,1.9793,1.9795,0.90,0.90
2007.05.14 20:49:18.129,1.9793,1.9795,0.80,0.90
2007.05.14 20:49:18.359,1.9793,1.9795,0.80,0.50
2007.05.14 20:49:18.373,1.9793,1.9796,21.90,25.20
2007.05.14 20:49:18.437,1.9793,1.97965,25.90,27.60
2007.05.14 20:49:18.506,1.9794,1.9796,0.80,0.80
2007.05.14 20:49:18.594,1.97935,1.97965,5.20,23.60
2007.05.14 20:49:18.852,1.9794,1.9796,0.70,0.80
2007.05.14 20:49:18.948,1.97935,1.97965,8.40,17.20
2007.05.14 20:49:18.970,1.9794,1.9796,0.90,0.80
2007.05.14 20:49:19.793,1.9794,1.9796,0.80,0.70
2007.05.14 20:49:19.856,1.9794,1.9796,0.60,0.60
2007.05.14 20:49:19.887,1.97935,1.9797,24.30,10.40
2007.05.14 20:49:19.894,1.97935,1.9797,28.30,8.00
2007.05.14 20:49:20.471,1.97935,1.9798,32.30,39.50
2007.05.14 20:49:21.400,1.97935,1.9798,32.30,40.30
2007.05.14 20:49:21.417,1.9793,1.9798,39.50,45.10
2007.05.14 20:49:21.428,1.9794,1.9798,29.20,42.30
2007.05.14 20:49:21.530,1.9794,1.9797,25.20,31.50
2007.05.14 20:49:34.490,1.9794,1.9797,18.00,34.70
2007.05.14 20:49:34.557,1.9793,1.9797,34.00,36.20
2007.05.14 20:49:34.643,1.9793,1.9797,30.00,40.20
2007.05.14 20:49:34.855,1.9793,1.9797,30.00,34.70
2007.05.14 20:49:35.102,1.9794,1.9796,0.80,0.60
2007.05.14 20:49:36.867,1.9794,1.9796,0.80,0.90
2007.05.14 20:49:38.614,1.9793,1.9797,30.00,38.70
2007.05.14 20:49:46.425,1.9793,1.9796,30.00,24.30
2007.05.14 20:49:59.835,1.97935,1.9796,8.40,20.40
2007.05.14 20:50:03.023,1.97935,1.9796,8.40,33.10
2007.05.14 20:50:03.073,1.97935,1.9795,7.60,4.00
2007.05.14 20:50:03.452,1.9794,1.9795,1.30,4.00
2007.05.14 20:50:04.625,1.9793,1.9795,18.80,8.00
2007.05.14 20:50:06.112,1.9793,1.9795,22.80,4.00
2007.05.14 20:51:01.099,1.9793,1.9794,16.80,4.00
2007.05.14 20:51:01.123,1.9792,1.9794,36.70,4.00
2007.05.14 20:51:01.141,1.9792,1.9794,31.60,4.00
2007.05.14 20:51:01.220,1.9793,1.9794,4.80,4.00
2007.05.14 20:51:01.338,1.9793,1.9794,3.40,4.00
2007.05.14 20:51:04.613,1.9792,1.9794,22.00,4.00
2007.05.14 20:51:06.086,1.9792,1.9795,29.90,23.60
2007.05.14 20:51:06.186,1.9793,1.9795,0.50,19.60
2007.05.14 20:51:06.204,1.9792,1.9795,33.10,18.80
2007.05.14 20:51:06.335,1.97925,1.9795,8.40,16.40
2007.05.14 20:51:08.648,1.97925,1.9795,8.40,20.40
2007.05.14 20:51:14.543,1.9793,1.9795,2.30,23.60
2007.05.14 20:51:14.551,1.9793,1.9795,2.10,20.40
2007.05.14 20:51:14.662,1.9793,1.9795,8.20,16.40
2007.05.14 20:51:14.684,1.97925,1.9795,22.00,12.40
2007.05.14 20:51:14.706,1.9792,1.9795,36.40,12.40
2007.05.14 20:51:14.774,1.9793,1.9795,22.00,9.60
2007.05.14 20:51:15.171,1.9793,1.9795,22.00,7.20
2007.05.14 20:51:15.652,1.9793,1.9795,26.00,3.20
2007.05.14 20:51:29.013,1.9793,1.9795,22.80,3.20
2007.05.14 20:51:29.117,1.9794,1.9795,2.90,3.20
2007.05.14 20:51:29.160,1.9793,1.9796,33.10,6.40
2007.05.14 20:51:29.345,1.9794,1.9796,18.00,4.00
2007.05.14 20:51:29.729,1.9794,1.9796,20.40,4.00
2007.05.14 20:51:30.268,1.9794,1.9797,24.40,23.50
2007.05.14 20:51:30.854,1.9794,1.9797,20.40,27.50
2007.05.14 20:51:31.541,1.9794,1.9796,19.60,4.00
2007.05.14 20:51:31.646,1.9794,1.9796,11.60,22.70
2007.05.14 20:51:31.684,1.9794,1.9795,7.60,4.00
2007.05.14 20:51:31.783,1.9794,1.9795,5.20,4.00
2007.05.14 20:51:31.811,1.9794,1.9795,9.20,4.00
2007.05.14 20:51:32.169,1.9794,1.9795,6.80,4.00
2007.05.14 20:51:33.349,1.9794,1.9795,2.80,8.00
2007.05.14 20:51:34.340,1.9794,1.9795,2.80,4.00
2007.05.14 20:51:36.700,1.9794,1.9795,2.00,14.30
2007.05.14 20:51:36.705,1.9794,1.9795,2.00,17.50
2007.05.14 20:51:36.739,1.9793,1.9794,8.00,4.00
2007.05.14 20:51:36.787,1.9793,1.9794,10.00,4.00
2007.05.14 20:51:36.865,1.9793,1.9794,7.60,4.00
2007.05.14 20:51:37.116,1.9793,1.9794,6.80,4.00
2007.05.14 20:51:38.377,1.9793,1.9794,2.80,4.00
2007.05.14 20:51:43.233,1.9793,1.9795,5.20,17.20
2007.05.14 20:51:43.758,1.9793,1.9795,6.00,16.40
2007.05.14 20:51:45.843,1.9793,1.9795,6.00,20.40
2007.05.14 20:51:51.203,1.9793,1.9795,6.00,16.40
2007.05.14 20:52:23.255,1.9793,1.9794,5.20,3.20
2007.05.14 20:52:23.365,1.9793,1.9794,5.20,5.60
2007.05.14 20:52:23.377,1.9792,1.9793,22.30,4.00
2007.05.14 20:52:23.437,1.9792,1.9793,11.60,4.00
2007.05.14 20:52:23.539,1.9792,1.9793,7.60,4.00
2007.05.14 20:52:24.114,1.9792,1.9793,3.60,4.00
2007.05.14 20:52:24.673,1.9792,1.9793,3.60,8.00
2007.05.14 20:52:25.814,1.9792,1.9793,3.60,4.00
2007.05.14 20:52:34.750,1.9792,1.9793,6.00,4.00
2007.05.14 20:52:34.785,1.9792,1.9793,10.00,4.00
2007.05.14 20:52:34.855,1.9792,1.9794,14.00,6.80
2007.05.14 20:52:34.869,1.9792,1.9795,18.00,27.50
2007.05.14 20:52:35.616,1.9792,1.9795,22.00,23.50
2007.05.14 20:52:35.817,1.9792,1.9795,24.40,23.50
2007.05.14 20:52:36.596,1.9792,1.9794,20.40,4.00
2007.05.14 20:52:38.718,1.9792,1.9795,20.40,27.50
2007.05.14 20:52:39.604,1.9792,1.9795,24.40,23.50
2007.05.14 20:52:44.270,1.9792,1.9794,24.40,3.20
2007.05.14 20:52:44.296,1.9792,1.9794,16.40,7.20
2007.05.14 20:52:44.363,1.9792,1.9794,12.40,11.20
2007.05.14 20:52:44.377,1.9792,1.9794,12.40,14.00
2007.05.14 20:52:44.452,1.9792,1.9794,10.00,14.00
2007.05.14 20:52:44.952,1.9792,1.9794,10.00,16.40
2007.05.14 20:52:45.999,1.9792,1.9794,6.00,16.40
2007.05.14 20:52:46.107,1.9792,1.9794,10.00,16.40
2007.05.14 20:52:46.614,1.9792,1.9794,6.00,20.40
2007.05.14 20:52:55.130,1.9792,1.9794,6.00,16.40
2007.05.14 20:53:04.604,1.9792,1.9794,10.00,16.40
2007.05.14 20:54:00.381,1.9792,1.9794,14.80,16.40
2007.05.14 20:54:00.398,1.9792,1.9794,17.20,16.40
2007.05.14 20:54:00.403,1.9792,1.9794,21.20,9.20
2007.05.14 20:54:00.498,1.9793,1.9794,2.80,2.40
2007.05.14 20:54:00.907,1.9793,1.9795,2.80,26.70
2007.05.14 20:54:02.376,1.9793,1.9795,2.80,0.50
2007.05.14 20:54:02.953,1.9793,1.9795,2.80,0.70
2007.05.14 20:54:03.366,1.9793,1.9794,2.80,0.50
2007.05.14 20:54:03.459,1.9793,1.9794,2.80,0.70
2007.05.14 20:54:03.475,1.9793,1.9794,2.80,12.80
2007.05.14 20:54:03.583,1.9792,1.9794,2.80,28.30
2007.05.14 20:54:04.822,1.9792,1.9793,2.80,0.60
2007.05.14 20:54:05.128,1.9792,1.9793,2.80,0.50
2007.05.14 20:54:07.349,1.9792,1.9793,3.60,0.70
2007.05.14 20:54:07.441,1.9792,1.9795,6.00,40.30
2007.05.14 20:54:07.524,1.9792,1.9794,6.00,0.60
2007.05.14 20:54:08.851,1.9792,1.9794,6.00,0.60
2007.05.14 20:54:12.885,1.9792,1.9794,6.00,0.50
2007.05.14 20:54:12.991,1.9792,1.97945,6.00,32.30
2007.05.14 20:54:13.024,1.9792,1.9794,6.00,29.90
2007.05.14 20:54:13.499,1.9792,1.9794,3.60,32.30
2007.05.14 20:54:15.841,1.9792,1.9793,3.60,0.90
2007.05.14 20:54:17.375,1.9792,1.9794,6.00,35.50
2007.05.14 20:54:17.490,1.9792,1.9794,6.00,28.30
2007.05.14 20:54:17.508,1.9792,1.9795,6.00,38.70
2007.05.14 20:54:17.511,1.9792,1.9795,6.00,43.50
2007.05.14 20:54:17.783,1.9792,1.9794,6.00,0.60
2007.05.14 20:54:20.257,1.9792,1.97945,6.00,22.80
2007.05.14 20:54:20.411,1.9792,1.97945,6.80,22.80
2007.05.14 20:54:20.436,1.9793,1.9794,0.80,0.70
2007.05.14 20:54:20.554,1.9793,1.9794,3.60,0.90
2007.05.14 20:54:21.147,1.9793,1.9795,3.60,34.20
2007.05.14 20:54:22.327,1.9793,1.9795,3.60,30.20
2007.05.14 20:54:33.823,1.9793,1.9794,2.80,4.00
2007.05.14 20:54:33.931,1.9793,1.9794,2.80,7.20
2007.05.14 20:54:34.027,1.9793,1.9794,2.80,9.60
2007.05.14 20:54:34.050,1.9793,1.9794,2.00,14.40
2007.05.14 20:54:34.159,1.9792,1.9794,13.20,16.40
2007.05.14 20:54:36.276,1.9792,1.9794,9.20,20.40
2007.05.14 20:54:36.300,1.9792,1.9794,13.20,16.40
2007.05.14 20:54:38.181,1.9792,1.9794,9.20,20.40
2007.05.14 20:54:38.357,1.9792,1.9794,12.40,20.40
2007.05.14 20:54:38.424,1.9793,1.9794,0.80,17.20
2007.05.14 20:54:38.475,1.9793,1.9794,3.60,10.40
2007.05.14 20:54:38.716,1.9793,1.9794,3.60,6.40
2007.05.14 20:54:38.994,1.9793,1.9794,3.60,4.00
2007.05.14 20:54:39.455,1.9793,1.9794,3.60,0.50
2007.05.14 20:54:40.003,1.9793,1.9796,3.60,38.20
2007.05.14 20:54:40.030,1.9793,1.9795,3.60,0.90
2007.05.14 20:54:40.088,1.9793,1.9796,3.60,37.90
2007.05.14 20:54:40.285,1.9793,1.9796,3.60,37.90
2007.05.14 20:54:42.368,1.9793,1.9795,2.80,0.50
2007.05.14 20:54:42.379,1.9793,1.9795,2.80,0.70
2007.05.14 20:54:42.462,1.9793,1.9795,2.80,30.70
2007.05.14 20:54:42.486,1.9793,1.9795,2.00,34.70
2007.05.14 20:54:42.599,1.9793,1.9794,2.00,0.80
2007.05.14 20:54:42.624,1.9792,1.9794,15.60,0.80
2007.05.14 20:54:42.634,1.9792,1.9795,13.20,34.70
2007.05.14 20:54:43.431,1.9792,1.9794,10.00,0.90
2007.05.14 20:54:43.628,1.9792,1.9794,6.00,0.60
2007.05.14 20:54:43.653,1.9792,1.9793,6.00,0.50
2007.05.14 20:54:44.107,1.9792,1.9795,6.00,38.70
2007.05.14 20:54:44.629,1.9792,1.97945,6.00,22.80
2007.05.14 20:54:45.901,1.9792,1.97945,6.00,18.80
2007.05.14 20:54:47.284,1.9792,1.97945,6.00,22.80
2007.05.14 20:54:48.215,1.9792,1.97945,6.00,18.80
2007.05.14 20:54:48.371,1.9792,1.97945,9.20,18.80
2007.05.14 20:54:48.484,1.9792,1.9794,12.40,0.50
2007.05.14 20:54:48.572,1.9792,1.9794,20.40,0.80
2007.05.14 20:54:48.605,1.9793,1.9794,0.80,0.70
2007.05.14 20:54:48.621,1.9793,1.9795,3.60,29.90
2007.05.14 20:54:48.673,1.9793,1.9795,3.60,29.90
2007.05.14 20:54:48.989,1.9793,1.9796,3.60,38.70
2007.05.14 20:54:49.868,1.9793,1.9794,3.60,0.80
2007.05.14 20:54:51.123,1.9793,1.9796,3.60,38.70
2007.05.14 20:54:51.652,1.9793,1.9796,3.60,38.70
2007.05.14 20:54:52.115,1.9793,1.9795,3.60,0.60
2007.05.14 20:54:54.720,1.9793,1.9796,3.60,42.70
2007.05.14 20:54:54.809,1.9793,1.9795,3.60,0.90
2007.05.14 20:54:54.881,1.9793,1.9795,3.60,0.50
2007.05.14 20:54:54.949,1.9793,1.9794,3.60,0.70
2007.05.14 20:54:55.191,1.9793,1.9795,2.80,37.10
2007.05.14 20:54:55.301,1.9792,1.9795,26.80,37.10
2007.05.14 20:54:55.374,1.9792,1.97945,23.60,8.40
2007.05.14 20:54:55.386,1.9792,1.97945,23.60,10.80
2007.05.14 20:54:55.921,1.9792,1.9794,20.40,0.90
2007.05.14 20:54:56.024,1.9792,1.97945,14.00,18.70
2007.05.14 20:54:56.088,1.9792,1.9794,10.00,0.60
2007.05.14 20:54:56.115,1.9792,1.9795,10.00,37.00
2007.05.14 20:54:56.144,1.9792,1.9794,6.00,0.60
2007.05.14 20:54:56.361,1.9792,1.97945,6.00,25.10
2007.05.14 20:54:56.426,1.9792,1.97945,6.00,22.70
2007.05.14 20:54:58.522,1.9792,1.9794,6.00,0.90
2007.05.14 20:54:58.546,1.9792,1.9794,6.00,0.90
2007.05.14 20:54:59.383,1.9792,1.9794,6.00,0.50
2007.05.14 20:55:02.411,1.9792,1.9795,6.00,38.70
2007.05.14 20:55:02.987,1.9792,1.9795,6.00,37.90
2007.05.14 20:55:06.487,1.9792,1.97945,6.00,22.00
2007.05.14 20:55:06.605,1.9792,1.97945,6.00,18.00
2007.05.14 20:55:11.555,1.9792,1.9794,6.00,13.20
2007.05.14 20:55:11.565,1.9792,1.9794,14.00,8.40
2007.05.14 20:55:11.622,1.9792,1.9794,16.40,8.40
2007.05.14 20:55:11.680,1.9792,1.9794,16.40,6.40
2007.05.14 20:55:11.693,1.9792,1.9794,20.40,2.40
2007.05.14 20:55:11.944,1.9792,1.9794,26.00,2.40
2007.05.14 20:55:12.221,1.9792,1.9794,30.00,2.40
2007.05.14 20:55:13.333,1.9792,1.9794,26.00,2.40
2007.05.14 20:55:15.136,1.9793,1.9794,4.00,2.40
2007.05.14 20:55:15.623,1.9793,1.9794,4.00,6.40
2007.05.14 20:55:16.676,1.9792,1.9794,12.40,10.40
2007.05.14 20:55:17.116,1.9792,1.9794,16.40,6.40
2007.05.14 20:55:17.851,1.9792,1.9794,12.40,10.40
2007.05.14 20:55:22.941,1.9792,1.9794,11.60,10.40
2007.05.14 20:55:23.960,1.9792,1.9794,14.80,10.40
2007.05.14 20:55:23.975,1.9792,1.9794,14.80,6.40
2007.05.14 20:55:24.067,1.9793,1.9794,2.80,6.40
2007.05.14 20:55:24.069,1.9793,1.9795,2.80,26.40
2007.05.14 20:55:24.090,1.9793,1.9795,2.80,24.00
2007.05.14 20:55:24.658,1.9793,1.9795,5.20,24.00
2007.05.14 20:55:25.841,1.9793,1.9795,5.20,20.00
2007.05.14 20:55:28.124,1.9793,1.9794,5.20,4.00
2007.05.14 20:55:30.240,1.9793,1.9795,5.20,20.00
2007.05.14 20:55:34.894,1.9793,1.9795,9.20,20.00
2007.05.14 20:55:37.332,1.9793,1.9795,5.20,20.00
2007.05.14 20:55:41.844,1.9793,1.9794,5.20,2.40
2007.05.14 20:55:41.935,1.9793,1.9794,4.40,3.20
2007.05.14 20:55:42.082,1.9793,1.9794,2.40,5.20
2007.05.14 20:55:42.354,1.9793,1.9794,5.20,2.40
2007.05.14 20:55:43.921,1.9793,1.9794,5.20,0.70
2007.05.14 20:55:44.365,1.9793,1.9795,5.20,28.00
2007.05.14 20:55:44.864,1.9793,1.9795,5.20,28.00
2007.05.14 20:55:48.618,1.9793,1.9794,2.80,0.60
2007.05.14 20:55:49.267,1.9793,1.9794,2.80,0.60
2007.05.14 20:55:49.381,1.9792,1.9794,28.40,0.60
2007.05.14 20:55:49.389,1.9792,1.9794,26.00,0.60
2007.05.14 20:55:49.482,1.9792,1.97945,26.00,13.90
2007.05.14 20:55:49.551,1.9792,1.9794,18.00,0.60
2007.05.14 20:55:49.590,1.9792,1.97945,17.20,20.30
2007.05.14 20:55:49.664,1.9792,1.97945,13.20,20.30
2007.05.14 20:55:49.669,1.9792,1.9794,12.40,0.80
2007.05.14 20:55:49.725,1.9792,1.97945,8.40,26.70
2007.05.14 20:55:50.001,1.9792,1.97945,8.40,30.70
2007.05.14 20:55:50.114,1.9792,1.97945,8.40,26.80
2007.05.14 20:55:50.409,1.9792,1.97945,12.40,22.80
2007.05.14 20:55:52.150,1.9792,1.97945,8.40,26.80
2007.05.14 20:55:52.866,1.9792,1.97945,8.40,22.80
2007.05.14 20:55:56.116,1.9792,1.97945,12.40,22.80
2007.05.14 20:55:56.695,1.9792,1.97945,12.40,22.00
2007.05.14 20:55:58.131,1.9792,1.9794,21.20,0.70
2007.05.14 20:55:58.151,1.9792,1.97945,26.00,12.40
2007.05.14 20:55:58.236,1.9793,1.97945,2.80,9.60
2007.05.14 20:55:58.434,1.9793,1.9795,2.80,29.90
2007.05.14 20:55:58.664,1.9793,1.9795,2.80,29.90
2007.05.14 20:56:09.123,1.9793,1.9795,3.60,25.90
2007.05.14 20:56:09.232,1.9794,1.9795,0.80,16.40
2007.05.14 20:56:09.241,1.9794,1.9796,0.80,34.70
2007.05.14 20:56:09.353,1.9794,1.9796,2.80,38.60
2007.05.14 20:56:09.661,1.9794,1.9796,2.80,39.90
2007.05.14 20:56:09.682,1.9794,1.9795,2.80,19.90
2007.05.14 20:56:09.861,1.9793,1.9794,2.80,0.70
2007.05.14 20:56:10.211,1.9793,1.9794,5.20,0.90
2007.05.14 20:56:12.496,1.9793,1.9794,9.20,2.40
2007.05.14 20:56:13.647,1.9793,1.9794,5.20,2.40
2007.05.14 20:56:13.685,1.9793,1.9794,5.20,6.40
2007.05.14 20:56:36.075,1.9793,1.9794,9.20,2.40
2007.05.14 20:56:43.289,1.9793,1.9794,6.40,6.30
2007.05.14 20:56:43.294,1.9793,1.9794,6.40,10.30
2007.05.14 20:56:43.341,1.9793,1.9794,4.00,10.30
2007.05.14 20:56:45.013,1.9792,1.9794,15.60,10.30
2007.05.14 20:56:45.039,1.9792,1.9794,11.60,10.30
2007.05.14 20:56:45.375,1.9792,1.9794,15.60,10.30
2007.05.14 20:56:45.626,1.9792,1.9794,11.60,14.30
2007.05.14 20:56:46.611,1.9792,1.9794,11.60,10.30
2007.05.14 20:57:01.214,1.9792,1.9794,7.60,14.30
2007.05.14 20:57:01.332,1.9792,1.9794,7.60,17.10
2007.05.14 20:57:01.395,1.9792,1.9794,5.20,17.10
2007.05.14 20:57:01.790,1.9792,1.9794,5.20,19.50
2007.05.14 20:57:04.611,1.9792,1.9794,9.20,19.50
2007.05.14 20:57:14.343,1.9792,1.9794,9.20,15.60
2007.05.14 20:57:23.252,1.9792,1.9794,5.20,19.60
2007.05.14 20:57:36.676,1.9792,1.9794,5.20,15.60
2007.05.14 20:57:37.855,1.9792,1.9794,5.20,16.00
2007.05.14 20:57:38.874,1.9792,1.9794,5.20,19.20
2007.05.14 20:57:40.756,1.9792,1.9794,5.20,16.00
2007.05.14 20:57:41.368,1.9792,1.9793,5.20,4.00
2007.05.14 20:57:57.774,1.9792,1.9794,5.20,16.00
2007.05.14 20:58:02.303,1.9792,1.9794,2.80,16.00
2007.05.14 20:58:02.379,1.9792,1.9794,2.80,13.60
2007.05.14 20:58:16.364,1.9792,1.9794,2.80,17.60
2007.05.14 20:58:17.625,1.9792,1.9794,6.80,13.60
2007.05.14 20:58:18.199,1.9792,1.9794,6.80,13.20
2007.05.14 20:58:18.705,1.9792,1.9794,10.00,13.20
2007.05.14 20:58:21.944,1.9792,1.9794,6.00,17.20
2007.05.14 20:58:22.886,1.9792,1.9794,10.00,10.80
2007.05.14 20:58:22.920,1.9792,1.9794,6.80,10.00
2007.05.14 20:58:22.994,1.9792,1.9794,9.20,10.00
2007.05.14 20:58:23.027,1.9792,1.9794,17.20,4.00
2007.05.14 20:58:24.141,1.9792,1.9795,17.20,21.10
2007.05.14 20:58:25.842,1.9792,1.9795,21.20,17.10
2007.05.14 20:58:27.433,1.9792,1.9795,17.20,21.10
2007.05.14 20:58:32.898,1.9792,1.9795,17.20,23.50
2007.05.14 20:58:32.918,1.9793,1.9795,4.00,19.50
2007.05.14 20:58:33.347,1.9793,1.9795,4.00,15.60
2007.05.14 20:58:33.462,1.9793,1.9795,4.00,13.20
2007.05.14 20:58:33.489,1.9793,1.9795,4.80,13.20
2007.05.14 20:58:33.583,1.9793,1.9795,6.80,13.20
2007.05.14 20:58:36.850,1.9793,1.9795,2.80,13.20
2007.05.14 20:58:47.849,1.9793,1.9795,2.80,17.20
2007.05.14 20:59:00.331,1.9793,1.9795,2.80,13.20
2007.05.14 20:59:02.946,1.9792,1.9795,6.80,21.10
2007.05.14 20:59:03.030,1.9792,1.9794,2.80,4.00
2007.05.14 20:59:05.442,1.9792,1.9794,6.80,4.00
2007.05.14 20:59:34.408,1.9792,1.9794,10.70,4.00
2007.05.14 20:59:35.023,1.9792,1.9794,6.80,6.80
2007.05.14 20:59:35.111,1.9792,1.9794,6.80,9.20
2007.05.14 20:59:36.946,1.9792,1.9794,3.10,9.20
2007.05.14 20:59:39.979,1.9792,1.9794,4.70,9.20
2007.05.14 20:59:40.040,1.9791,1.9794,26.60,6.80
2007.05.14 20:59:40.063,1.9792,1.9794,3.60,4.00
2007.05.14 20:59:41.123,1.9791,1.9794,25.00,8.00
2007.05.14 20:59:41.864,1.9792,1.9794,2.30,4.00
2007.05.14 20:59:42.778,1.9792,1.9794,1.70,4.00
2007.05.14 20:59:42.873,1.9792,1.9794,0.50,4.00
2007.05.14 20:59:45.838,1.9792,1.9794,1.50,8.00
2007.05.14 20:59:45.875,1.9792,1.9794,3.60,8.00
2007.05.14 20:59:46.300,1.9791,1.9794,23.50,8.00
2007.05.14 20:59:48.238,1.9792,1.9794,2.40,8.00
2007.05.14 20:59:48.901,1.9791,1.9794,27.40,4.00
2007.05.14 20:59:49.405,1.9792,1.9794,1.80,8.00
2007.05.14 20:59:50.646,1.9792,1.9794,1.10,4.00
2007.05.14 20:59:53.187,1.9792,1.9794,10.60,4.00
2007.05.14 20:59:55.608,1.9792,1.9794,14.20,4.00
2007.05.14 20:59:56.129,1.9793,1.9794,1.90,4.00
