2017.10.27 05:00:00.860,1.313,1.31309,1.00,2.06
2017.10.27 05:00:02.776,1.313,1.31309,1.00,2.51
2017.10.27 05:00:03.386,1.31299,1.31309,1.25,2.89
2017.10.27 05:00:04.023,1.31298,1.31309,1.87,2.89
2017.10.27 05:00:04.541,1.31298,1.31309,1.25,5.51
2017.10.27 05:00:04.795,1.31297,1.31306,1.31,2.62
2017.10.27 05:00:04.940,1.31295,1.31304,1.84,2.25
2017.10.27 05:00:04.992,1.31293,1.31302,1.00,1.69
2017.10.27 05:00:05.504,1.31294,1.31302,1.00,1.69
2017.10.27 05:00:06.188,1.31293,1.31302,1.87,2.06
2017.10.27 05:00:06.764,1.31293,1.31302,2.25,2.06
2017.10.27 05:00:07.380,1.31293,1.31302,2.06,2.06
2017.10.27 05:00:07.824,1.31296,1.31305,3.94,1.47
2017.10.27 05:00:07.927,1.31299,1.31308,1.00,2.14
2017.10.27 05:00:08.437,1.31299,1.31308,1.00,1.69
2017.10.27 05:00:09.815,1.31299,1.31307,1.00,1.00
2017.10.27 05:00:10.449,1.31299,1.31308,1.31,1.50
2017.10.27 05:00:10.995,1.31299,1.31308,1.25,1.12
2017.10.27 05:00:11.510,1.31299,1.31308,1.31,1.12
2017.10.27 05:00:12.041,1.31299,1.31308,1.12,1.12
2017.10.27 05:00:14.645,1.31299,1.31308,1.31,1.12
2017.10.27 05:00:15.189,1.31299,1.31308,1.31,1.12
2017.10.27 05:00:15.499,1.31299,1.31308,1.63,1.12
2017.10.27 05:00:15.653,1.31299,1.31308,1.12,1.12
2017.10.27 05:00:16.334,1.31299,1.31308,1.44,1.12
2017.10.27 05:00:16.862,1.31299,1.31308,1.12,1.57
2017.10.27 05:00:30.806,1.31299,1.31308,1.50,1.87
2017.10.27 05:00:31.336,1.31299,1.31308,1.31,1.50
2017.10.27 05:00:31.904,1.31299,1.31308,1.25,1.50
2017.10.27 05:00:35.044,1.31299,1.31304,1.25,1.00
2017.10.27 05:00:35.102,1.31292,1.31301,1.39,1.00
2017.10.27 05:00:35.614,1.31292,1.31301,2.06,1.00
2017.10.27 05:00:35.939,1.31293,1.31303,1.88,4.31
2017.10.27 05:00:36.195,1.31293,1.31303,1.88,4.31
2017.10.27 05:00:36.348,1.31293,1.31303,1.88,4.31
2017.10.27 05:00:36.451,1.31293,1.31303,1.88,4.31
2017.10.27 05:00:37.050,1.31294,1.31303,1.00,3.94
2017.10.27 05:00:40.268,1.31294,1.31303,1.88,1.31
2017.10.27 05:00:40.678,1.31296,1.31305,1.00,1.12
2017.10.27 05:00:41.728,1.31296,1.31305,1.00,1.88
2017.10.27 05:00:46.057,1.31296,1.31305,1.00,1.88
2017.10.27 05:00:46.873,1.31296,1.31305,1.00,2.63
2017.10.27 05:00:47.421,1.31296,1.31305,1.00,1.31
2017.10.27 05:01:00.155,1.31297,1.31307,1.00,2.51
2017.10.27 05:01:00.207,1.31299,1.31307,1.00,1.69
2017.10.27 05:01:00.364,1.31299,1.31307,1.00,1.50
2017.10.27 05:01:04.240,1.31299,1.31308,1.00,2.06
2017.10.27 05:01:04.394,1.31299,1.31308,1.00,2.63
2017.10.27 05:01:04.497,1.31299,1.31308,1.00,2.25
2017.10.27 05:01:04.650,1.31296,1.31305,4.31,1.00
2017.10.27 05:01:04.845,1.31295,1.31304,1.69,1.12
2017.10.27 05:01:05.907,1.31297,1.31304,1.00,1.31
2017.10.27 05:01:09.808,1.31295,1.31304,1.31,1.00
2017.10.27 05:01:10.430,1.31295,1.31304,1.12,1.00
2017.10.27 05:01:12.274,1.31297,1.31306,1.44,1.62
2017.10.27 05:01:12.837,1.31297,1.31306,1.69,1.25
2017.10.27 05:01:13.384,1.31296,1.31307,1.25,2.89
2017.10.27 05:01:13.914,1.31296,1.31306,1.00,1.31
2017.10.27 05:01:14.504,1.31296,1.31306,1.00,1.69
2017.10.27 05:01:15.065,1.31296,1.31306,1.12,1.69
2017.10.27 05:01:15.372,1.31296,1.31306,1.00,1.50
2017.10.27 05:01:15.816,1.31296,1.31306,1.12,1.69
2017.10.27 05:01:15.867,1.31296,1.31306,1.00,1.50
2017.10.27 05:01:16.395,1.31296,1.31306,1.12,1.69
2017.10.27 05:01:16.886,1.31296,1.31306,1.00,1.69
2017.10.27 05:01:17.608,1.31296,1.31306,1.44,1.69
2017.10.27 05:01:18.131,1.31296,1.31306,1.12,1.69
2017.10.27 05:01:18.640,1.31296,1.31305,1.00,1.00
2017.10.27 05:01:19.827,1.31296,1.31305,1.25,1.37
2017.10.27 05:01:20.337,1.31296,1.31305,1.12,1.12
2017.10.27 05:01:26.602,1.31296,1.31305,1.00,2.63
2017.10.27 05:01:27.677,1.31296,1.31305,1.00,1.69
2017.10.27 05:01:28.066,1.31296,1.31305,1.00,1.88
2017.10.27 05:01:28.371,1.31296,1.31305,1.00,2.25
2017.10.27 05:01:29.016,1.31296,1.31305,1.25,2.44
2017.10.27 05:01:29.278,1.31297,1.31305,1.19,1.87
2017.10.27 05:01:29.793,1.31297,1.31305,1.19,1.50
2017.10.27 05:01:30.347,1.31297,1.31305,1.19,1.31
2017.10.27 05:01:31.092,1.31297,1.31305,1.19,1.50
2017.10.27 05:01:31.601,1.31297,1.31305,1.19,1.50
2017.10.27 05:01:32.827,1.31297,1.31305,1.19,1.31
2017.10.27 05:01:33.424,1.31297,1.31305,1.19,1.31
2017.10.27 05:01:34.748,1.31297,1.31305,1.19,1.50
2017.10.27 05:01:34.851,1.31297,1.31305,1.19,1.31
2017.10.27 05:01:35.767,1.31297,1.31305,1.19,1.31
2017.10.27 05:01:36.398,1.31297,1.31305,1.19,1.12
2017.10.27 05:01:42.386,1.31297,1.31305,1.19,1.31
2017.10.27 05:01:42.912,1.31297,1.31305,1.19,1.50
2017.10.27 05:01:42.964,1.31297,1.31305,1.19,1.12
2017.10.27 05:01:43.218,1.31297,1.31305,1.19,1.50
2017.10.27 05:01:43.320,1.31297,1.31305,1.19,1.12
2017.10.27 05:01:43.848,1.31297,1.31307,1.31,3.26
2017.10.27 05:01:49.183,1.31297,1.31304,1.19,1.00
2017.10.27 05:01:56.472,1.31297,1.31302,1.19,1.00
2017.10.27 05:01:56.724,1.31294,1.31302,2.62,1.00
2017.10.27 05:01:57.711,1.31294,1.31302,2.63,1.00
2017.10.27 05:01:58.230,1.31294,1.31302,2.06,1.00
2017.10.27 05:01:58.641,1.31296,1.31305,1.00,1.50
2017.10.27 05:02:05.496,1.31297,1.31305,1.00,1.37
2017.10.27 05:02:07.509,1.31297,1.31305,1.25,1.00
2017.10.27 05:02:08.547,1.31295,1.31303,1.69,1.00
2017.10.27 05:02:09.083,1.31295,1.31303,1.31,1.00
2017.10.27 05:02:10.303,1.31295,1.31303,1.62,1.00
2017.10.27 05:02:10.818,1.31297,1.31303,1.00,1.00
2017.10.27 05:02:11.681,1.31295,1.31303,1.31,1.00
2017.10.27 05:02:11.741,1.31297,1.31303,1.00,1.00
2017.10.27 05:02:12.147,1.31298,1.31303,1.19,1.00
2017.10.27 05:02:12.738,1.31298,1.31303,1.00,1.00
2017.10.27 05:02:15.914,1.31298,1.31305,1.00,1.00
2017.10.27 05:02:28.485,1.31299,1.31307,1.13,1.00
2017.10.27 05:02:39.907,1.31299,1.31307,3.00,1.00
2017.10.27 05:02:46.931,1.31298,1.31307,1.56,1.00
2017.10.27 05:03:04.045,1.31299,1.31306,3.19,1.00
2017.10.27 05:03:05.366,1.31298,1.31301,1.19,1.00
2017.10.27 05:03:05.417,1.31295,1.31301,1.76,1.00
2017.10.27 05:03:05.972,1.31296,1.313,1.00,1.00
2017.10.27 05:03:10.815,1.31295,1.313,1.00,1.12
2017.10.27 05:03:10.866,1.31291,1.313,1.69,1.12
2017.10.27 05:03:17.411,1.31292,1.31302,1.25,1.50
2017.10.27 05:03:17.514,1.31292,1.31302,1.70,1.69
2017.10.27 05:03:17.822,1.31296,1.31305,1.95,1.31
2017.10.27 05:03:18.363,1.31297,1.31305,1.45,1.31
2017.10.27 05:03:19.428,1.31297,1.31307,1.45,2.81
2017.10.27 05:03:26.025,1.31298,1.31307,1.10,2.06
2017.10.27 05:03:26.647,1.31298,1.31307,1.07,2.06
2017.10.27 05:03:31.248,1.31297,1.31306,1.45,1.00
2017.10.27 05:03:32.028,1.31296,1.31306,1.00,1.57
2017.10.27 05:03:32.555,1.31295,1.31305,1.31,1.00
2017.10.27 05:03:33.621,1.31295,1.31305,1.25,1.25
2017.10.27 05:03:34.182,1.31295,1.31305,1.25,1.00
2017.10.27 05:03:34.864,1.31295,1.31305,1.31,1.00
2017.10.27 05:03:35.248,1.31295,1.31305,1.31,1.00
2017.10.27 05:03:36.956,1.31294,1.31305,1.29,1.12
2017.10.27 05:03:53.046,1.31294,1.31305,1.20,1.87
2017.10.27 05:03:54.006,1.31294,1.31305,1.20,1.87
2017.10.27 05:03:54.926,1.31294,1.31305,1.20,1.69
2017.10.27 05:03:57.869,1.31294,1.31305,1.39,2.06
2017.10.27 05:04:01.746,1.31294,1.31305,1.20,1.69
2017.10.27 05:04:04.765,1.31295,1.31305,1.00,1.87
2017.10.27 05:04:15.427,1.31296,1.31306,1.00,2.25
2017.10.27 05:04:19.909,1.31296,1.31306,1.00,2.25
2017.10.27 05:04:24.957,1.31296,1.31304,1.00,1.00
2017.10.27 05:04:31.827,1.31296,1.31304,1.00,1.87
2017.10.27 05:04:32.873,1.31296,1.31304,1.00,1.00
2017.10.27 05:04:33.391,1.31296,1.31304,1.00,1.19
2017.10.27 05:04:41.613,1.31296,1.31305,1.00,1.20
2017.10.27 05:04:41.664,1.31294,1.31305,1.12,1.95
2017.10.27 05:04:43.276,1.31293,1.313,1.20,1.00
2017.10.27 05:04:43.790,1.31292,1.313,1.75,1.00
2017.10.27 05:04:44.495,1.31291,1.313,1.95,1.00
2017.10.27 05:04:46.320,1.31291,1.313,1.57,1.00
2017.10.27 05:04:48.478,1.31291,1.313,1.37,1.00
2017.10.27 05:04:51.473,1.3129,1.313,3.26,1.00
2017.10.27 05:04:55.873,1.31291,1.313,1.57,1.00
2017.10.27 05:04:58.488,1.3129,1.313,1.95,1.00
2017.10.27 05:04:59.957,1.3129,1.313,3.82,1.00
2017.10.27 05:05:00.521,1.31291,1.313,1.25,1.00
2017.10.27 05:05:03.173,1.31291,1.313,1.69,1.00
2017.10.27 05:05:03.837,1.31291,1.313,1.50,1.00
2017.10.27 05:05:05.099,1.31291,1.313,1.62,1.00
2017.10.27 05:05:05.606,1.31292,1.313,1.37,1.00
2017.10.27 05:05:06.163,1.3129,1.313,4.57,1.00
2017.10.27 05:05:07.187,1.31291,1.313,1.25,1.00
2017.10.27 05:05:07.704,1.3129,1.313,4.20,1.00
2017.10.27 05:05:08.314,1.3129,1.313,2.32,1.00
2017.10.27 05:05:08.991,1.3129,1.313,4.57,1.00
2017.10.27 05:05:09.651,1.31291,1.313,1.12,1.12
2017.10.27 05:05:10.395,1.31291,1.31299,1.25,1.00
2017.10.27 05:05:13.777,1.3129,1.31299,2.32,1.00
2017.10.27 05:05:14.608,1.31291,1.31299,1.25,1.00
2017.10.27 05:05:15.147,1.3129,1.31299,1.95,1.00
2017.10.27 05:05:15.817,1.31291,1.31299,1.82,1.00
2017.10.27 05:05:16.147,1.3129,1.31298,1.64,1.50
2017.10.27 05:05:16.660,1.3129,1.31298,1.64,1.25
2017.10.27 05:05:17.180,1.31291,1.31298,1.01,1.00
2017.10.27 05:05:17.724,1.3129,1.31297,2.14,1.00
2017.10.27 05:05:18.306,1.3129,1.31297,2.14,1.00
2017.10.27 05:05:20.480,1.3129,1.31297,2.14,1.00
2017.10.27 05:05:21.115,1.31291,1.31297,1.01,1.00
2017.10.27 05:05:25.173,1.3129,1.31297,2.06,1.00
2017.10.27 05:05:31.447,1.3129,1.31297,1.00,1.50
2017.10.27 05:05:31.714,1.31281,1.31289,3.00,1.12
2017.10.27 05:05:31.766,1.31281,1.31287,1.00,1.00
2017.10.27 05:06:03.180,1.31281,1.31288,1.00,1.69
2017.10.27 05:06:10.429,1.31281,1.31289,1.25,1.87
2017.10.27 05:06:28.524,1.31281,1.31289,1.00,2.81
2017.10.27 05:06:29.039,1.31281,1.31287,1.00,1.00
2017.10.27 05:06:31.779,1.31279,1.31287,1.19,1.00
2017.10.27 05:06:36.139,1.31279,1.3129,1.19,2.81
2017.10.27 05:06:36.940,1.31279,1.3129,1.19,2.81
2017.10.27 05:06:50.616,1.31279,1.31288,1.39,1.00
2017.10.27 05:06:51.231,1.3128,1.31289,1.25,1.25
2017.10.27 05:06:52.745,1.31278,1.31288,1.31,1.00
2017.10.27 05:06:56.941,1.3128,1.31289,1.25,1.87
2017.10.27 05:06:57.619,1.31278,1.31288,1.29,1.00
2017.10.27 05:06:58.787,1.31278,1.31288,1.44,1.62
2017.10.27 05:07:01.564,1.31278,1.31289,1.19,1.87
2017.10.27 05:07:02.096,1.31278,1.31289,1.69,2.81
2017.10.27 05:07:07.346,1.31278,1.31289,2.14,1.50
2017.10.27 05:07:08.630,1.31276,1.31288,2.89,3.37
2017.10.27 05:07:08.886,1.31276,1.31284,1.01,1.00
2017.10.27 05:07:08.939,1.31276,1.31286,1.12,1.12
2017.10.27 05:07:08.991,1.31273,1.31282,4.01,1.12
2017.10.27 05:07:09.093,1.31277,1.31288,1.57,1.87
2017.10.27 05:07:09.146,1.31279,1.31289,1.19,1.01
2017.10.27 05:07:10.107,1.31279,1.31289,1.19,2.62
2017.10.27 05:07:10.493,1.31279,1.31289,1.19,1.69
2017.10.27 05:07:28.164,1.3128,1.31289,1.25,2.25
2017.10.27 05:07:28.696,1.3128,1.31289,1.25,2.06
2017.10.27 05:07:31.429,1.3128,1.31285,1.25,1.00
2017.10.27 05:07:31.482,1.31278,1.31285,1.00,1.00
2017.10.27 05:07:31.839,1.31276,1.31285,1.00,2.06
2017.10.27 05:07:32.420,1.31275,1.31285,1.87,1.69
2017.10.27 05:07:34.400,1.31275,1.31285,1.50,2.06
2017.10.27 05:07:35.644,1.31275,1.31285,1.87,3.56
2017.10.27 05:07:36.857,1.31276,1.31285,1.12,2.44
2017.10.27 05:07:37.649,1.31277,1.31285,1.00,2.44
2017.10.27 05:07:40.444,1.31276,1.31285,1.00,2.06
2017.10.27 05:07:40.988,1.31275,1.31285,1.00,2.81
2017.10.27 05:07:45.907,1.31275,1.31284,1.00,1.37
2017.10.27 05:07:47.877,1.31275,1.31284,1.50,1.50
2017.10.27 05:07:48.540,1.31276,1.31285,1.00,2.06
2017.10.27 05:07:49.294,1.31276,1.31285,1.57,2.06
2017.10.27 05:07:49.911,1.31276,1.31285,1.12,2.06
2017.10.27 05:07:50.688,1.31276,1.31285,1.12,1.31
2017.10.27 05:07:50.739,1.31278,1.31285,1.50,1.00
2017.10.27 05:07:51.511,1.31278,1.31285,2.44,1.00
2017.10.27 05:07:52.064,1.31278,1.31285,1.00,1.00
2017.10.27 05:07:55.751,1.31278,1.31285,3.37,1.00
2017.10.27 05:07:55.803,1.31278,1.31285,1.20,1.00
2017.10.27 05:08:07.996,1.31278,1.31285,1.50,1.00
2017.10.27 05:08:08.687,1.31278,1.31285,1.50,1.00
2017.10.27 05:08:08.898,1.31275,1.31285,2.06,1.50
2017.10.27 05:08:09.001,1.31275,1.31282,1.00,1.25
2017.10.27 05:08:09.617,1.31275,1.31282,1.00,1.50
2017.10.27 05:08:09.983,1.31277,1.31285,1.00,2.81
2017.10.27 05:08:10.034,1.31278,1.31285,1.37,1.50
2017.10.27 05:08:10.807,1.3128,1.31285,1.00,1.12
2017.10.27 05:08:23.847,1.31277,1.31285,1.95,1.00
2017.10.27 05:08:24.111,1.31275,1.31285,1.12,2.44
2017.10.27 05:08:24.620,1.31276,1.31284,1.00,1.00
2017.10.27 05:08:30.297,1.31275,1.31284,1.12,1.87
2017.10.27 05:08:30.604,1.3127,1.3128,4.76,1.12
2017.10.27 05:08:38.915,1.31271,1.31277,1.12,1.00
2017.10.27 05:08:41.048,1.31271,1.31273,1.00,1.00
2017.10.27 05:08:41.152,1.31266,1.31272,2.25,1.00
2017.10.27 05:08:41.307,1.31263,1.31267,1.12,1.00
2017.10.27 05:08:41.664,1.31261,1.31264,1.00,1.00
2017.10.27 05:08:42.175,1.31261,1.31263,1.00,1.00
2017.10.27 05:08:44.352,1.31264,1.31268,2.25,1.37
2017.10.27 05:08:44.901,1.31263,1.31266,2.25,1.00
2017.10.27 05:08:45.337,1.31263,1.3127,2.25,1.00
2017.10.27 05:08:45.893,1.31264,1.3127,1.50,1.00
2017.10.27 05:08:46.811,1.31263,1.3127,1.00,1.00
2017.10.27 05:08:46.863,1.31263,1.31265,1.00,1.00
2017.10.27 05:08:46.966,1.31263,1.31269,1.00,1.37
2017.10.27 05:08:47.068,1.31262,1.31266,1.00,1.00
2017.10.27 05:08:47.489,1.31264,1.31266,1.00,1.00
2017.10.27 05:08:47.543,1.31264,1.3127,1.00,1.00
2017.10.27 05:08:48.057,1.31264,1.31271,1.00,1.25
2017.10.27 05:08:48.328,1.31266,1.31272,1.00,2.44
2017.10.27 05:08:49.832,1.31266,1.31272,1.00,2.14
2017.10.27 05:08:53.538,1.31265,1.31271,1.00,1.76
2017.10.27 05:08:54.146,1.31265,1.31271,1.00,1.76
2017.10.27 05:08:57.219,1.31265,1.31271,1.00,1.32
2017.10.27 05:09:00.390,1.31265,1.31272,1.00,2.44
2017.10.27 05:09:05.903,1.31265,1.3127,1.00,1.00
2017.10.27 05:09:05.955,1.31263,1.3127,1.00,1.00
2017.10.27 05:09:06.706,1.31263,1.31271,1.00,2.06
2017.10.27 05:09:07.248,1.31263,1.31271,1.00,1.68
2017.10.27 05:09:07.610,1.31263,1.31268,1.00,1.20
2017.10.27 05:09:07.662,1.31261,1.31268,1.00,1.20
2017.10.27 05:09:08.992,1.3126,1.31268,1.00,3.26
2017.10.27 05:09:09.044,1.3126,1.31266,1.00,1.95
2017.10.27 05:09:09.548,1.31259,1.31266,1.12,2.32
2017.10.27 05:09:10.718,1.31258,1.31266,1.31,1.95
2017.10.27 05:09:11.268,1.31258,1.31266,1.69,1.20
2017.10.27 05:09:13.027,1.31258,1.31266,1.87,1.20
2017.10.27 05:09:13.638,1.31258,1.31266,2.25,1.95
2017.10.27 05:09:14.266,1.31258,1.31266,2.25,1.20
2017.10.27 05:09:16.061,1.31258,1.31266,1.25,1.20
2017.10.27 05:09:16.788,1.31257,1.31266,2.19,1.95
2017.10.27 05:09:20.300,1.31257,1.31265,1.88,1.45
2017.10.27 05:09:20.402,1.31256,1.31264,1.00,1.20
2017.10.27 05:09:20.912,1.31255,1.31264,1.25,1.45
2017.10.27 05:09:22.279,1.31255,1.31263,1.19,1.20
2017.10.27 05:09:23.378,1.31255,1.31263,1.25,1.20
2017.10.27 05:09:29.355,1.31255,1.31263,1.19,1.20
2017.10.27 05:09:32.566,1.31255,1.31263,1.00,1.20
2017.10.27 05:09:35.245,1.31254,1.31263,3.37,1.20
2017.10.27 05:09:35.798,1.31254,1.31262,6.34,1.20
2017.10.27 05:09:36.738,1.31254,1.31262,3.71,1.20
2017.10.27 05:09:40.779,1.31255,1.31262,1.37,1.20
2017.10.27 05:09:46.438,1.31255,1.31262,1.25,1.20
2017.10.27 05:09:47.143,1.31254,1.31262,4.09,1.20
2017.10.27 05:09:48.044,1.31255,1.31262,1.25,1.20
2017.10.27 05:09:49.689,1.31254,1.31262,4.46,1.20
2017.10.27 05:09:50.386,1.31255,1.31262,1.25,1.20
2017.10.27 05:09:50.789,1.31255,1.31264,1.69,1.20
2017.10.27 05:09:51.812,1.31255,1.31264,1.88,1.20
2017.10.27 05:09:52.320,1.31255,1.31263,1.69,1.20
2017.10.27 05:09:53.817,1.31255,1.31264,2.00,1.57
2017.10.27 05:09:54.366,1.31255,1.31264,1.69,1.57
2017.10.27 05:09:57.755,1.31256,1.31264,1.00,1.57
2017.10.27 05:10:00.263,1.31256,1.31263,1.00,1.20
2017.10.27 05:10:05.152,1.31256,1.31264,1.13,1.20
2017.10.27 05:10:05.683,1.31256,1.31264,1.13,1.45
2017.10.27 05:10:06.401,1.31257,1.31263,1.00,1.20
2017.10.27 05:10:06.453,1.31257,1.31264,1.00,1.20
2017.10.27 05:10:06.990,1.31256,1.31264,1.00,1.45
2017.10.27 05:10:09.216,1.31255,1.31262,1.65,1.00
2017.10.27 05:10:09.828,1.31255,1.31262,2.40,1.00
2017.10.27 05:10:10.392,1.31255,1.31262,1.65,1.00
2017.10.27 05:10:10.937,1.31255,1.31262,1.84,1.00
2017.10.27 05:10:11.457,1.31255,1.31262,1.87,1.00
2017.10.27 05:10:17.243,1.31254,1.31262,2.78,1.10
2017.10.27 05:10:17.801,1.31254,1.31262,2.03,1.10
2017.10.27 05:10:18.333,1.31254,1.31262,3.15,1.00
2017.10.27 05:10:18.856,1.31254,1.31262,2.03,1.00
2017.10.27 05:10:19.455,1.31254,1.31262,4.09,1.00
2017.10.27 05:10:19.967,1.31255,1.31262,1.25,1.00
2017.10.27 05:10:20.490,1.31254,1.31262,3.71,1.00
2017.10.27 05:10:21.916,1.31255,1.31262,1.00,1.00
2017.10.27 05:10:22.232,1.31257,1.31265,1.13,1.20
2017.10.27 05:10:22.492,1.31254,1.31263,6.00,1.10
2017.10.27 05:10:26.423,1.31254,1.31263,3.38,1.20
2017.10.27 05:10:27.044,1.31254,1.31263,3.38,1.00
2017.10.27 05:10:29.238,1.31254,1.31263,2.81,1.45
2017.10.27 05:10:35.480,1.31254,1.31263,2.63,1.00
2017.10.27 05:10:41.980,1.31255,1.31264,2.78,1.20
2017.10.27 05:10:42.580,1.31255,1.31264,3.15,1.20
2017.10.27 05:10:46.319,1.31256,1.31264,1.00,1.20
2017.10.27 05:10:48.761,1.31255,1.31264,1.88,1.20
2017.10.27 05:10:49.270,1.31255,1.31263,1.13,1.00
2017.10.27 05:10:52.033,1.31255,1.31263,1.31,1.00
2017.10.27 05:10:52.582,1.31255,1.31263,1.25,1.00
2017.10.27 05:10:53.126,1.31255,1.31263,1.31,1.10
2017.10.27 05:10:53.282,1.31255,1.31263,1.31,1.10
2017.10.27 05:10:53.791,1.31255,1.31263,1.31,1.10
2017.10.27 05:10:54.330,1.31255,1.31263,1.63,1.20
2017.10.27 05:10:54.535,1.31255,1.31263,1.25,1.10
2017.10.27 05:10:54.945,1.31255,1.31263,1.63,1.00
2017.10.27 05:10:55.457,1.31255,1.31263,1.63,1.10
2017.10.27 05:10:55.966,1.31255,1.31263,1.63,1.10
2017.10.27 05:10:56.474,1.31254,1.31263,3.75,1.20
2017.10.27 05:10:57.004,1.31254,1.31263,3.19,1.10
2017.10.27 05:10:58.036,1.31254,1.31263,3.19,1.20
2017.10.27 05:10:58.555,1.31255,1.31263,1.25,1.20
2017.10.27 05:10:59.063,1.31255,1.31263,1.25,1.10
2017.10.27 05:10:59.576,1.31255,1.31263,1.38,1.10
2017.10.27 05:11:07.543,1.31255,1.31264,2.19,1.45
2017.10.27 05:11:08.052,1.31255,1.31264,2.06,1.45
2017.10.27 05:11:08.632,1.31255,1.31264,2.06,1.45
2017.10.27 05:11:09.195,1.31254,1.31265,4.50,3.64
2017.10.27 05:11:10.375,1.31254,1.31264,4.50,1.10
2017.10.27 05:11:10.984,1.31254,1.31264,1.87,1.20
2017.10.27 05:11:11.487,1.31254,1.31264,3.94,1.20
2017.10.27 05:11:11.890,1.31254,1.31264,3.94,1.45
2017.10.27 05:11:11.994,1.31254,1.31264,3.94,1.20
2017.10.27 05:11:12.496,1.31254,1.31264,3.94,2.32
2017.10.27 05:11:13.705,1.31255,1.31264,1.63,1.95
2017.10.27 05:11:14.208,1.31255,1.31264,1.63,1.95
2017.10.27 05:11:14.720,1.31255,1.31264,1.63,1.57
2017.10.27 05:11:15.134,1.31255,1.31264,1.38,1.57
2017.10.27 05:11:15.828,1.31256,1.31264,1.00,1.20
2017.10.27 05:11:16.596,1.31255,1.31264,1.37,1.57
2017.10.27 05:11:16.852,1.31256,1.31264,1.00,1.57
2017.10.27 05:11:17.427,1.31255,1.31264,1.25,1.57
2017.10.27 05:11:17.733,1.31255,1.31264,1.50,1.57
2017.10.27 05:11:17.886,1.31255,1.31264,1.31,1.57
2017.10.27 05:11:18.676,1.31255,1.31264,1.50,1.20
2017.10.27 05:11:19.208,1.31255,1.31264,1.50,1.20
2017.10.27 05:11:19.717,1.31255,1.31264,1.31,1.57
2017.10.27 05:11:20.275,1.31255,1.31264,1.50,1.57
2017.10.27 05:11:20.783,1.31255,1.31265,1.31,1.95
2017.10.27 05:11:21.535,1.31255,1.31265,1.50,2.70
2017.10.27 05:11:22.247,1.31255,1.31265,1.25,2.89
2017.10.27 05:11:22.832,1.31255,1.31264,1.25,1.95
2017.10.27 05:11:23.336,1.31255,1.31264,1.25,1.57
2017.10.27 05:11:24.086,1.31253,1.31264,4.84,1.76
2017.10.27 05:11:24.748,1.31255,1.31264,2.06,2.32
2017.10.27 05:11:25.362,1.31255,1.31264,1.50,1.95
2017.10.27 05:11:25.895,1.31255,1.31265,3.94,1.95
2017.10.27 05:11:26.479,1.31255,1.31264,1.56,1.20
2017.10.27 05:11:26.988,1.31255,1.31264,1.25,1.95
2017.10.27 05:11:27.578,1.31254,1.31264,1.88,1.95
2017.10.27 05:11:28.453,1.31255,1.31264,1.31,2.32
2017.10.27 05:11:28.994,1.31254,1.31264,2.58,2.32
2017.10.27 05:11:29.506,1.31254,1.31264,2.96,2.32
2017.10.27 05:11:29.977,1.31254,1.31263,2.58,1.20
2017.10.27 05:11:30.486,1.31255,1.31263,1.31,1.20
2017.10.27 05:11:31.008,1.31255,1.31264,1.50,2.70
2017.10.27 05:11:32.054,1.31254,1.31264,2.25,2.32
2017.10.27 05:11:32.985,1.31254,1.31263,2.25,1.45
2017.10.27 05:11:34.104,1.31252,1.31261,1.87,1.12
2017.10.27 05:11:34.614,1.31251,1.3126,1.69,1.20
2017.10.27 05:11:39.894,1.31251,1.31261,2.25,1.76
2017.10.27 05:11:40.529,1.31252,1.31261,1.13,1.76
2017.10.27 05:11:41.100,1.31252,1.31261,1.38,1.76
2017.10.27 05:11:41.658,1.31252,1.31261,1.00,1.76
2017.10.27 05:11:45.279,1.31252,1.31261,1.44,1.76
2017.10.27 05:11:45.783,1.31251,1.31261,1.69,1.76
2017.10.27 05:11:46.298,1.31251,1.31261,2.25,2.14
2017.10.27 05:11:47.364,1.31251,1.31261,2.06,2.14
2017.10.27 05:11:48.367,1.31251,1.31261,2.25,1.70
2017.10.27 05:11:51.490,1.31251,1.31261,2.06,1.70
2017.10.27 05:11:52.110,1.31251,1.31261,2.25,1.70
2017.10.27 05:11:52.665,1.31252,1.3126,1.00,1.20
2017.10.27 05:11:53.450,1.31251,1.3126,2.25,1.20
2017.10.27 05:11:53.985,1.31252,1.3126,1.00,1.20
2017.10.27 05:12:02.053,1.31252,1.31261,1.31,2.51
2017.10.27 05:12:02.565,1.31252,1.31261,1.25,2.51
2017.10.27 05:12:03.229,1.31252,1.31261,1.50,2.51
2017.10.27 05:12:04.829,1.31252,1.31261,1.00,2.51
2017.10.27 05:12:05.041,1.31252,1.31261,2.59,2.51
2017.10.27 05:12:05.389,1.31257,1.31265,2.25,1.47
2017.10.27 05:12:06.053,1.31257,1.31265,3.19,1.47
2017.10.27 05:12:06.599,1.31257,1.31266,2.25,1.57
2017.10.27 05:12:07.303,1.31257,1.31265,1.50,1.57
2017.10.27 05:12:07.507,1.31255,1.31265,1.56,2.70
2017.10.27 05:12:07.558,1.31254,1.31263,3.56,1.00
2017.10.27 05:12:08.092,1.31255,1.31264,1.31,4.36
2017.10.27 05:12:08.398,1.31254,1.31263,2.25,1.70
2017.10.27 05:12:08.940,1.31254,1.31263,3.00,1.73
2017.10.27 05:12:18.770,1.31254,1.31264,3.00,2.89
2017.10.27 05:12:19.279,1.31254,1.31264,1.87,3.45
2017.10.27 05:12:22.092,1.31254,1.31264,3.00,2.32
2017.10.27 05:12:22.634,1.31254,1.31264,2.25,2.32
2017.10.27 05:12:23.193,1.31254,1.31264,3.00,2.32
2017.10.27 05:12:23.538,1.31254,1.31264,2.06,2.32
2017.10.27 05:12:24.328,1.31254,1.31264,3.19,2.32
2017.10.27 05:12:24.934,1.31254,1.31264,1.87,2.32
2017.10.27 05:12:28.716,1.31254,1.31264,1.87,3.26
2017.10.27 05:12:29.256,1.31254,1.31264,1.87,3.07
2017.10.27 05:12:29.796,1.31254,1.31263,1.50,1.70
2017.10.27 05:12:30.792,1.31254,1.31263,1.87,2.51
2017.10.27 05:12:31.460,1.31254,1.31263,1.88,1.57
2017.10.27 05:12:32.277,1.31254,1.31264,2.62,3.82
2017.10.27 05:12:32.823,1.31254,1.31264,2.44,3.45
2017.10.27 05:12:33.389,1.31254,1.31264,1.50,3.45
2017.10.27 05:12:33.890,1.31255,1.31264,1.00,2.32
2017.10.27 05:12:34.200,1.31256,1.31263,1.65,1.10
2017.10.27 05:12:34.731,1.31255,1.31264,1.39,1.39
2017.10.27 05:12:36.385,1.31256,1.31265,1.00,2.70
2017.10.27 05:12:37.941,1.31254,1.31265,3.19,3.45
2017.10.27 05:12:38.246,1.31252,1.31262,3.75,2.89
2017.10.27 05:12:38.861,1.31253,1.31261,1.19,1.39
2017.10.27 05:12:40.586,1.31254,1.31263,1.25,2.70
2017.10.27 05:12:41.183,1.31254,1.31263,1.09,2.51
2017.10.27 05:12:41.687,1.31254,1.31263,1.65,2.51
2017.10.27 05:12:43.521,1.31254,1.31263,2.03,1.76
2017.10.27 05:12:44.035,1.31254,1.31263,1.09,2.32
2017.10.27 05:12:44.584,1.31254,1.31263,1.09,2.32
2017.10.27 05:12:45.230,1.31254,1.31263,1.84,2.51
2017.10.27 05:12:45.774,1.31253,1.31262,3.53,1.00
2017.10.27 05:12:47.232,1.31254,1.31262,1.69,1.00
2017.10.27 05:12:47.745,1.31253,1.31263,3.38,1.95
2017.10.27 05:12:48.542,1.31253,1.31263,5.44,1.57
2017.10.27 05:12:49.208,1.31254,1.31263,1.69,1.57
2017.10.27 05:12:49.753,1.31255,1.31263,1.00,1.39
2017.10.27 05:12:51.624,1.31254,1.31263,1.00,1.39
2017.10.27 05:12:52.330,1.31254,1.31263,2.21,1.39
2017.10.27 05:12:52.932,1.31254,1.31263,1.20,1.01
2017.10.27 05:12:53.721,1.31254,1.31263,1.20,1.70
2017.10.27 05:12:54.372,1.31254,1.31263,1.20,1.01
2017.10.27 05:12:54.899,1.31254,1.31263,1.84,2.14
2017.10.27 05:12:55.488,1.31254,1.31263,1.20,2.14
2017.10.27 05:12:58.177,1.31254,1.31263,1.57,1.95
2017.10.27 05:12:58.723,1.31254,1.31263,1.09,2.32
2017.10.27 05:12:59.228,1.31253,1.31263,4.46,2.06
2017.10.27 05:12:59.916,1.31253,1.31263,4.46,2.14
2017.10.27 05:13:00.020,1.31256,1.31263,1.00,2.14
2017.10.27 05:13:01.037,1.31256,1.31264,1.00,2.70
2017.10.27 05:13:01.570,1.31256,1.31264,1.00,2.89
2017.10.27 05:13:03.520,1.31256,1.31264,1.00,2.51
2017.10.27 05:13:04.530,1.31256,1.31264,1.00,1.95
2017.10.27 05:13:05.536,1.31256,1.31264,1.12,2.89
2017.10.27 05:13:06.625,1.31256,1.31264,1.12,2.89
2017.10.27 05:13:07.557,1.31256,1.31264,1.12,2.70
2017.10.27 05:13:09.246,1.31256,1.31264,1.25,1.57
2017.10.27 05:13:20.872,1.31257,1.31264,1.50,1.00
2017.10.27 05:13:23.010,1.31258,1.31264,1.37,1.00
2017.10.27 05:13:26.247,1.31258,1.31264,1.00,1.00
2017.10.27 05:13:28.040,1.31257,1.31264,1.12,1.00
2017.10.27 05:13:43.535,1.31256,1.31264,2.78,1.00
2017.10.27 05:13:45.081,1.31256,1.31264,3.15,1.00
2017.10.27 05:13:45.736,1.31256,1.31264,2.96,1.00
2017.10.27 05:13:46.260,1.31256,1.31264,2.44,1.00
2017.10.27 05:13:46.364,1.31256,1.31264,3.15,1.20
2017.10.27 05:13:46.672,1.31256,1.3126,1.00,1.00
2017.10.27 05:13:48.493,1.31257,1.31264,1.00,2.32
2017.10.27 05:13:48.546,1.31257,1.31264,1.69,1.57
2017.10.27 05:13:49.081,1.31257,1.31264,2.00,1.12
2017.10.27 05:13:49.661,1.31258,1.31264,1.00,1.12
2017.10.27 05:13:50.278,1.31258,1.31264,2.02,1.00
2017.10.27 05:13:50.330,1.3126,1.31266,1.13,1.00
2017.10.27 05:13:50.382,1.3126,1.31268,1.31,1.00
2017.10.27 05:13:51.263,1.3126,1.31268,2.81,1.00
2017.10.27 05:13:51.811,1.3126,1.31268,2.06,1.00
2017.10.27 05:13:58.357,1.31257,1.31264,1.50,1.00
2017.10.27 05:13:58.766,1.31256,1.31261,1.00,1.25
2017.10.27 05:13:59.072,1.31256,1.31259,1.00,1.00
2017.10.27 05:13:59.227,1.31256,1.31261,1.00,1.69
2017.10.27 05:13:59.330,1.31256,1.31263,1.25,1.25
2017.10.27 05:13:59.854,1.31256,1.31264,1.65,1.50
2017.10.27 05:14:00.360,1.31256,1.31263,1.00,1.00
2017.10.27 05:14:00.514,1.31258,1.31264,1.00,1.00
2017.10.27 05:14:01.521,1.31259,1.31264,1.00,1.00
2017.10.27 05:14:04.468,1.31258,1.31264,1.00,1.00
2017.10.27 05:14:09.396,1.31259,1.31264,1.27,1.00
2017.10.27 05:14:09.448,1.31261,1.31269,1.00,2.06
2017.10.27 05:14:10.993,1.31261,1.31268,1.50,1.75
2017.10.27 05:14:11.594,1.3126,1.31265,1.00,1.00
2017.10.27 05:14:13.166,1.31258,1.31265,1.25,1.00
2017.10.27 05:14:21.927,1.31259,1.31265,1.00,1.12
2017.10.27 05:14:29.240,1.3126,1.31265,1.00,1.00
2017.10.27 05:14:35.135,1.31259,1.31265,1.00,1.31
2017.10.27 05:15:11.408,1.31259,1.31268,1.19,3.00
2017.10.27 05:15:11.921,1.3126,1.31267,2.81,1.00
2017.10.27 05:15:12.505,1.3126,1.31268,2.81,1.50
2017.10.27 05:15:16.049,1.31261,1.31269,1.00,1.69
2017.10.27 05:15:16.582,1.31261,1.31269,1.37,1.62
2017.10.27 05:15:17.704,1.31261,1.3127,1.50,2.81
2017.10.27 05:15:19.886,1.31261,1.31269,1.12,1.25
2017.10.27 05:15:23.086,1.31261,1.31268,1.12,2.62
2017.10.27 05:15:23.240,1.31256,1.31262,1.00,1.00
2017.10.27 05:15:23.344,1.31258,1.31264,1.00,1.00
2017.10.27 05:15:25.406,1.31259,1.31264,1.00,1.00
2017.10.27 05:15:25.765,1.31257,1.31262,1.00,1.00
2017.10.27 05:15:25.969,1.31257,1.31264,1.00,1.39
2017.10.27 05:15:28.641,1.31257,1.31264,1.00,2.51
2017.10.27 05:15:29.177,1.31256,1.31262,1.00,1.00
2017.10.27 05:15:29.706,1.31256,1.31259,1.00,1.00
2017.10.27 05:15:30.918,1.31256,1.31259,1.00,1.19
2017.10.27 05:15:32.146,1.31254,1.31257,1.00,1.00
2017.10.27 05:15:32.249,1.3125,1.31257,2.25,1.25
2017.10.27 05:15:32.761,1.3125,1.31257,1.12,1.01
2017.10.27 05:15:38.784,1.3125,1.31257,1.00,1.70
2017.10.27 05:15:38.955,1.31253,1.31257,1.00,1.69
2017.10.27 05:15:39.159,1.31248,1.31257,2.62,1.69
2017.10.27 05:15:43.433,1.31249,1.31257,1.37,1.69
2017.10.27 05:15:44.026,1.31249,1.31257,1.12,1.69
2017.10.27 05:15:46.367,1.31249,1.31257,1.37,1.69
2017.10.27 05:15:46.910,1.31249,1.31257,1.62,1.00
2017.10.27 05:15:47.459,1.31249,1.31257,1.25,1.00
2017.10.27 05:16:00.433,1.31248,1.31257,2.81,1.00
2017.10.27 05:16:01.412,1.31248,1.31257,2.44,1.00
2017.10.27 05:16:14.986,1.31248,1.31257,2.06,1.45
2017.10.27 05:16:15.494,1.31249,1.31257,1.25,1.20
2017.10.27 05:16:17.475,1.31249,1.31257,1.62,1.20
2017.10.27 05:16:18.474,1.31249,1.31257,1.31,1.20
2017.10.27 05:16:20.769,1.31249,1.31256,1.25,1.58
2017.10.27 05:16:21.026,1.31241,1.31249,1.50,1.50
2017.10.27 05:16:21.129,1.31244,1.31249,1.00,1.12
2017.10.27 05:16:24.682,1.31249,1.3125,1.00,1.00
2017.10.27 05:16:24.786,1.31249,1.31254,1.00,1.00
2017.10.27 05:16:28.294,1.31253,1.31254,1.00,1.00
2017.10.27 05:16:28.347,1.31253,1.3126,1.00,3.19
2017.10.27 05:16:29.294,1.31253,1.3126,1.00,1.50
2017.10.27 05:16:30.078,1.31253,1.3126,1.50,4.69
2017.10.27 05:16:30.399,1.31251,1.31255,1.00,1.00
2017.10.27 05:16:39.557,1.3125,1.31255,1.25,1.12
2017.10.27 05:16:43.873,1.31251,1.31255,1.00,1.12
2017.10.27 05:16:45.899,1.31253,1.31255,1.00,1.00
2017.10.27 05:16:48.788,1.31251,1.31255,1.00,1.00
2017.10.27 05:16:54.946,1.31251,1.3126,1.13,4.31
2017.10.27 05:16:55.455,1.31252,1.31259,1.00,1.31
2017.10.27 05:17:06.337,1.31253,1.3126,1.00,1.31
2017.10.27 05:17:09.958,1.31253,1.3126,1.00,1.31
2017.10.27 05:17:20.128,1.31253,1.3126,1.00,1.62
2017.10.27 05:17:21.124,1.31253,1.3126,1.00,1.25
2017.10.27 05:17:22.093,1.31253,1.3126,1.00,1.69
2017.10.27 05:17:24.719,1.31251,1.3126,1.88,1.69
2017.10.27 05:17:24.770,1.31254,1.3126,1.00,1.69
2017.10.27 05:17:31.801,1.31256,1.3126,1.20,1.00
2017.10.27 05:17:31.852,1.31257,1.31264,1.00,1.95
2017.10.27 05:17:32.362,1.31258,1.31264,1.00,1.87
2017.10.27 05:17:39.675,1.31258,1.31264,1.00,1.88
2017.10.27 05:17:40.213,1.31258,1.31264,1.00,1.95
2017.10.27 05:17:41.093,1.31258,1.31264,1.00,1.57
2017.10.27 05:17:44.719,1.31258,1.31264,1.00,1.20
2017.10.27 05:17:44.821,1.31261,1.31264,1.00,1.00
2017.10.27 05:17:44.873,1.31258,1.31264,1.00,1.00
2017.10.27 05:17:49.829,1.31252,1.3126,4.87,2.89
2017.10.27 05:17:50.136,1.31251,1.31259,1.25,3.07
2017.10.27 05:18:00.398,1.3125,1.3126,3.38,2.70
2017.10.27 05:18:07.027,1.3125,1.31259,2.44,1.01
2017.10.27 05:18:07.907,1.3125,1.31259,3.94,1.39
2017.10.27 05:18:08.462,1.3125,1.31259,3.19,1.39
2017.10.27 05:18:11.151,1.3125,1.31258,3.56,1.10
2017.10.27 05:18:11.725,1.31251,1.31258,1.25,1.12
2017.10.27 05:18:12.691,1.31251,1.31259,1.69,1.50
2017.10.27 05:18:14.464,1.3125,1.3126,3.19,2.44
2017.10.27 05:18:15.841,1.3125,1.31259,3.19,1.00
2017.10.27 05:18:18.950,1.3125,1.31259,2.06,1.12
2017.10.27 05:18:19.494,1.31252,1.31259,1.19,1.12
2017.10.27 05:18:21.745,1.31252,1.3126,1.19,1.87
2017.10.27 05:18:25.308,1.31252,1.3126,1.19,1.57
2017.10.27 05:18:25.819,1.31252,1.3126,1.19,1.95
2017.10.27 05:18:26.435,1.31252,1.3126,1.19,2.51
2017.10.27 05:18:26.572,1.31252,1.3126,1.19,1.50
2017.10.27 05:18:27.080,1.31252,1.3126,1.19,1.50
2017.10.27 05:18:28.998,1.31252,1.3126,1.19,6.94
2017.10.27 05:18:29.762,1.31252,1.3126,1.19,1.87
2017.10.27 05:18:31.267,1.31252,1.3126,2.06,1.50
2017.10.27 05:18:32.227,1.31252,1.31259,1.31,1.00
2017.10.27 05:18:36.942,1.31251,1.31259,2.44,1.00
2017.10.27 05:18:51.298,1.31251,1.31259,1.12,3.19
2017.10.27 05:18:51.604,1.3124,1.31247,2.51,1.00
2017.10.27 05:18:52.557,1.3124,1.31248,7.01,1.00
2017.10.27 05:18:53.302,1.31242,1.31248,1.69,1.00
2017.10.27 05:19:01.433,1.31242,1.3125,1.19,1.50
2017.10.27 05:19:09.779,1.31245,1.3125,1.00,1.00
2017.10.27 05:19:38.269,1.31244,1.3125,1.00,1.13
2017.10.27 05:19:38.422,1.31242,1.3125,1.25,1.69
2017.10.27 05:19:38.677,1.31242,1.3125,1.25,1.50
2017.10.27 05:19:40.307,1.31244,1.3125,1.00,1.00
2017.10.27 05:19:51.326,1.31244,1.31253,1.00,3.37
2017.10.27 05:19:51.564,1.31244,1.31252,1.00,1.31
2017.10.27 05:19:52.130,1.31243,1.31251,1.00,2.06
2017.10.27 05:19:52.836,1.31243,1.31251,1.00,1.87
2017.10.27 05:19:53.377,1.31243,1.31251,1.00,2.44
2017.10.27 05:19:56.066,1.31243,1.31251,1.00,2.06
2017.10.27 05:19:56.636,1.31243,1.31251,1.00,1.50
2017.10.27 05:19:57.367,1.31243,1.31251,1.00,1.12
2017.10.27 05:19:59.367,1.31243,1.31251,1.00,1.69
2017.10.27 05:20:00.027,1.31243,1.31251,1.00,1.25
2017.10.27 05:20:00.816,1.31243,1.31253,1.00,3.45
2017.10.27 05:20:01.500,1.31243,1.31252,1.00,1.37
2017.10.27 05:20:02.226,1.31245,1.31253,1.00,3.82
2017.10.27 05:20:02.771,1.31245,1.31252,1.00,1.25
2017.10.27 05:20:03.315,1.31245,1.31252,1.00,1.31
2017.10.27 05:20:06.896,1.31242,1.31251,1.25,1.50
2017.10.27 05:20:07.103,1.31242,1.31251,1.25,1.69
2017.10.27 05:20:07.642,1.31242,1.3125,1.25,1.00
2017.10.27 05:20:08.632,1.31242,1.31251,1.25,2.25
2017.10.27 05:20:09.356,1.31242,1.31251,1.25,1.69
2017.10.27 05:20:09.744,1.31242,1.31251,1.25,1.94
2017.10.27 05:20:09.846,1.31242,1.3125,1.25,1.00
2017.10.27 05:20:10.356,1.31242,1.31251,1.25,1.75
2017.10.27 05:20:11.408,1.31242,1.31251,1.25,2.25
2017.10.27 05:20:12.078,1.31242,1.3125,1.25,1.19
2017.10.27 05:20:13.286,1.31242,1.31251,1.00,2.62
2017.10.27 05:20:13.877,1.31242,1.3125,1.00,1.19
2017.10.27 05:20:14.380,1.31242,1.31251,1.00,2.81
2017.10.27 05:20:14.894,1.31242,1.3125,1.00,1.19
2017.10.27 05:20:15.396,1.31242,1.31251,1.00,2.62
2017.10.27 05:20:16.034,1.31242,1.3125,1.00,1.19
2017.10.27 05:20:16.746,1.31242,1.31251,1.00,2.62
2017.10.27 05:20:18.196,1.31242,1.3125,1.00,1.44
2017.10.27 05:20:18.727,1.31242,1.31251,1.00,3.19
2017.10.27 05:20:19.769,1.31242,1.3125,1.00,1.44
2017.10.27 05:20:20.342,1.31242,1.3125,1.00,1.00
2017.10.27 05:20:20.974,1.31242,1.3125,1.00,1.31
2017.10.27 05:20:21.525,1.31242,1.3125,1.00,1.00
2017.10.27 05:20:22.180,1.31242,1.3125,1.00,1.50
2017.10.27 05:20:22.713,1.31242,1.3125,1.00,1.00
2017.10.27 05:20:23.670,1.31242,1.3125,1.00,1.50
2017.10.27 05:20:24.188,1.31242,1.3125,1.00,1.87
2017.10.27 05:20:24.795,1.31242,1.3125,1.00,1.87
2017.10.27 05:20:27.958,1.31242,1.31251,1.00,2.25
2017.10.27 05:20:29.758,1.31242,1.3125,1.00,1.69
2017.10.27 05:20:30.366,1.31242,1.3125,1.00,1.87
2017.10.27 05:20:30.905,1.31242,1.3125,1.00,1.44
2017.10.27 05:20:31.445,1.31242,1.31251,1.00,1.87
2017.10.27 05:20:31.547,1.31239,1.3125,1.76,1.50
2017.10.27 05:20:33.297,1.31241,1.3125,1.12,1.25
2017.10.27 05:20:33.835,1.31241,1.3125,1.69,1.25
2017.10.27 05:20:35.497,1.31242,1.31251,1.25,2.62
2017.10.27 05:20:36.027,1.31242,1.31251,1.62,1.87
2017.10.27 05:20:36.534,1.31242,1.31251,1.31,1.12
2017.10.27 05:20:38.556,1.31242,1.31251,1.25,2.63
2017.10.27 05:20:39.363,1.31241,1.31251,1.19,1.69
2017.10.27 05:20:40.174,1.3124,1.31251,4.76,1.88
2017.10.27 05:20:40.838,1.3124,1.31251,2.51,1.69
2017.10.27 05:20:42.217,1.3124,1.31251,2.51,2.06
2017.10.27 05:20:42.721,1.31242,1.31251,1.31,1.12
2017.10.27 05:20:45.580,1.31242,1.31251,1.62,1.12
2017.10.27 05:20:47.966,1.31242,1.31251,1.25,1.12
2017.10.27 05:20:48.506,1.31242,1.31251,1.69,1.50
2017.10.27 05:20:51.044,1.31242,1.3125,1.69,1.00
2017.10.27 05:20:52.037,1.31242,1.31251,1.31,1.50
2017.10.27 05:20:52.903,1.31245,1.31254,1.37,1.69
2017.10.27 05:20:53.191,1.31246,1.31255,2.06,1.00
2017.10.27 05:20:54.418,1.31246,1.31255,1.31,1.00
2017.10.27 05:20:55.019,1.31246,1.31255,3.19,1.00
2017.10.27 05:20:55.123,1.31248,1.31255,1.56,1.00
2017.10.27 05:20:58.062,1.31248,1.31255,1.01,1.00
2017.10.27 05:21:01.138,1.31248,1.31255,1.26,1.00
2017.10.27 05:21:01.446,1.31242,1.31251,1.45,1.12
2017.10.27 05:21:01.984,1.31242,1.3125,1.57,1.00
2017.10.27 05:21:02.504,1.31242,1.31251,1.95,1.12
2017.10.27 05:21:02.659,1.31242,1.31251,1.57,1.69
2017.10.27 05:21:02.763,1.31241,1.3125,1.70,1.50
2017.10.27 05:21:03.326,1.31241,1.31249,1.01,1.44
2017.10.27 05:21:03.549,1.31241,1.31251,1.01,2.25
2017.10.27 05:21:04.154,1.31241,1.31251,1.70,2.81
2017.10.27 05:21:05.014,1.31241,1.3125,2.14,1.00
2017.10.27 05:21:05.525,1.31241,1.31251,1.76,1.50
2017.10.27 05:21:07.642,1.31241,1.31251,1.76,3.94
2017.10.27 05:21:07.693,1.31241,1.31251,1.70,3.19
2017.10.27 05:21:07.948,1.31241,1.3125,2.33,1.12
2017.10.27 05:21:08.088,1.31241,1.3125,1.57,1.12
2017.10.27 05:21:08.736,1.31241,1.3125,1.70,1.12
2017.10.27 05:21:09.143,1.31242,1.31252,2.51,1.62
2017.10.27 05:21:18.428,1.31245,1.31254,1.47,2.81
2017.10.27 05:21:18.483,1.31245,1.31254,2.51,1.12
2017.10.27 05:21:18.639,1.31246,1.31255,1.64,1.00
2017.10.27 05:21:20.159,1.31247,1.31255,1.01,1.50
2017.10.27 05:21:20.684,1.31247,1.31255,1.01,1.69
2017.10.27 05:21:21.439,1.31247,1.31255,1.70,1.87
2017.10.27 05:21:22.332,1.31247,1.31255,1.70,2.25
2017.10.27 05:21:25.276,1.31247,1.31255,1.70,1.50
2017.10.27 05:21:25.788,1.31247,1.31255,1.70,1.87
2017.10.27 05:21:30.544,1.31248,1.31255,2.07,1.00
2017.10.27 05:21:31.185,1.31242,1.3125,1.39,1.00
2017.10.27 05:21:31.704,1.31241,1.3125,2.89,1.50
2017.10.27 05:21:44.404,1.31242,1.3125,1.70,3.00
2017.10.27 05:21:45.426,1.31242,1.3125,1.70,2.62
2017.10.27 05:21:45.931,1.31241,1.3125,1.64,2.06
2017.10.27 05:21:46.269,1.3124,1.31245,1.01,1.00
2017.10.27 05:21:46.476,1.31233,1.3124,1.01,1.00
2017.10.27 05:21:46.579,1.31234,1.3124,1.70,1.00
2017.10.27 05:21:46.733,1.31233,1.3124,1.64,1.00
2017.10.27 05:22:00.920,1.31235,1.31244,1.20,1.50
2017.10.27 05:22:01.023,1.31237,1.31245,1.01,1.50
2017.10.27 05:22:01.332,1.31238,1.31245,2.89,1.00
2017.10.27 05:22:04.259,1.31238,1.31245,1.76,1.00
2017.10.27 05:22:05.028,1.31238,1.31245,1.39,1.00
2017.10.27 05:22:06.087,1.31239,1.31247,1.00,2.81
2017.10.27 05:22:06.643,1.31239,1.31247,1.20,3.00
2017.10.27 05:22:07.087,1.31239,1.31247,1.76,1.00
2017.10.27 05:22:07.636,1.3124,1.31247,1.45,1.00
2017.10.27 05:22:11.342,1.31239,1.31247,1.70,1.38
2017.10.27 05:22:11.446,1.31239,1.31247,1.32,1.56
2017.10.27 05:22:11.960,1.31237,1.31247,2.89,3.00
2017.10.27 05:22:13.236,1.31237,1.31247,2.32,3.56
2017.10.27 05:22:13.567,1.31237,1.31247,1.95,2.44
2017.10.27 05:22:14.111,1.31237,1.31245,1.45,1.00
2017.10.27 05:22:15.656,1.31237,1.31245,1.45,1.00
2017.10.27 05:22:16.248,1.31236,1.31243,2.40,1.69
2017.10.27 05:22:16.395,1.31236,1.31245,1.45,4.09
2017.10.27 05:22:16.600,1.31235,1.31245,2.32,3.75
2017.10.27 05:22:16.856,1.31236,1.31245,1.20,3.94
2017.10.27 05:22:16.958,1.31235,1.31244,3.45,1.13
2017.10.27 05:22:17.880,1.31236,1.31245,1.45,1.69
2017.10.27 05:22:18.395,1.31237,1.31245,1.45,1.50
2017.10.27 05:22:19.033,1.31237,1.31245,1.45,1.69
2017.10.27 05:22:20.285,1.31237,1.31245,1.45,1.13
2017.10.27 05:22:21.815,1.31238,1.31245,1.10,1.00
2017.10.27 05:22:22.122,1.31238,1.31245,3.26,1.00
2017.10.27 05:22:26.266,1.31239,1.31245,1.07,1.25
2017.10.27 05:22:26.480,1.31237,1.31245,1.57,1.31
2017.10.27 05:22:27.000,1.31237,1.31245,1.20,1.25
2017.10.27 05:22:27.510,1.31237,1.31245,1.45,1.00
2017.10.27 05:22:28.462,1.31237,1.31245,1.45,1.44
2017.10.27 05:22:28.976,1.31236,1.31245,1.70,1.50
2017.10.27 05:22:29.491,1.31236,1.31245,1.70,1.69
2017.10.27 05:22:32.201,1.31236,1.31245,2.07,1.50
2017.10.27 05:22:32.758,1.31237,1.31245,1.10,1.50
2017.10.27 05:22:33.290,1.31236,1.31245,1.76,1.50
2017.10.27 05:22:35.497,1.31236,1.31245,2.14,1.88
2017.10.27 05:22:36.163,1.31236,1.31245,2.14,1.50
2017.10.27 05:22:36.474,1.31239,1.31245,1.07,1.00
2017.10.27 05:22:37.448,1.31239,1.31245,1.20,1.00
2017.10.27 05:22:37.986,1.31239,1.31245,1.45,1.00
2017.10.27 05:22:38.627,1.31239,1.31245,1.10,1.00
2017.10.27 05:22:41.223,1.3124,1.31245,1.31,1.00
2017.10.27 05:22:41.748,1.31239,1.31245,1.82,1.00
2017.10.27 05:22:42.927,1.3124,1.31245,1.10,1.00
2017.10.27 05:22:43.272,1.31239,1.31245,1.95,1.00
2017.10.27 05:22:44.763,1.3124,1.31245,1.01,1.00
2017.10.27 05:22:45.488,1.3124,1.31245,1.07,1.00
2017.10.27 05:22:46.991,1.3124,1.31245,1.10,1.00
2017.10.27 05:23:07.293,1.31238,1.31245,1.01,1.00
2017.10.27 05:23:07.867,1.31236,1.31245,3.45,1.69
2017.10.27 05:23:07.969,1.31239,1.31245,1.01,1.00
2017.10.27 05:23:08.469,1.31236,1.31245,2.14,1.50
2017.10.27 05:23:09.266,1.31236,1.31245,2.14,1.50
2017.10.27 05:23:10.196,1.31236,1.31245,1.76,1.50
2017.10.27 05:23:11.111,1.31236,1.31245,2.14,1.50
2017.10.27 05:23:14.962,1.31237,1.31247,1.45,1.31
2017.10.27 05:23:15.572,1.31236,1.31246,1.70,1.12
2017.10.27 05:23:17.371,1.31238,1.31247,1.20,1.63
2017.10.27 05:23:20.856,1.31238,1.31247,1.20,1.69
2017.10.27 05:23:22.126,1.31238,1.31247,1.20,2.00
2017.10.27 05:23:23.150,1.31238,1.31247,1.20,2.44
2017.10.27 05:23:25.256,1.31238,1.31247,1.20,2.06
2017.10.27 05:23:25.787,1.31238,1.31247,1.00,1.69
2017.10.27 05:23:26.831,1.31239,1.31247,1.00,1.25
2017.10.27 05:23:32.200,1.31239,1.31248,1.00,2.89
2017.10.27 05:23:33.077,1.31239,1.31248,1.00,2.70
2017.10.27 05:23:33.886,1.31239,1.31248,1.00,3.64
2017.10.27 05:23:34.459,1.31239,1.31248,1.00,3.00
2017.10.27 05:23:35.133,1.31239,1.31248,1.00,3.19
2017.10.27 05:23:38.051,1.31239,1.31248,1.00,3.08
2017.10.27 05:23:38.568,1.31239,1.31247,1.00,1.19
2017.10.27 05:23:39.201,1.31239,1.31248,1.00,3.26
2017.10.27 05:23:41.299,1.3124,1.31248,1.00,2.89
2017.10.27 05:23:46.080,1.3124,1.31247,1.00,1.44
2017.10.27 05:23:46.718,1.3124,1.31247,1.00,1.00
2017.10.27 05:23:47.375,1.3124,1.31248,1.00,2.70
2017.10.27 05:23:51.243,1.3124,1.31247,1.00,1.69
2017.10.27 05:24:09.955,1.3124,1.31247,1.00,1.44
2017.10.27 05:24:28.793,1.31239,1.31247,1.00,1.44
2017.10.27 05:24:31.275,1.31239,1.31247,1.00,1.88
2017.10.27 05:24:31.784,1.31239,1.31247,1.00,1.88
2017.10.27 05:24:32.949,1.31239,1.31246,1.00,1.19
2017.10.27 05:24:33.514,1.31239,1.31246,1.00,1.00
2017.10.27 05:24:40.755,1.31239,1.31247,1.00,2.81
2017.10.27 05:24:44.088,1.31239,1.31247,1.00,1.50
2017.10.27 05:24:44.628,1.31239,1.31247,1.00,1.13
2017.10.27 05:24:46.238,1.31239,1.31247,1.00,1.31
2017.10.27 05:24:46.765,1.31239,1.31247,1.00,1.12
2017.10.27 05:24:51.813,1.31239,1.31247,1.00,1.50
2017.10.27 05:24:52.817,1.31239,1.31248,1.00,3.00
2017.10.27 05:25:00.146,1.31239,1.31248,1.20,3.00
2017.10.27 05:25:00.690,1.31239,1.31247,1.00,2.06
2017.10.27 05:25:05.112,1.31238,1.31247,1.39,2.44
2017.10.27 05:25:05.787,1.31237,1.31245,1.76,1.00
2017.10.27 05:25:07.344,1.31237,1.31244,1.39,1.31
2017.10.27 05:25:07.650,1.31236,1.31244,1.39,1.00
2017.10.27 05:25:08.848,1.31237,1.31244,1.20,1.00
2017.10.27 05:25:11.392,1.31237,1.31245,1.20,2.44
2017.10.27 05:25:14.397,1.31237,1.31244,1.20,1.37
2017.10.27 05:25:15.395,1.31237,1.31245,1.20,2.44
2017.10.27 05:25:17.164,1.31237,1.31243,1.00,2.25
2017.10.27 05:25:17.269,1.31233,1.31242,2.14,1.00
2017.10.27 05:25:17.790,1.31233,1.31242,1.64,1.13
2017.10.27 05:25:18.058,1.31233,1.3124,1.64,1.44
2017.10.27 05:25:18.716,1.31233,1.3124,1.39,1.00
2017.10.27 05:25:44.388,1.31235,1.3124,1.00,1.00
2017.10.27 05:25:47.640,1.31234,1.3124,1.25,1.00
2017.10.27 05:25:48.777,1.31233,1.3124,1.39,1.69
2017.10.27 05:25:49.034,1.31232,1.3124,1.25,2.81
2017.10.27 05:25:49.819,1.31232,1.31239,1.25,1.31
2017.10.27 05:25:50.074,1.31231,1.31236,1.19,1.88
2017.10.27 05:25:50.125,1.3123,1.31236,1.25,1.88
2017.10.27 05:25:50.636,1.31231,1.31239,1.00,4.88
2017.10.27 05:25:51.137,1.31232,1.31239,1.00,1.31
2017.10.27 05:25:51.384,1.3123,1.31239,2.06,2.06
2017.10.27 05:25:56.969,1.3123,1.31239,2.14,2.63
2017.10.27 05:25:57.174,1.31232,1.31239,1.20,1.69
2017.10.27 05:25:57.724,1.3123,1.31238,3.26,1.00
2017.10.27 05:25:58.239,1.31231,1.3124,1.76,2.25
2017.10.27 05:25:58.341,1.31231,1.3124,1.76,2.81
2017.10.27 05:25:58.962,1.31231,1.31239,1.76,1.50
2017.10.27 05:25:59.586,1.31231,1.31238,1.76,1.00
2017.10.27 05:26:00.134,1.31231,1.31238,1.39,1.00
2017.10.27 05:26:01.578,1.31232,1.3124,1.39,2.25
2017.10.27 05:26:02.139,1.31232,1.3124,1.39,2.63
2017.10.27 05:26:02.649,1.31231,1.31239,1.01,1.44
2017.10.27 05:26:03.216,1.31231,1.31239,1.01,1.31
2017.10.27 05:26:03.849,1.31231,1.31239,1.01,1.50
2017.10.27 05:26:04.003,1.3123,1.31234,1.50,1.19
2017.10.27 05:26:04.156,1.31228,1.31235,1.56,2.62
2017.10.27 05:26:04.208,1.3123,1.31235,1.45,1.50
2017.10.27 05:26:04.597,1.3123,1.31238,1.69,1.13
2017.10.27 05:26:05.973,1.3123,1.31238,1.69,1.50
2017.10.27 05:26:06.025,1.31225,1.31232,1.69,1.50
2017.10.27 05:26:06.332,1.31228,1.31235,1.12,2.62
2017.10.27 05:26:06.383,1.31229,1.31235,1.31,1.00
2017.10.27 05:26:06.435,1.3123,1.31238,1.69,1.12
2017.10.27 05:26:06.487,1.31231,1.31238,1.19,1.00
2017.10.27 05:26:06.590,1.31232,1.3124,1.25,2.06
2017.10.27 05:26:06.744,1.31231,1.3124,1.19,3.56
2017.10.27 05:26:06.795,1.31231,1.3124,1.19,3.19
2017.10.27 05:26:08.768,1.31231,1.3124,1.19,3.00
2017.10.27 05:26:09.284,1.31231,1.3124,1.19,2.81
2017.10.27 05:26:10.408,1.31231,1.3124,1.19,2.63
2017.10.27 05:26:11.658,1.31231,1.3124,1.19,2.44
2017.10.27 05:26:12.224,1.31231,1.31239,1.19,1.50
2017.10.27 05:26:12.836,1.31231,1.3124,1.19,3.94
2017.10.27 05:26:18.374,1.31231,1.31239,1.19,1.50
2017.10.27 05:26:18.907,1.31232,1.31238,1.00,2.00
2017.10.27 05:26:19.112,1.3123,1.31236,1.50,1.25
2017.10.27 05:26:19.164,1.3123,1.31237,1.00,1.88
2017.10.27 05:26:19.268,1.31227,1.31235,1.00,1.50
2017.10.27 05:26:19.795,1.31228,1.31235,1.00,1.38
2017.10.27 05:26:20.332,1.31227,1.31235,1.00,2.81
2017.10.27 05:26:20.842,1.31227,1.31235,1.00,1.88
2017.10.27 05:26:21.625,1.31225,1.31235,1.19,2.06
2017.10.27 05:26:21.881,1.31226,1.31235,2.89,1.00
2017.10.27 05:26:22.191,1.31226,1.31233,1.19,1.00
2017.10.27 05:26:22.243,1.31226,1.31235,1.56,1.50
2017.10.27 05:26:22.501,1.31229,1.31235,1.31,1.00
2017.10.27 05:26:22.655,1.3123,1.31238,1.56,1.00
2017.10.27 05:26:23.651,1.3123,1.31238,1.63,1.00
2017.10.27 05:26:24.264,1.3123,1.31238,1.63,1.00
2017.10.27 05:26:29.686,1.31228,1.31235,1.69,1.00
2017.10.27 05:26:29.940,1.31226,1.31235,1.25,1.50
2017.10.27 05:26:29.993,1.31225,1.31233,1.19,1.00
2017.10.27 05:26:30.455,1.31227,1.31235,1.87,1.00
2017.10.27 05:26:31.283,1.31231,1.31239,1.13,2.44
2017.10.27 05:26:32.232,1.31231,1.31239,1.00,1.69
2017.10.27 05:26:33.167,1.31231,1.31239,1.00,1.69
2017.10.27 05:26:33.709,1.31231,1.31239,1.44,1.69
2017.10.27 05:26:34.229,1.31231,1.31239,1.25,1.69
2017.10.27 05:26:34.782,1.31231,1.31239,1.25,1.50
2017.10.27 05:26:38.950,1.31232,1.31239,1.00,1.50
2017.10.27 05:26:39.487,1.31231,1.31239,2.06,1.00
2017.10.27 05:26:40.101,1.31231,1.31239,2.62,1.00
2017.10.27 05:26:41.058,1.31232,1.31239,1.50,1.00
2017.10.27 05:26:41.812,1.31231,1.31239,2.25,1.00
2017.10.27 05:26:41.865,1.31236,1.31244,2.63,1.39
2017.10.27 05:26:41.917,1.31235,1.31241,1.57,1.00
2017.10.27 05:26:42.427,1.31235,1.3124,1.00,1.00
2017.10.27 05:26:43.570,1.31235,1.31241,1.00,1.13
2017.10.27 05:26:45.822,1.31235,1.31241,1.00,1.37
2017.10.27 05:26:46.682,1.31235,1.3124,1.00,1.88
2017.10.27 05:26:46.881,1.31229,1.31234,1.76,1.00
2017.10.27 05:26:46.933,1.31227,1.31234,1.12,1.00
2017.10.27 05:26:47.465,1.31226,1.31234,1.13,1.00
2017.10.27 05:26:53.857,1.31226,1.31234,2.81,1.00
2017.10.27 05:26:54.408,1.31228,1.31234,1.13,1.00
2017.10.27 05:26:56.293,1.31228,1.31234,1.44,1.00
2017.10.27 05:26:56.344,1.3123,1.31239,1.50,1.69
2017.10.27 05:26:57.365,1.3123,1.3124,1.37,3.56
2017.10.27 05:26:58.365,1.3123,1.3124,1.00,3.19
2017.10.27 05:26:59.322,1.3123,1.3124,1.37,2.44
2017.10.27 05:27:01.365,1.3123,1.3124,1.00,2.44
2017.10.27 05:27:17.778,1.3123,1.3124,1.31,2.44
2017.10.27 05:27:18.785,1.3123,1.3124,1.25,2.44
2017.10.27 05:27:21.588,1.3123,1.3124,1.31,2.44
2017.10.27 05:27:22.294,1.3123,1.31239,1.00,1.25
2017.10.27 05:27:38.157,1.3123,1.31239,1.87,1.25
2017.10.27 05:27:38.691,1.3123,1.31239,2.06,1.25
2017.10.27 05:27:42.987,1.3123,1.31239,1.87,1.25
2017.10.27 05:27:43.494,1.3123,1.31239,2.25,1.25
2017.10.27 05:27:44.561,1.3123,1.31237,1.00,1.50
2017.10.27 05:27:44.842,1.31226,1.31235,1.69,1.00
2017.10.27 05:27:45.565,1.31225,1.31234,2.25,1.00
2017.10.27 05:27:52.011,1.31225,1.31233,1.31,1.00
2017.10.27 05:28:02.976,1.31225,1.31233,2.06,1.00
2017.10.27 05:28:06.322,1.31226,1.31235,1.19,1.00
2017.10.27 05:28:06.787,1.31227,1.31237,1.81,1.00
2017.10.27 05:28:07.715,1.31228,1.31237,1.69,1.00
2017.10.27 05:28:08.664,1.31228,1.31237,1.50,1.00
2017.10.27 05:28:09.373,1.31228,1.31237,1.69,1.00
2017.10.27 05:28:10.272,1.31228,1.31237,1.69,1.00
2017.10.27 05:28:10.427,1.31226,1.31234,2.81,1.00
2017.10.27 05:28:10.787,1.31224,1.31232,2.14,1.00
2017.10.27 05:28:12.285,1.31228,1.31236,1.00,2.14
2017.10.27 05:28:12.439,1.31228,1.31236,1.00,1.50
2017.10.27 05:28:12.797,1.31228,1.31236,1.00,1.50
2017.10.27 05:28:15.416,1.31228,1.31237,1.00,2.89
2017.10.27 05:28:15.523,1.31231,1.31237,1.00,1.19
2017.10.27 05:28:15.574,1.31228,1.31239,1.87,2.89
2017.10.27 05:28:15.777,1.31228,1.31238,2.81,1.12
2017.10.27 05:28:16.506,1.31231,1.31239,1.00,2.44
2017.10.27 05:28:17.019,1.31231,1.31239,1.00,1.69
2017.10.27 05:28:33.925,1.31231,1.31239,1.00,1.19
2017.10.27 05:28:34.700,1.31231,1.31239,1.00,1.25
2017.10.27 05:28:39.925,1.31231,1.31239,1.00,1.19
2017.10.27 05:28:40.644,1.31231,1.31239,1.00,1.25
2017.10.27 05:28:55.041,1.31231,1.31239,1.25,1.31
2017.10.27 05:28:55.746,1.31231,1.31239,1.44,1.19
2017.10.27 05:28:56.283,1.31231,1.31239,1.25,1.12
2017.10.27 05:28:56.795,1.31231,1.31239,1.44,1.12
2017.10.27 05:28:57.658,1.31231,1.31239,1.25,1.12
2017.10.27 05:29:00.099,1.31231,1.31239,1.43,1.00
2017.10.27 05:29:02.673,1.31231,1.31239,1.24,1.00
2017.10.27 05:29:05.055,1.31231,1.31239,1.44,1.00
2017.10.27 05:29:05.772,1.31231,1.31239,1.00,1.00
2017.10.27 05:29:10.832,1.31231,1.31239,1.50,1.12
2017.10.27 05:29:11.388,1.31231,1.31239,1.00,1.00
2017.10.27 05:29:15.957,1.31229,1.3124,1.79,2.25
2017.10.27 05:29:16.468,1.31229,1.3124,2.35,1.87
2017.10.27 05:29:18.406,1.31229,1.3124,2.17,1.87
2017.10.27 05:29:26.786,1.3123,1.3124,1.25,1.50
2017.10.27 05:29:33.104,1.3123,1.3124,1.19,1.00
2017.10.27 05:29:34.610,1.3123,1.3124,1.00,1.00
2017.10.27 05:29:37.762,1.3123,1.3124,1.00,1.44
2017.10.27 05:29:38.268,1.31229,1.3124,3.07,1.12
2017.10.27 05:29:39.078,1.31229,1.3124,2.89,1.00
2017.10.27 05:29:50.076,1.3123,1.3124,1.62,1.37
2017.10.27 05:29:50.735,1.31232,1.31241,1.00,2.81
2017.10.27 05:29:52.084,1.31232,1.31241,1.00,2.81
2017.10.27 05:29:52.735,1.31232,1.31241,1.00,2.06
2017.10.27 05:29:53.898,1.31232,1.31241,1.19,1.12
2017.10.27 05:29:54.460,1.31232,1.31241,1.31,1.12
2017.10.27 05:30:02.470,1.31233,1.31241,1.00,1.12
2017.10.27 05:30:07.621,1.31233,1.31242,1.00,3.82
2017.10.27 05:30:09.197,1.31233,1.31241,1.00,1.00
2017.10.27 05:30:18.241,1.31233,1.31242,1.00,2.70
2017.10.27 05:30:20.591,1.31233,1.31242,1.00,2.70
2017.10.27 05:30:22.595,1.31239,1.31243,1.00,1.95
2017.10.27 05:30:22.903,1.31243,1.31245,1.19,1.00
2017.10.27 05:30:54.945,1.31242,1.31245,1.69,1.00
2017.10.27 05:31:09.958,1.31243,1.31245,1.19,1.00
2017.10.27 05:31:22.719,1.31243,1.3125,1.19,2.62
2017.10.27 05:31:39.960,1.31243,1.31249,1.25,1.37
2017.10.27 05:31:44.495,1.31241,1.31248,1.12,1.69
2017.10.27 05:31:45.555,1.31241,1.31248,1.00,1.87
2017.10.27 05:31:46.067,1.31241,1.31248,1.00,1.12
2017.10.27 05:31:47.134,1.31241,1.31248,1.00,1.69
2017.10.27 05:31:47.646,1.31241,1.31248,1.00,1.12
2017.10.27 05:31:48.030,1.3124,1.31247,1.00,1.50
2017.10.27 05:31:48.134,1.31238,1.31245,1.00,1.87
2017.10.27 05:31:48.334,1.3124,1.31247,1.00,1.76
2017.10.27 05:31:48.649,1.31241,1.31248,1.00,2.32
2017.10.27 05:31:49.158,1.31241,1.31248,1.00,4.01
2017.10.27 05:32:05.770,1.31241,1.31248,1.00,1.00
2017.10.27 05:32:07.131,1.31241,1.31248,1.00,2.14
2017.10.27 05:32:31.566,1.31241,1.31249,1.00,2.70
2017.10.27 05:32:32.075,1.31241,1.31249,1.00,2.70
2017.10.27 05:32:32.126,1.31241,1.31249,1.00,4.57
2017.10.27 05:32:32.642,1.31241,1.31247,1.00,1.19
2017.10.27 05:32:43.646,1.31243,1.31248,1.00,1.50
2017.10.27 05:32:44.881,1.31243,1.31249,1.00,2.06
2017.10.27 05:32:44.933,1.31243,1.31249,1.00,2.06
2017.10.27 05:32:59.118,1.31243,1.31249,1.00,2.44
2017.10.27 05:32:59.953,1.31243,1.31249,1.00,2.25
2017.10.27 05:33:08.452,1.31239,1.31245,1.00,2.81
2017.10.27 05:33:08.504,1.31236,1.31245,1.00,4.87
2017.10.27 05:33:08.659,1.31236,1.31243,1.00,2.06
2017.10.27 05:33:09.174,1.31235,1.31243,1.00,2.62
2017.10.27 05:33:13.032,1.31234,1.31241,1.00,1.69
2017.10.27 05:33:13.579,1.31233,1.31235,1.00,1.00
2017.10.27 05:33:14.191,1.31232,1.31235,1.00,1.00
2017.10.27 05:33:15.893,1.31229,1.31235,1.00,2.44
2017.10.27 05:33:15.945,1.31224,1.31229,1.00,1.00
2017.10.27 05:33:16.048,1.31226,1.31229,1.00,1.00
2017.10.27 05:33:16.559,1.31225,1.31229,1.00,1.00
2017.10.27 05:34:16.182,1.31225,1.31232,1.00,1.44
2017.10.27 05:34:18.056,1.31225,1.31232,1.00,1.12
2017.10.27 05:34:18.107,1.31225,1.31232,1.00,1.62
2017.10.27 05:34:18.518,1.31225,1.31232,1.00,1.12
2017.10.27 05:34:19.076,1.31225,1.31232,1.00,1.69
2017.10.27 05:34:19.586,1.31225,1.31232,1.00,1.50
2017.10.27 05:34:21.291,1.31224,1.31232,1.00,1.50
2017.10.27 05:34:23.759,1.31224,1.31232,1.00,2.44
2017.10.27 05:34:25.677,1.31224,1.31232,1.25,2.62
2017.10.27 05:34:26.227,1.31224,1.31232,1.25,2.81
2017.10.27 05:34:28.498,1.31224,1.31232,1.25,1.31
2017.10.27 05:34:28.960,1.31226,1.31235,1.25,2.25
2017.10.27 05:34:29.269,1.31229,1.31235,1.19,1.87
2017.10.27 05:34:29.900,1.31229,1.31235,1.19,1.12
2017.10.27 05:34:30.378,1.31229,1.31235,1.19,1.37
2017.10.27 05:34:33.261,1.31229,1.31234,1.19,1.25
2017.10.27 05:34:33.313,1.31227,1.31233,1.00,1.31
2017.10.27 05:34:33.365,1.31226,1.31229,1.00,1.00
2017.10.27 05:34:42.298,1.31225,1.31229,1.25,1.00
2017.10.27 05:34:43.503,1.31226,1.31229,1.00,1.00
2017.10.27 05:34:45.950,1.31224,1.31229,2.06,1.00
2017.10.27 05:34:54.907,1.31224,1.31229,1.50,1.00
2017.10.27 05:34:58.494,1.31225,1.31229,1.00,1.00
2017.10.27 05:35:05.282,1.31226,1.31229,1.00,1.00
2017.10.27 05:35:05.333,1.31226,1.31235,1.00,1.95
2017.10.27 05:35:05.536,1.31228,1.31235,1.00,1.00
2017.10.27 05:35:06.047,1.31229,1.31235,1.00,1.25
2017.10.27 05:35:06.646,1.3123,1.31235,1.00,1.00
2017.10.27 05:35:07.433,1.3123,1.31235,1.69,1.00
2017.10.27 05:35:16.890,1.3123,1.31235,1.19,1.44
2017.10.27 05:35:17.457,1.3123,1.31235,1.19,1.25
2017.10.27 05:35:18.025,1.31232,1.31235,1.19,1.00
2017.10.27 05:35:25.758,1.31232,1.31235,1.00,1.00
2017.10.27 05:35:25.810,1.3123,1.31235,1.31,1.00
2017.10.27 05:35:27.116,1.31232,1.31235,1.19,1.00
2017.10.27 05:35:32.447,1.31232,1.31235,1.00,1.00
2017.10.27 05:35:33.027,1.31228,1.31235,2.81,1.00
2017.10.27 05:35:33.480,1.31231,1.31235,1.00,1.00
2017.10.27 05:35:34.692,1.31233,1.31235,1.00,1.00
2017.10.27 05:35:34.744,1.31231,1.31235,1.25,1.00
2017.10.27 05:35:35.937,1.3123,1.31235,1.00,1.00
2017.10.27 05:35:36.601,1.31232,1.31235,1.00,1.00
2017.10.27 05:35:39.616,1.3123,1.31235,1.19,1.00
2017.10.27 05:35:40.129,1.31232,1.31235,1.00,1.00
2017.10.27 05:35:44.342,1.31233,1.31236,1.19,1.00
2017.10.27 05:35:54.931,1.31233,1.31235,1.00,1.00
2017.10.27 05:35:56.744,1.31229,1.31235,2.44,1.00
2017.10.27 05:35:58.179,1.31231,1.31235,1.00,1.00
2017.10.27 05:35:59.552,1.31229,1.31235,1.69,1.00
2017.10.27 05:36:00.380,1.31231,1.31235,1.00,1.00
2017.10.27 05:36:00.910,1.31232,1.31235,1.00,1.00
2017.10.27 05:36:01.912,1.31233,1.31235,1.00,1.00
2017.10.27 05:36:05.352,1.31233,1.3124,1.00,2.81
2017.10.27 05:36:05.524,1.31229,1.31236,1.31,1.00
2017.10.27 05:36:06.137,1.3123,1.31238,1.00,2.25
2017.10.27 05:36:06.720,1.3123,1.31236,1.00,1.00
2017.10.27 05:36:07.347,1.3123,1.31238,1.00,2.62
2017.10.27 05:36:09.911,1.31229,1.31237,1.00,2.14
2017.10.27 05:36:10.166,1.31229,1.31235,1.00,1.00
2017.10.27 05:36:11.880,1.31229,1.31236,1.00,1.50
2017.10.27 05:36:13.343,1.31229,1.31235,1.00,1.00
2017.10.27 05:36:16.233,1.31226,1.31233,1.19,1.69
2017.10.27 05:36:16.284,1.31225,1.31232,1.33,1.00
2017.10.27 05:36:17.144,1.31225,1.31233,1.25,2.06
2017.10.27 05:36:17.694,1.31225,1.31232,1.25,1.50
2017.10.27 05:36:19.413,1.31225,1.31231,1.25,1.44
2017.10.27 05:36:20.170,1.31225,1.31231,1.25,1.25
2017.10.27 05:36:20.325,1.31222,1.31229,1.00,1.00
2017.10.27 05:36:20.883,1.31222,1.31229,1.00,1.50
2017.10.27 05:36:20.934,1.31222,1.31225,1.00,1.00
2017.10.27 05:36:21.440,1.31221,1.31225,1.25,1.00
2017.10.27 05:36:33.299,1.3122,1.31225,1.19,1.50
2017.10.27 05:36:33.350,1.31217,1.31224,1.00,1.00
2017.10.27 05:36:33.505,1.31215,1.31224,1.19,4.95
2017.10.27 05:36:34.080,1.31215,1.3122,1.19,1.00
2017.10.27 05:36:35.354,1.31216,1.31224,1.25,1.10
2017.10.27 05:36:35.456,1.31218,1.31224,1.00,1.00
2017.10.27 05:36:38.996,1.31216,1.31224,1.69,2.25
2017.10.27 05:36:39.048,1.31216,1.31222,1.00,1.12
2017.10.27 05:36:39.598,1.31216,1.31224,1.00,2.44
2017.10.27 05:36:40.779,1.31217,1.31224,1.00,1.00
2017.10.27 05:36:41.508,1.31218,1.31224,1.00,1.00
2017.10.27 05:36:44.027,1.31219,1.31224,1.00,1.00
2017.10.27 05:36:44.562,1.31218,1.31224,1.00,1.00
2017.10.27 05:36:44.858,1.3122,1.31224,1.00,1.50
2017.10.27 05:36:45.420,1.31218,1.31224,1.00,1.00
2017.10.27 05:36:45.939,1.31216,1.31223,1.69,1.00
2017.10.27 05:36:47.112,1.31218,1.31224,1.00,1.00
2017.10.27 05:36:47.655,1.31219,1.31224,1.00,1.00
2017.10.27 05:36:48.765,1.31218,1.31224,1.00,1.00
2017.10.27 05:36:48.868,1.31216,1.31224,1.69,4.12
2017.10.27 05:36:49.123,1.31216,1.31224,1.69,1.87
2017.10.27 05:36:49.856,1.31217,1.31224,1.00,1.00
2017.10.27 05:36:53.835,1.31217,1.31224,1.00,2.44
2017.10.27 05:36:56.215,1.31217,1.31224,1.00,2.06
2017.10.27 05:36:56.740,1.31217,1.31223,1.00,1.00
2017.10.27 05:37:00.477,1.31217,1.31224,1.00,1.00
2017.10.27 05:37:00.579,1.31219,1.31224,1.00,1.00
2017.10.27 05:37:10.188,1.31222,1.31224,1.00,1.00
2017.10.27 05:37:11.433,1.3122,1.31224,1.19,1.00
2017.10.27 05:37:11.486,1.31216,1.31222,1.00,1.00
2017.10.27 05:37:11.539,1.31216,1.3122,1.00,1.00
2017.10.27 05:37:11.642,1.31213,1.3122,1.00,1.00
2017.10.27 05:37:12.173,1.31214,1.3122,1.00,1.00
2017.10.27 05:37:12.815,1.31215,1.3122,1.00,1.00
2017.10.27 05:37:15.033,1.31216,1.3122,1.00,1.00
2017.10.27 05:37:15.084,1.31216,1.31225,1.00,1.95
2017.10.27 05:37:15.136,1.31219,1.31225,1.00,1.00
2017.10.27 05:37:15.443,1.31221,1.31225,1.00,1.00
2017.10.27 05:37:21.609,1.31218,1.31225,1.00,1.00
2017.10.27 05:37:22.337,1.31219,1.31225,1.00,1.00
2017.10.27 05:37:27.241,1.31217,1.31225,1.25,1.25
2017.10.27 05:37:27.752,1.31217,1.31225,1.00,1.50
2017.10.27 05:37:32.156,1.31217,1.31225,1.00,1.76
2017.10.27 05:37:32.571,1.31217,1.31225,1.00,1.00
2017.10.27 05:37:32.673,1.3122,1.31225,1.00,1.00
2017.10.27 05:37:33.204,1.31221,1.31225,1.00,1.00
2017.10.27 05:37:34.930,1.3122,1.31225,1.00,2.25
2017.10.27 05:37:34.982,1.31215,1.31223,1.57,1.12
2017.10.27 05:37:35.499,1.31215,1.31224,1.00,1.00
2017.10.27 05:37:35.703,1.31215,1.31222,1.00,1.87
2017.10.27 05:37:36.120,1.31217,1.31224,1.00,1.57
2017.10.27 05:37:36.426,1.31221,1.31225,1.00,1.00
2017.10.27 05:37:39.662,1.31223,1.31225,1.00,1.00
2017.10.27 05:37:39.816,1.31223,1.31227,1.00,1.00
2017.10.27 05:37:40.227,1.31223,1.31232,1.00,2.89
2017.10.27 05:37:40.330,1.31227,1.31232,1.00,1.87
2017.10.27 05:37:40.381,1.31227,1.31235,1.25,1.45
2017.10.27 05:37:40.433,1.31229,1.31236,1.00,1.69
2017.10.27 05:37:40.740,1.31233,1.3124,1.50,1.87
2017.10.27 05:37:41.139,1.31231,1.31238,1.25,1.12
2017.10.27 05:37:42.355,1.3123,1.31238,1.00,1.50
2017.10.27 05:37:43.631,1.3123,1.31236,1.00,1.56
2017.10.27 05:37:43.683,1.31226,1.31233,1.00,2.44
2017.10.27 05:37:43.837,1.31232,1.31236,1.00,1.50
2017.10.27 05:37:44.146,1.31229,1.31238,1.25,1.01
2017.10.27 05:37:44.760,1.31228,1.31237,1.19,3.56
2017.10.27 05:37:45.299,1.31228,1.31235,1.19,1.00
2017.10.27 05:37:45.905,1.31228,1.31236,1.19,1.01
2017.10.27 05:37:46.456,1.31229,1.31237,1.25,1.12
2017.10.27 05:37:47.188,1.31229,1.31237,1.25,1.88
2017.10.27 05:37:47.726,1.31229,1.31237,1.25,1.12
2017.10.27 05:37:48.408,1.31228,1.31237,1.19,1.38
2017.10.27 05:37:48.917,1.31228,1.31236,1.19,1.00
2017.10.27 05:37:49.269,1.31228,1.31235,1.19,1.38
2017.10.27 05:37:49.507,1.31228,1.31236,1.19,1.00
2017.10.27 05:37:49.865,1.3123,1.31238,1.19,1.10
2017.10.27 05:37:50.019,1.31232,1.31241,1.00,1.39
2017.10.27 05:37:50.978,1.31232,1.3124,1.00,2.81
2017.10.27 05:37:51.080,1.3123,1.31238,1.00,1.50
2017.10.27 05:37:51.132,1.31229,1.31237,1.25,1.69
2017.10.27 05:37:51.285,1.31227,1.31236,1.00,1.25
2017.10.27 05:37:51.439,1.31226,1.31234,1.25,1.00
2017.10.27 05:37:51.806,1.31228,1.31233,1.00,1.00
2017.10.27 05:37:52.839,1.31227,1.31233,1.00,1.00
2017.10.27 05:37:53.043,1.31227,1.31237,1.00,1.95
2017.10.27 05:37:53.304,1.31227,1.31235,1.00,1.19
2017.10.27 05:37:53.478,1.31227,1.31236,1.00,1.00
2017.10.27 05:37:54.016,1.31227,1.31235,1.00,1.00
2017.10.27 05:37:55.228,1.31229,1.31236,1.00,1.00
2017.10.27 05:37:55.779,1.31229,1.31238,1.10,2.06
2017.10.27 05:37:57.405,1.31228,1.31238,1.20,1.50
2017.10.27 05:37:57.977,1.31228,1.31238,1.20,1.25
2017.10.27 05:37:58.468,1.31229,1.31238,1.00,4.69
2017.10.27 05:37:58.519,1.31229,1.31238,1.00,6.94
2017.10.27 05:37:59.030,1.31229,1.31237,1.00,1.12
2017.10.27 05:37:59.764,1.31229,1.31237,1.00,3.75
2017.10.27 05:38:00.127,1.31226,1.31232,1.20,1.50
2017.10.27 05:38:00.423,1.31224,1.31232,1.00,3.31
2017.10.27 05:38:00.971,1.31224,1.3123,1.50,1.00
2017.10.27 05:38:01.499,1.31224,1.31231,1.50,1.12
2017.10.27 05:38:02.126,1.31224,1.3123,1.50,1.00
2017.10.27 05:38:03.175,1.31224,1.31231,1.50,1.12
2017.10.27 05:38:03.686,1.31224,1.3123,1.00,1.00
2017.10.27 05:38:04.405,1.31224,1.3123,1.00,1.31
2017.10.27 05:38:04.776,1.31224,1.3123,1.00,2.51
2017.10.27 05:38:05.582,1.31224,1.3123,1.00,1.26
2017.10.27 05:38:06.162,1.31224,1.31228,1.00,1.50
2017.10.27 05:38:06.214,1.31224,1.3123,1.00,1.10
2017.10.27 05:38:06.318,1.31224,1.31232,1.50,1.50
2017.10.27 05:38:08.270,1.31224,1.31232,1.95,1.12
2017.10.27 05:38:09.751,1.31228,1.31235,1.00,1.19
2017.10.27 05:38:09.802,1.31228,1.31237,1.00,2.06
2017.10.27 05:38:09.855,1.3123,1.31238,1.25,3.19
2017.10.27 05:38:10.173,1.31234,1.31239,1.00,2.06
2017.10.27 05:38:10.225,1.31234,1.31242,1.00,1.12
2017.10.27 05:38:11.001,1.31234,1.31241,1.50,1.00
2017.10.27 05:38:11.361,1.31237,1.31246,1.25,2.25
2017.10.27 05:38:11.464,1.3124,1.3125,1.00,1.95
2017.10.27 05:38:11.515,1.31242,1.3125,1.00,1.62
2017.10.27 05:38:12.629,1.31241,1.3125,1.10,3.94
2017.10.27 05:38:12.936,1.3124,1.31245,1.00,2.06
2017.10.27 05:38:12.988,1.3124,1.31247,1.00,1.00
2017.10.27 05:38:13.249,1.31239,1.31246,1.39,1.81
2017.10.27 05:38:13.408,1.31233,1.3124,1.89,1.00
2017.10.27 05:38:13.974,1.31232,1.3124,5.51,1.00
2017.10.27 05:38:14.081,1.31234,1.31244,1.57,2.06
2017.10.27 05:38:14.184,1.31234,1.31244,1.76,1.69
2017.10.27 05:38:14.491,1.31234,1.31242,1.32,1.00
2017.10.27 05:38:15.150,1.31233,1.3124,1.45,1.00
2017.10.27 05:38:15.663,1.31232,1.31239,2.51,1.00
2017.10.27 05:38:16.198,1.31232,1.3124,2.89,1.00
2017.10.27 05:38:16.743,1.31232,1.3124,2.14,1.00
2017.10.27 05:38:17.251,1.31232,1.31239,2.14,1.00
2017.10.27 05:38:17.953,1.31232,1.3124,2.14,1.00
2017.10.27 05:38:18.688,1.31232,1.31239,2.32,1.00
2017.10.27 05:38:19.443,1.31232,1.3124,2.51,1.00
2017.10.27 05:38:19.831,1.31233,1.31241,1.57,1.00
2017.10.27 05:38:20.140,1.31234,1.31243,1.95,1.31
2017.10.27 05:38:20.579,1.31238,1.31247,1.37,1.56
2017.10.27 05:38:20.682,1.31241,1.31248,1.20,1.00
2017.10.27 05:38:21.212,1.31242,1.31249,1.20,1.00
2017.10.27 05:38:27.333,1.31239,1.31248,2.14,1.00
2017.10.27 05:38:28.341,1.31242,1.31249,1.00,1.37
2017.10.27 05:38:28.610,1.3124,1.31248,1.20,1.50
2017.10.27 05:38:29.122,1.31241,1.31248,1.00,1.31
2017.10.27 05:38:29.659,1.31243,1.31249,1.00,1.50
2017.10.27 05:38:30.636,1.31243,1.3125,1.00,1.25
2017.10.27 05:38:31.151,1.31243,1.31249,1.00,1.00
2017.10.27 05:38:31.675,1.31241,1.31249,1.39,1.00
2017.10.27 05:38:32.216,1.31242,1.3125,1.20,1.50
2017.10.27 05:38:32.453,1.31242,1.31248,1.10,1.00
2017.10.27 05:38:32.965,1.31242,1.31249,1.10,1.00
2017.10.27 05:38:33.619,1.31239,1.31247,1.76,1.50
2017.10.27 05:38:34.081,1.3124,1.31249,1.20,2.06
2017.10.27 05:38:34.626,1.31239,1.31249,1.70,3.37
2017.10.27 05:38:34.679,1.31239,1.31249,1.70,3.75
2017.10.27 05:38:34.832,1.31239,1.31249,1.39,3.94
2017.10.27 05:38:35.160,1.31241,1.31249,1.00,1.69
2017.10.27 05:38:35.664,1.31239,1.31246,1.01,1.13
2017.10.27 05:38:35.966,1.31243,1.3125,1.20,1.50
2017.10.27 05:38:36.278,1.31243,1.3125,1.20,1.88
2017.10.27 05:38:36.477,1.31243,1.3125,1.20,1.50
2017.10.27 05:38:36.683,1.31241,1.31248,1.20,1.44
2017.10.27 05:38:37.041,1.3124,1.31247,1.00,1.88
2017.10.27 05:38:37.144,1.31238,1.31248,1.64,3.19
2017.10.27 05:38:37.704,1.31237,1.31245,1.57,1.25
2017.10.27 05:38:37.806,1.31237,1.31244,1.00,1.69
2017.10.27 05:38:42.040,1.31237,1.31246,1.50,2.06
2017.10.27 05:38:42.556,1.31237,1.31245,2.14,1.44
2017.10.27 05:38:43.078,1.31237,1.31245,2.14,1.25
2017.10.27 05:38:43.584,1.31237,1.31246,2.14,1.31
2017.10.27 05:38:44.112,1.31237,1.31247,2.14,1.87
2017.10.27 05:38:45.212,1.31237,1.31246,2.51,1.00
2017.10.27 05:38:45.715,1.31237,1.31246,2.14,1.37
2017.10.27 05:38:46.249,1.31237,1.31247,2.89,1.00
2017.10.27 05:38:46.352,1.31241,1.31248,1.00,2.44
2017.10.27 05:38:46.689,1.31243,1.3125,1.10,1.69
2017.10.27 05:38:47.476,1.31243,1.31249,1.00,1.00
2017.10.27 05:38:49.276,1.3124,1.31249,1.57,4.13
2017.10.27 05:38:49.379,1.31241,1.31249,1.20,1.00
2017.10.27 05:38:49.929,1.31241,1.31249,1.45,1.31
2017.10.27 05:38:50.493,1.31241,1.31249,1.45,1.37
2017.10.27 05:38:51.349,1.31241,1.31249,1.57,1.37
2017.10.27 05:38:51.578,1.31242,1.3125,2.51,1.75
2017.10.27 05:38:52.282,1.31242,1.3125,2.14,1.75
2017.10.27 05:38:53.280,1.31241,1.31248,1.01,2.25
2017.10.27 05:38:53.383,1.31238,1.31247,2.89,2.63
2017.10.27 05:38:53.434,1.31238,1.31246,1.57,1.69
2017.10.27 05:38:53.537,1.3124,1.31249,1.00,2.06
2017.10.27 05:38:53.962,1.31239,1.31247,1.76,1.88
2017.10.27 05:38:54.269,1.31242,1.31248,1.00,1.37
2017.10.27 05:38:54.779,1.31242,1.3125,1.57,2.44
2017.10.27 05:38:55.292,1.31242,1.3125,1.57,1.75
2017.10.27 05:38:56.545,1.31242,1.3125,1.45,1.88
2017.10.27 05:38:57.090,1.31242,1.3125,1.45,1.88
2017.10.27 05:38:58.801,1.3124,1.31247,1.31,1.69
2017.10.27 05:38:59.108,1.31242,1.31249,1.00,1.50
2017.10.27 05:38:59.984,1.3124,1.31247,1.45,1.88
2017.10.27 05:39:00.496,1.3124,1.31249,3.45,2.44
2017.10.27 05:39:01.035,1.3124,1.31249,2.51,1.50
2017.10.27 05:39:01.464,1.3124,1.31249,3.51,2.25
2017.10.27 05:39:01.989,1.3124,1.31249,2.39,1.75
2017.10.27 05:39:02.652,1.3124,1.31249,2.39,1.81
2017.10.27 05:39:03.609,1.3124,1.31248,1.20,3.94
2017.10.27 05:39:04.119,1.3124,1.31248,1.20,1.69
2017.10.27 05:39:04.667,1.3124,1.31248,1.45,1.50
2017.10.27 05:39:05.024,1.31239,1.31247,1.50,1.38
2017.10.27 05:39:05.600,1.31239,1.31247,1.50,3.00
2017.10.27 05:39:05.703,1.31235,1.31238,1.00,1.25
2017.10.27 05:39:05.755,1.31232,1.31238,1.00,1.19
2017.10.27 05:39:05.908,1.3123,1.31235,1.00,1.00
2017.10.27 05:39:06.228,1.3123,1.31233,1.00,1.00
2017.10.27 05:39:07.663,1.3123,1.31235,1.00,1.00
2017.10.27 05:39:08.018,1.3123,1.31237,1.00,1.00
2017.10.27 05:39:09.188,1.3123,1.31237,1.00,1.69
2017.10.27 05:39:09.826,1.31228,1.31236,1.19,1.88
2017.10.27 05:39:10.348,1.31228,1.31236,1.19,2.51
2017.10.27 05:39:10.880,1.31228,1.31236,1.19,1.57
2017.10.27 05:39:11.476,1.31228,1.31237,1.19,3.00
2017.10.27 05:39:11.833,1.31227,1.31234,1.19,1.25
2017.10.27 05:39:13.224,1.31228,1.31236,1.19,2.63
2017.10.27 05:39:14.248,1.31228,1.31236,1.19,1.88
2017.10.27 05:39:14.770,1.31227,1.31234,1.19,1.00
2017.10.27 05:39:18.373,1.3123,1.31234,1.20,1.00
2017.10.27 05:39:19.134,1.3123,1.31236,1.20,2.44
2017.10.27 05:39:19.669,1.3123,1.31236,1.20,2.62
2017.10.27 05:39:20.182,1.3123,1.31236,1.20,3.00
2017.10.27 05:39:21.241,1.3123,1.31236,1.20,2.63
2017.10.27 05:39:21.784,1.31228,1.31236,1.64,2.63
2017.10.27 05:39:22.725,1.31228,1.31236,1.76,2.25
2017.10.27 05:39:23.150,1.31231,1.31236,1.20,1.00
2017.10.27 05:39:25.584,1.31229,1.31236,1.70,1.00
2017.10.27 05:39:27.813,1.31229,1.31232,1.39,1.00
2017.10.27 05:39:27.866,1.31227,1.31232,1.10,1.00
2017.10.27 05:39:28.379,1.31228,1.31233,1.20,1.00
2017.10.27 05:39:28.838,1.31228,1.31235,1.76,1.00
2017.10.27 05:39:29.376,1.31229,1.31235,1.20,1.25
2017.10.27 05:39:29.478,1.31228,1.31235,1.76,1.25
2017.10.27 05:39:31.930,1.31227,1.31234,1.64,1.25
2017.10.27 05:39:31.982,1.31226,1.31232,1.95,1.25
2017.10.27 05:39:32.485,1.31226,1.31232,1.00,1.00
2017.10.27 05:39:33.591,1.31226,1.31232,1.00,1.44
2017.10.27 05:39:34.104,1.31226,1.3123,1.00,1.00
2017.10.27 05:39:34.157,1.31226,1.31232,1.20,1.00
2017.10.27 05:39:34.660,1.31226,1.31233,2.51,1.00
2017.10.27 05:39:35.683,1.31226,1.31233,2.51,1.00
2017.10.27 05:39:39.746,1.31227,1.31233,1.20,1.00
2017.10.27 05:39:40.262,1.31227,1.31233,1.20,1.00
2017.10.27 05:39:43.208,1.31227,1.31233,1.20,1.00
2017.10.27 05:39:44.162,1.31227,1.31233,1.45,1.00
2017.10.27 05:39:44.716,1.31227,1.31233,1.20,1.00
2017.10.27 05:40:02.150,1.31226,1.31235,2.14,2.25
2017.10.27 05:40:02.660,1.31226,1.31234,2.14,1.50
2017.10.27 05:40:04.311,1.31226,1.31234,1.39,1.88
2017.10.27 05:40:04.780,1.31226,1.31234,1.19,1.88
2017.10.27 05:40:05.225,1.31226,1.31231,1.00,1.87
2017.10.27 05:40:07.184,1.31226,1.3123,1.00,1.39
2017.10.27 05:40:08.278,1.31226,1.31229,1.00,1.39
2017.10.27 05:40:10.322,1.31224,1.31229,1.00,1.39
2017.10.27 05:40:10.577,1.31224,1.31227,1.00,1.44
2017.10.27 05:40:10.832,1.31224,1.3123,1.00,2.70
2017.10.27 05:40:11.250,1.31224,1.3123,1.00,2.06
2017.10.27 05:40:11.792,1.31224,1.31229,1.00,1.25
2017.10.27 05:40:11.844,1.31222,1.31231,2.44,1.25
2017.10.27 05:40:12.369,1.31222,1.31231,1.87,1.19
2017.10.27 05:40:13.001,1.31222,1.31229,1.00,2.44
2017.10.27 05:40:13.415,1.31222,1.31227,1.00,1.25
2017.10.27 05:40:14.839,1.31222,1.31227,1.00,2.06
2017.10.27 05:40:14.942,1.31223,1.31232,1.50,6.00
2017.10.27 05:40:15.574,1.31222,1.31232,1.00,1.69
2017.10.27 05:40:16.329,1.31222,1.31231,1.00,1.50
2017.10.27 05:40:16.861,1.31222,1.31232,1.00,4.69
2017.10.27 05:40:17.819,1.31222,1.31231,1.00,2.62
2017.10.27 05:40:18.597,1.31222,1.31231,1.00,2.44
2017.10.27 05:40:19.114,1.31222,1.3123,1.00,1.50
2017.10.27 05:40:19.664,1.31222,1.31229,1.00,1.69
2017.10.27 05:40:21.013,1.31222,1.31227,1.00,1.00
2017.10.27 05:40:21.166,1.31222,1.3123,1.00,4.01
2017.10.27 05:40:22.110,1.31222,1.31227,1.00,1.31
2017.10.27 05:40:22.712,1.31223,1.3123,1.37,2.89
2017.10.27 05:40:22.915,1.31222,1.31229,1.00,1.31
2017.10.27 05:40:23.443,1.31222,1.3123,1.00,1.19
2017.10.27 05:40:29.993,1.31222,1.31228,1.00,3.37
2017.10.27 05:40:30.095,1.31222,1.31229,1.00,1.76
2017.10.27 05:40:32.307,1.31222,1.31229,1.00,1.01
2017.10.27 05:40:32.829,1.31222,1.3123,1.00,2.14
2017.10.27 05:40:32.983,1.31222,1.31228,1.00,3.75
2017.10.27 05:40:33.117,1.31224,1.3123,1.00,1.76
2017.10.27 05:40:33.169,1.31223,1.31232,1.00,2.62
2017.10.27 05:40:33.220,1.31222,1.3123,1.00,1.69
2017.10.27 05:40:33.730,1.31222,1.3123,1.00,1.01
2017.10.27 05:40:35.281,1.31222,1.31229,1.00,1.50
2017.10.27 05:40:35.332,1.31222,1.3123,1.00,1.31
2017.10.27 05:40:37.096,1.31222,1.31228,1.00,1.19
2017.10.27 05:40:37.148,1.31222,1.31229,1.00,1.00
2017.10.27 05:40:37.653,1.31222,1.3123,1.00,1.25
2017.10.27 05:40:38.561,1.31222,1.31227,1.00,1.31
2017.10.27 05:40:38.613,1.31224,1.31231,1.00,1.76
2017.10.27 05:40:38.858,1.31222,1.31231,1.00,2.06
2017.10.27 05:40:41.189,1.31222,1.31231,1.75,1.69
2017.10.27 05:40:41.291,1.31222,1.31231,1.87,1.19
2017.10.27 05:40:52.721,1.31222,1.3123,1.00,1.37
2017.10.27 05:40:52.824,1.31222,1.31226,1.00,1.00
2017.10.27 05:40:53.345,1.31222,1.31228,1.00,3.94
2017.10.27 05:40:55.413,1.31222,1.31228,1.00,1.00
2017.10.27 05:40:55.936,1.31222,1.3123,1.00,1.31
2017.10.27 05:40:58.951,1.31222,1.31228,1.00,3.94
2017.10.27 05:40:59.105,1.31224,1.31232,1.00,2.44
2017.10.27 05:40:59.615,1.31225,1.31232,1.00,1.20
2017.10.27 05:41:07.292,1.31225,1.3123,1.00,1.12
2017.10.27 05:41:07.598,1.31221,1.3123,1.12,1.00
2017.10.27 05:41:08.405,1.31221,1.31229,1.00,1.00
2017.10.27 05:41:08.987,1.31221,1.3123,1.00,1.00
2017.10.27 05:41:09.718,1.31221,1.31229,1.00,1.00
2017.10.27 05:41:10.697,1.31221,1.3123,1.00,1.00
2017.10.27 05:41:11.460,1.31221,1.31229,1.00,1.00
2017.10.27 05:41:12.007,1.3122,1.31226,1.00,1.62
2017.10.27 05:41:12.059,1.31218,1.31224,1.00,1.00
2017.10.27 05:41:12.111,1.3122,1.31227,1.00,1.45
2017.10.27 05:41:12.624,1.31219,1.31228,1.00,2.07
2017.10.27 05:41:15.011,1.31218,1.31226,1.87,1.07
2017.10.27 05:41:16.330,1.31218,1.31226,1.00,2.89
2017.10.27 05:41:16.638,1.3122,1.31229,1.37,1.01
2017.10.27 05:41:16.791,1.31219,1.31229,2.06,2.89
2017.10.27 05:41:17.474,1.31219,1.31228,1.69,1.01
2017.10.27 05:41:17.978,1.31219,1.31228,1.69,1.01
2017.10.27 05:41:18.600,1.31219,1.31227,1.50,1.01
2017.10.27 05:41:19.321,1.31219,1.31226,1.50,1.20
2017.10.27 05:41:19.754,1.31219,1.31225,1.00,1.47
2017.10.27 05:41:19.908,1.31219,1.31226,1.00,1.20
2017.10.27 05:41:20.064,1.31219,1.31224,1.00,1.10
2017.10.27 05:41:20.370,1.31217,1.31222,1.00,1.39
2017.10.27 05:41:20.888,1.31217,1.31223,1.00,1.45
2017.10.27 05:41:21.399,1.31217,1.31223,1.00,1.20
2017.10.27 05:41:21.705,1.31217,1.31222,1.00,1.20
2017.10.27 05:41:29.350,1.31215,1.31222,1.00,2.32
2017.10.27 05:41:29.554,1.31215,1.3122,1.00,1.45
2017.10.27 05:41:29.717,1.31215,1.31222,1.00,1.31
2017.10.27 05:41:30.790,1.31215,1.31222,1.00,2.44
2017.10.27 05:41:30.842,1.31213,1.31222,1.50,2.63
2017.10.27 05:41:31.627,1.31213,1.31221,1.00,2.81
2017.10.27 05:41:53.771,1.31213,1.3122,1.00,1.75
2017.10.27 05:41:54.279,1.31213,1.3122,1.50,1.50
2017.10.27 05:41:56.630,1.31213,1.31218,1.00,1.87
2017.10.27 05:41:56.681,1.31212,1.31216,1.00,1.25
2017.10.27 05:41:56.784,1.31213,1.3122,1.00,1.69
2017.10.27 05:41:57.545,1.31213,1.3122,1.00,1.87
2017.10.27 05:41:58.830,1.31213,1.3122,1.50,1.25
2017.10.27 05:42:02.087,1.31213,1.31219,1.50,1.31
2017.10.27 05:42:04.783,1.31213,1.31219,1.00,1.62
2017.10.27 05:42:14.442,1.31213,1.3122,1.45,1.31
2017.10.27 05:42:15.944,1.31213,1.3122,1.20,1.31
2017.10.27 05:42:22.437,1.31213,1.3122,1.95,2.06
2017.10.27 05:42:23.937,1.31213,1.31221,1.45,1.69
2017.10.27 05:42:24.444,1.31214,1.31222,1.00,1.31
2017.10.27 05:42:24.955,1.31213,1.3122,1.20,1.00
2017.10.27 05:42:25.757,1.31213,1.31221,1.20,1.25
2017.10.27 05:42:26.328,1.31214,1.31222,1.10,1.31
2017.10.27 05:42:27.157,1.31214,1.31222,1.57,1.19
2017.10.27 05:42:27.667,1.31213,1.31222,1.95,2.06
2017.10.27 05:42:28.850,1.31213,1.31222,1.95,2.06
2017.10.27 05:42:29.356,1.31214,1.31222,1.00,1.69
2017.10.27 05:42:30.082,1.31213,1.31222,1.57,1.69
2017.10.27 05:42:30.672,1.31216,1.31223,1.00,3.00
2017.10.27 05:42:32.196,1.31216,1.31221,1.00,1.19
2017.10.27 05:42:32.455,1.31214,1.31221,1.20,1.19
2017.10.27 05:42:37.135,1.31214,1.31219,1.00,1.69
2017.10.27 05:42:37.593,1.31214,1.3122,1.00,1.25
2017.10.27 05:42:51.351,1.31214,1.31219,1.00,1.19
2017.10.27 05:42:58.504,1.31214,1.31217,1.00,1.00
2017.10.27 05:43:07.938,1.31214,1.31219,1.00,1.56
2017.10.27 05:43:07.989,1.31214,1.3122,1.00,3.56
2017.10.27 05:43:16.208,1.31213,1.31219,1.00,1.20
2017.10.27 05:43:18.074,1.31214,1.3122,1.00,3.64
2017.10.27 05:43:18.127,1.31214,1.31219,1.00,1.01
2017.10.27 05:43:18.668,1.31214,1.31221,1.00,1.95
2017.10.27 05:43:19.708,1.31214,1.31219,1.00,1.39
2017.10.27 05:43:20.580,1.31214,1.31217,1.00,1.00
2017.10.27 05:43:20.683,1.31214,1.31219,1.00,1.10
2017.10.27 05:43:21.863,1.31214,1.3122,1.00,1.57
2017.10.27 05:43:22.805,1.31214,1.3122,1.00,1.32
2017.10.27 05:43:23.338,1.31214,1.31221,1.00,3.64
2017.10.27 05:43:25.119,1.31213,1.31217,1.00,1.10
2017.10.27 05:43:25.426,1.31214,1.3122,1.00,3.26
2017.10.27 05:43:26.717,1.31213,1.31217,1.00,1.69
2017.10.27 05:43:26.821,1.31214,1.3122,1.00,1.01
2017.10.27 05:43:26.872,1.31214,1.3122,1.00,1.39
2017.10.27 05:43:27.956,1.31214,1.3122,1.00,1.76
2017.10.27 05:43:32.499,1.31211,1.31221,2.21,2.14
2017.10.27 05:43:33.040,1.31211,1.31219,1.46,1.39
2017.10.27 05:43:33.425,1.31211,1.3122,1.84,1.01
2017.10.27 05:43:34.374,1.31212,1.31219,1.37,1.01
2017.10.27 05:43:34.971,1.3121,1.31219,2.62,1.70
2017.10.27 05:43:36.600,1.31212,1.3122,1.37,2.06
2017.10.27 05:43:37.058,1.31214,1.31222,1.47,1.19
2017.10.27 05:43:37.608,1.31214,1.31222,1.76,1.19
2017.10.27 05:43:37.733,1.31214,1.31222,1.10,2.44
2017.10.27 05:43:38.777,1.31213,1.31222,1.20,1.31
2017.10.27 05:43:40.604,1.31214,1.31222,1.20,1.31
2017.10.27 05:43:41.168,1.31214,1.31222,1.20,2.06
2017.10.27 05:43:41.938,1.31213,1.31222,1.20,2.81
2017.10.27 05:43:46.420,1.31212,1.3122,1.45,1.31
2017.10.27 05:43:46.472,1.3121,1.3122,3.07,1.31
2017.10.27 05:43:50.736,1.31212,1.31221,1.20,1.69
2017.10.27 05:43:50.942,1.31213,1.31221,1.45,1.69
2017.10.27 05:43:54.070,1.31212,1.31221,1.95,1.69
2017.10.27 05:43:54.639,1.31213,1.31221,1.45,1.69
2017.10.27 05:43:55.696,1.31213,1.31223,1.57,4.69
2017.10.27 05:43:56.222,1.31213,1.31223,1.20,3.94
2017.10.27 05:43:58.095,1.31214,1.31223,1.57,2.44
2017.10.27 05:43:58.300,1.31215,1.31223,1.10,1.31
2017.10.27 05:43:59.545,1.31214,1.31223,2.32,1.69
2017.10.27 05:44:01.010,1.31215,1.31224,1.12,1.31
2017.10.27 05:44:01.553,1.31215,1.31224,1.57,1.69
2017.10.27 05:44:02.060,1.31214,1.31224,4.57,1.69
2017.10.27 05:44:02.507,1.31217,1.31225,1.00,2.44
2017.10.27 05:44:02.815,1.3122,1.31227,1.00,2.06
2017.10.27 05:44:03.399,1.3122,1.31227,1.95,2.06
2017.10.27 05:44:03.743,1.31221,1.31227,1.00,1.00
2017.10.27 05:44:03.795,1.31219,1.31227,1.12,1.12
2017.10.27 05:44:07.949,1.31219,1.31225,1.00,1.31
2017.10.27 05:44:08.157,1.31219,1.31227,1.00,4.39
2017.10.27 05:44:11.115,1.31219,1.31225,1.00,2.06
2017.10.27 05:44:11.386,1.31219,1.31227,1.00,2.44
2017.10.27 05:44:11.897,1.3122,1.31228,1.00,1.19
2017.10.27 05:44:14.484,1.31219,1.31225,1.00,2.81
2017.10.27 05:44:14.536,1.31219,1.31227,1.50,2.06
2017.10.27 05:44:14.588,1.3122,1.31229,1.00,2.14
2017.10.27 05:44:16.712,1.3122,1.31228,1.00,2.51
2017.10.27 05:44:17.273,1.31219,1.31228,1.00,2.70
2017.10.27 05:44:17.809,1.31218,1.31226,1.00,1.87
2017.10.27 05:44:18.607,1.31218,1.31226,1.00,1.87
2017.10.27 05:44:22.553,1.31218,1.31225,1.00,1.50
2017.10.27 05:44:24.010,1.31218,1.31226,1.00,2.44
2017.10.27 05:44:25.012,1.31218,1.31224,1.00,1.00
2017.10.27 05:44:26.597,1.31218,1.31225,1.00,1.12
2017.10.27 05:44:27.453,1.31218,1.31225,1.00,1.00
2017.10.27 05:44:28.909,1.31218,1.31226,1.95,2.81
2017.10.27 05:44:29.516,1.31218,1.31226,1.00,3.94
2017.10.27 05:44:30.204,1.31218,1.31225,1.00,1.12
2017.10.27 05:44:30.718,1.31218,1.31223,1.00,1.56
2017.10.27 05:44:31.268,1.31219,1.31224,1.20,1.00
2017.10.27 05:44:31.320,1.31219,1.31226,1.20,1.31
2017.10.27 05:44:31.830,1.3122,1.31226,1.20,1.31
2017.10.27 05:44:32.815,1.31219,1.31228,1.20,2.06
2017.10.27 05:44:34.632,1.31219,1.31227,1.95,1.19
2017.10.27 05:44:35.252,1.31219,1.31225,1.45,1.00
2017.10.27 05:44:35.355,1.31218,1.31223,1.20,1.19
2017.10.27 05:44:38.208,1.31219,1.31225,1.00,1.37
2017.10.27 05:44:38.261,1.3122,1.31226,1.20,1.25
2017.10.27 05:44:38.570,1.3122,1.31228,2.70,1.25
2017.10.27 05:44:39.178,1.31221,1.31228,1.20,1.25
2017.10.27 05:44:39.281,1.3122,1.31228,1.20,1.69
2017.10.27 05:44:39.822,1.3122,1.31228,1.20,2.06
2017.10.27 05:44:39.874,1.31219,1.31228,2.89,2.06
2017.10.27 05:44:40.604,1.31219,1.31228,3.07,2.44
2017.10.27 05:44:42.251,1.31219,1.31228,2.14,2.81
2017.10.27 05:44:42.302,1.31219,1.31228,2.14,2.44
2017.10.27 05:44:42.812,1.31219,1.31227,1.10,1.81
2017.10.27 05:44:43.329,1.31218,1.31226,1.20,1.25
2017.10.27 05:44:43.560,1.31219,1.31226,1.20,1.25
2017.10.27 05:44:43.766,1.31218,1.31226,2.70,1.25
2017.10.27 05:44:44.277,1.31218,1.31225,1.95,1.00
2017.10.27 05:44:45.210,1.31218,1.31226,1.00,2.44
2017.10.27 05:44:45.789,1.31218,1.31226,1.00,3.19
2017.10.27 05:44:46.338,1.31218,1.31226,1.00,3.00
2017.10.27 05:44:46.960,1.31218,1.31223,1.00,1.63
2017.10.27 05:44:47.063,1.31215,1.31221,1.00,1.31
2017.10.27 05:44:47.809,1.31215,1.31222,1.00,1.87
2017.10.27 05:44:48.422,1.31215,1.31221,1.00,1.00
2017.10.27 05:44:50.872,1.31215,1.3122,1.00,1.12
2017.10.27 05:44:51.393,1.31215,1.31222,1.00,2.44
2017.10.27 05:44:52.341,1.31215,1.31223,1.00,1.31
2017.10.27 05:44:53.198,1.31215,1.3122,1.00,1.12
2017.10.27 05:44:53.753,1.31214,1.3122,1.00,1.19
2017.10.27 05:44:54.316,1.31214,1.31217,1.00,1.69
2017.10.27 05:44:56.242,1.31214,1.31221,1.00,1.69
2017.10.27 05:44:58.925,1.31214,1.31221,1.37,1.19
2017.10.27 05:44:59.130,1.31214,1.31222,1.95,1.00
2017.10.27 05:44:59.385,1.31214,1.31221,1.45,1.19
2017.10.27 05:45:00.191,1.31214,1.31221,1.20,1.19
2017.10.27 05:45:00.839,1.31214,1.31222,1.95,1.00
2017.10.27 05:45:01.044,1.31214,1.31222,1.20,1.69
2017.10.27 05:45:01.685,1.31214,1.31219,1.20,1.00
2017.10.27 05:45:02.199,1.31214,1.31218,1.20,1.00
2017.10.27 05:45:02.279,1.31214,1.3122,1.20,1.25
2017.10.27 05:45:02.560,1.31214,1.31222,1.37,1.50
2017.10.27 05:45:02.866,1.31214,1.3122,1.20,1.25
2017.10.27 05:45:04.099,1.31214,1.31222,1.20,2.44
2017.10.27 05:45:04.405,1.31216,1.31224,1.01,2.06
2017.10.27 05:45:04.770,1.31216,1.31224,1.45,1.19
2017.10.27 05:45:05.191,1.31215,1.31223,1.57,1.25
2017.10.27 05:45:06.258,1.31215,1.31224,1.57,1.69
2017.10.27 05:45:10.255,1.31215,1.31223,1.20,1.25
2017.10.27 05:45:11.631,1.31215,1.31221,1.20,1.00
2017.10.27 05:45:12.215,1.31215,1.31221,1.20,1.00
2017.10.27 05:45:13.551,1.31215,1.31221,1.20,1.00
2017.10.27 05:45:14.075,1.31215,1.31222,1.20,1.12
2017.10.27 05:45:14.644,1.31215,1.31222,1.00,1.12
2017.10.27 05:45:18.461,1.31215,1.31222,1.20,1.19
2017.10.27 05:45:28.878,1.31215,1.31223,1.20,2.44
2017.10.27 05:45:29.985,1.31215,1.31223,1.00,1.69
2017.10.27 05:45:35.543,1.31216,1.31223,1.00,2.06
2017.10.27 05:45:36.914,1.31216,1.31222,1.00,1.19
2017.10.27 05:45:42.827,1.31216,1.31222,1.45,1.19
2017.10.27 05:45:43.467,1.31216,1.31222,1.10,1.19
2017.10.27 05:45:43.977,1.31216,1.31222,1.95,1.19
2017.10.27 05:45:44.541,1.31216,1.31222,1.10,1.19
2017.10.27 05:45:46.690,1.31221,1.31226,1.12,1.25
2017.10.27 05:45:46.742,1.3122,1.31229,2.62,2.89
2017.10.27 05:45:47.273,1.31222,1.31229,1.00,1.69
2017.10.27 05:45:50.734,1.31221,1.31228,1.50,1.31
2017.10.27 05:45:54.540,1.31219,1.31228,1.12,2.81
2017.10.27 05:45:56.589,1.31218,1.31227,1.50,1.37
2017.10.27 05:46:00.268,1.31218,1.31224,1.00,1.69
2017.10.27 05:46:00.429,1.31215,1.31224,2.25,2.62
2017.10.27 05:46:04.583,1.31214,1.31222,1.00,1.50
2017.10.27 05:46:04.634,1.31214,1.3122,1.00,1.69
2017.10.27 05:46:07.140,1.31212,1.31217,1.00,2.44
2017.10.27 05:46:07.650,1.31212,1.31218,1.00,4.95
2017.10.27 05:46:09.396,1.31212,1.3122,1.00,2.81
2017.10.27 05:46:10.703,1.31212,1.31216,1.00,1.19
2017.10.27 05:46:12.598,1.3121,1.31215,1.00,2.44
2017.10.27 05:46:12.785,1.31212,1.31218,1.50,1.19
2017.10.27 05:46:14.147,1.31213,1.31218,1.00,1.88
2017.10.27 05:46:14.657,1.31212,1.31218,1.00,1.19
2017.10.27 05:46:15.976,1.31212,1.31217,1.00,2.44
2017.10.27 05:46:16.537,1.31212,1.31219,1.00,1.69
2017.10.27 05:46:17.078,1.31213,1.31219,1.00,1.19
2017.10.27 05:46:18.637,1.31212,1.31219,1.00,1.44
2017.10.27 05:46:19.148,1.31212,1.31218,1.00,2.32
2017.10.27 05:46:25.554,1.31212,1.31219,1.50,1.31
2017.10.27 05:46:27.111,1.31212,1.31218,1.00,4.69
2017.10.27 05:46:29.752,1.3121,1.31214,1.00,2.06
2017.10.27 05:46:30.155,1.3121,1.31216,1.00,2.25
2017.10.27 05:46:39.614,1.31212,1.31219,1.00,2.51
2017.10.27 05:46:44.261,1.31212,1.31217,1.00,1.62
2017.10.27 05:46:45.147,1.31212,1.31217,1.00,2.06
2017.10.27 05:47:00.841,1.31212,1.31219,1.00,2.89
2017.10.27 05:47:02.479,1.31212,1.31218,1.00,1.37
2017.10.27 05:47:02.531,1.31212,1.31217,1.00,3.37
2017.10.27 05:47:06.418,1.31209,1.31215,1.00,1.88
2017.10.27 05:47:07.418,1.31209,1.31214,1.00,1.69
2017.10.27 05:47:09.882,1.31209,1.31215,1.00,2.06
2017.10.27 05:47:13.322,1.31209,1.31214,1.00,3.00
2017.10.27 05:47:20.291,1.31209,1.31214,1.00,1.19
2017.10.27 05:47:20.817,1.31209,1.31213,1.00,1.31
2017.10.27 05:47:33.108,1.31209,1.31217,1.45,2.06
2017.10.27 05:47:33.716,1.31209,1.31216,1.00,2.06
2017.10.27 05:47:38.224,1.31209,1.31214,1.00,2.44
2017.10.27 05:47:47.300,1.31209,1.31213,1.00,1.31
2017.10.27 05:47:48.946,1.31209,1.31213,1.00,1.69
2017.10.27 05:47:49.606,1.31209,1.31213,1.00,1.31
2017.10.27 05:47:59.292,1.31209,1.31213,1.00,1.62
2017.10.27 05:48:05.447,1.31209,1.31214,1.00,1.69
2017.10.27 05:48:06.437,1.31205,1.31214,1.45,1.69
2017.10.27 05:48:07.887,1.31205,1.31214,1.39,1.69
2017.10.27 05:48:10.933,1.31205,1.31214,1.45,1.56
2017.10.27 05:48:11.444,1.31207,1.31214,1.00,1.19
2017.10.27 05:48:15.384,1.31207,1.31214,1.00,3.75
2017.10.27 05:48:16.165,1.31207,1.31213,1.00,1.56
2017.10.27 05:48:16.801,1.31207,1.31212,1.00,1.00
2017.10.27 05:48:21.089,1.31207,1.31213,1.00,1.00
2017.10.27 05:48:22.991,1.31207,1.31214,1.00,2.78
2017.10.27 05:48:25.475,1.31207,1.31214,1.00,2.63
2017.10.27 05:48:25.577,1.31207,1.31214,1.00,2.44
2017.10.27 05:48:26.387,1.31207,1.31213,1.00,1.19
2017.10.27 05:48:27.028,1.31207,1.31213,1.00,1.00
2017.10.27 05:48:27.706,1.31207,1.31213,1.00,1.19
2017.10.27 05:48:28.417,1.31207,1.31213,1.00,1.00
2017.10.27 05:48:29.239,1.31207,1.31213,1.00,1.19
2017.10.27 05:48:29.923,1.31207,1.31213,1.00,1.00
2017.10.27 05:48:31.160,1.31207,1.31213,1.00,1.19
2017.10.27 05:48:31.923,1.31207,1.31213,1.00,1.00
2017.10.27 05:48:33.990,1.31207,1.31213,1.00,1.38
2017.10.27 05:48:34.500,1.31208,1.31215,1.00,1.13
2017.10.27 05:48:46.150,1.31208,1.31217,1.00,4.50
2017.10.27 05:48:46.694,1.31208,1.31217,1.45,1.69
2017.10.27 05:48:49.059,1.31208,1.31217,1.45,1.69
2017.10.27 05:48:49.601,1.31208,1.31217,1.45,1.88
2017.10.27 05:48:57.176,1.31208,1.31217,1.95,2.25
2017.10.27 05:48:59.440,1.31208,1.31217,1.95,2.25
2017.10.27 05:49:00.136,1.31208,1.31217,1.95,2.25
2017.10.27 05:49:01.248,1.31208,1.31217,1.95,2.06
2017.10.27 05:49:06.052,1.31211,1.31218,1.12,1.69
2017.10.27 05:49:06.568,1.3121,1.31216,1.00,1.00
2017.10.27 05:49:06.979,1.31212,1.31218,1.00,2.00
2017.10.27 05:49:07.526,1.31211,1.31218,1.00,2.00
2017.10.27 05:49:08.263,1.31212,1.3122,1.00,1.31
2017.10.27 05:49:08.366,1.31212,1.31219,1.57,1.12
2017.10.27 05:49:09.038,1.31212,1.31218,1.00,1.50
2017.10.27 05:49:12.405,1.31211,1.31219,1.20,3.00
2017.10.27 05:49:14.529,1.31211,1.31219,1.00,2.06
2017.10.27 05:49:15.188,1.31212,1.3122,1.00,2.81
2017.10.27 05:49:15.291,1.31213,1.3122,1.12,1.00
2017.10.27 05:49:15.847,1.31213,1.3122,1.87,1.50
2017.10.27 05:49:18.571,1.31213,1.3122,1.12,1.50
2017.10.27 05:49:19.097,1.31213,1.3122,1.57,1.50
2017.10.27 05:49:19.596,1.31213,1.3122,1.45,2.00
2017.10.27 05:49:20.121,1.31213,1.3122,1.10,2.00
2017.10.27 05:49:21.214,1.31213,1.3122,1.20,1.25
2017.10.27 05:49:22.369,1.3121,1.31218,1.95,2.44
2017.10.27 05:49:22.522,1.3121,1.31219,1.50,2.62
2017.10.27 05:49:22.712,1.31213,1.3122,1.00,3.00
2017.10.27 05:49:23.282,1.31211,1.31219,1.45,1.69
2017.10.27 05:49:26.584,1.31212,1.3122,1.47,2.06
2017.10.27 05:49:41.216,1.31214,1.3122,1.00,1.56
2017.10.27 05:49:49.374,1.31213,1.3122,1.20,1.19
2017.10.27 05:49:52.314,1.31213,1.3122,1.57,1.19
2017.10.27 05:49:52.837,1.31213,1.3122,1.12,1.19
2017.10.27 05:49:54.966,1.31213,1.3122,1.10,1.19
2017.10.27 05:50:07.650,1.31213,1.31223,1.00,3.26
2017.10.27 05:50:07.922,1.31216,1.31224,1.20,4.31
2017.10.27 05:50:08.026,1.31221,1.31227,1.12,1.00
2017.10.27 05:50:08.129,1.31223,1.31227,1.25,1.00
2017.10.27 05:50:08.489,1.31225,1.31227,1.00,1.00
2017.10.27 05:50:08.760,1.31225,1.31231,1.20,1.00
2017.10.27 05:50:09.992,1.31224,1.31231,1.00,1.25
2017.10.27 05:50:10.625,1.31224,1.31231,1.00,1.31
2017.10.27 05:50:11.142,1.31222,1.3123,1.57,1.31
2017.10.27 05:50:11.800,1.31222,1.31229,1.20,1.25
2017.10.27 05:50:12.575,1.31221,1.31229,1.20,1.00
2017.10.27 05:50:12.891,1.31222,1.31231,1.20,1.62
2017.10.27 05:50:13.196,1.31225,1.31231,1.00,1.25
2017.10.27 05:50:13.987,1.31225,1.3123,1.00,2.06
2017.10.27 05:50:14.043,1.31222,1.3123,1.95,1.12
2017.10.27 05:50:16.836,1.31223,1.31231,1.12,1.31
2017.10.27 05:50:16.989,1.31225,1.31231,1.00,1.31
2017.10.27 05:50:17.539,1.31226,1.31231,1.00,1.25
2017.10.27 05:50:18.662,1.31225,1.31231,1.00,1.25
2017.10.27 05:50:19.202,1.31224,1.31231,1.00,2.44
2017.10.27 05:50:19.561,1.31221,1.3123,1.45,2.63
2017.10.27 05:50:20.108,1.31221,1.3123,1.20,2.25
2017.10.27 05:50:20.611,1.31221,1.31229,1.20,1.00
2017.10.27 05:50:21.179,1.31221,1.3123,1.20,1.87
2017.10.27 05:50:21.690,1.31222,1.3123,1.00,2.62
2017.10.27 05:50:24.109,1.31222,1.31229,1.00,1.00
2017.10.27 05:50:24.623,1.31222,1.3123,1.00,2.25
2017.10.27 05:50:26.092,1.31222,1.31229,1.00,1.00
2017.10.27 05:50:26.246,1.31225,1.31231,1.00,1.25
2017.10.27 05:50:26.758,1.31224,1.31231,1.20,1.25
2017.10.27 05:50:31.317,1.31225,1.31231,1.00,1.25
2017.10.27 05:50:32.082,1.31223,1.31231,1.45,1.88
2017.10.27 05:50:32.602,1.31223,1.31231,1.45,1.69
2017.10.27 05:50:35.416,1.31226,1.31232,1.00,1.19
2017.10.27 05:50:36.031,1.31226,1.31232,1.00,1.00
2017.10.27 05:50:36.572,1.31225,1.31229,1.00,1.31
2017.10.27 05:50:36.623,1.31218,1.31222,1.76,1.00
2017.10.27 05:50:36.726,1.31218,1.31222,1.00,1.31
2017.10.27 05:50:37.241,1.31217,1.31222,1.00,1.44
2017.10.27 05:50:37.763,1.31217,1.31223,1.00,1.50
2017.10.27 05:50:38.364,1.31217,1.31222,1.00,1.63
2017.10.27 05:50:39.770,1.31218,1.31225,1.00,1.25
2017.10.27 05:50:39.875,1.31219,1.31229,1.95,2.44
2017.10.27 05:50:39.926,1.31221,1.31229,1.10,2.63
2017.10.27 05:50:40.234,1.31222,1.3123,1.45,1.69
2017.10.27 05:50:40.849,1.31222,1.3123,1.20,1.44
2017.10.27 05:50:42.267,1.31223,1.31231,1.00,3.00
2017.10.27 05:50:42.780,1.31223,1.31231,1.57,2.81
2017.10.27 05:50:44.083,1.31223,1.31231,1.12,2.44
2017.10.27 05:50:44.639,1.31224,1.31231,1.00,2.06
2017.10.27 05:50:45.192,1.31223,1.31231,1.00,3.00
2017.10.27 05:50:46.961,1.31222,1.3123,1.00,2.62
2017.10.27 05:50:47.477,1.31221,1.3123,1.50,1.94
2017.10.27 05:51:00.369,1.31221,1.31231,1.50,2.14
2017.10.27 05:51:00.675,1.31222,1.31229,1.00,1.40
2017.10.27 05:51:01.260,1.31221,1.31229,1.50,1.27
2017.10.27 05:51:04.921,1.31222,1.31229,1.00,2.44
2017.10.27 05:51:05.865,1.31222,1.31229,1.00,2.63
2017.10.27 05:51:06.377,1.31222,1.31229,1.00,1.50
2017.10.27 05:51:06.685,1.31227,1.31232,1.00,1.25
2017.10.27 05:51:07.540,1.31229,1.31232,1.00,1.25
2017.10.27 05:51:29.472,1.31229,1.31234,1.00,1.63
2017.10.27 05:51:31.515,1.31227,1.31233,1.00,1.25
2017.10.27 05:51:32.026,1.31228,1.31234,1.00,1.63
2017.10.27 05:51:42.201,1.31228,1.31235,1.00,1.31
2017.10.27 05:51:46.599,1.31227,1.31235,1.50,2.44
2017.10.27 05:51:47.169,1.31227,1.31234,1.50,1.00
2017.10.27 05:51:47.681,1.31227,1.31235,1.00,1.69
2017.10.27 05:51:48.763,1.31227,1.31233,1.00,1.31
2017.10.27 05:51:49.832,1.31227,1.31234,1.00,1.56
2017.10.27 05:51:54.212,1.31227,1.31233,1.50,1.69
2017.10.27 05:51:54.315,1.31227,1.31233,1.00,1.19
2017.10.27 05:52:01.529,1.31227,1.31234,1.00,3.75
2017.10.27 05:52:01.744,1.31227,1.31234,1.00,3.75
2017.10.27 05:52:03.107,1.31227,1.31234,1.00,3.94
2017.10.27 05:52:04.125,1.31227,1.31233,1.00,2.62
2017.10.27 05:52:04.626,1.31227,1.31233,1.00,2.06
2017.10.27 05:52:05.970,1.31227,1.31234,1.00,5.32
2017.10.27 05:52:06.674,1.31227,1.31233,1.00,2.44
2017.10.27 05:52:07.219,1.31227,1.31232,1.00,1.00
2017.10.27 05:52:24.909,1.3123,1.31234,1.00,1.19
2017.10.27 05:52:24.961,1.3123,1.31236,1.00,1.37
2017.10.27 05:52:25.064,1.31232,1.31239,1.50,1.81
2017.10.27 05:52:30.186,1.31233,1.3124,1.95,1.56
2017.10.27 05:52:39.682,1.31233,1.31241,1.20,2.81
2017.10.27 05:52:45.568,1.31234,1.3124,1.10,1.94
2017.10.27 05:52:51.498,1.31233,1.31238,1.00,2.81
2017.10.27 05:52:51.907,1.31233,1.31238,1.00,1.25
2017.10.27 05:52:53.707,1.31233,1.3124,1.50,1.19
2017.10.27 05:52:55.766,1.31233,1.3124,1.12,1.56
2017.10.27 05:52:56.380,1.31233,1.3124,1.12,1.19
2017.10.27 05:52:58.028,1.31235,1.31241,1.00,1.19
2017.10.27 05:52:58.080,1.31235,1.31244,1.25,1.94
2017.10.27 05:52:58.132,1.31237,1.31243,1.00,1.56
2017.10.27 05:52:59.986,1.31237,1.31241,1.00,1.13
2017.10.27 05:53:00.519,1.31236,1.3124,1.00,1.00
2017.10.27 05:53:01.971,1.31236,1.31242,1.00,1.62
2017.10.27 05:53:02.217,1.31242,1.31249,1.00,2.51
2017.10.27 05:53:02.731,1.31242,1.31249,1.95,1.13
2017.10.27 05:53:03.248,1.31242,1.31251,2.32,1.56
2017.10.27 05:53:05.793,1.31242,1.31251,1.87,1.63
2017.10.27 05:53:06.829,1.31243,1.31251,1.00,1.37
2017.10.27 05:53:08.565,1.31243,1.3125,1.00,1.13
2017.10.27 05:53:09.543,1.31243,1.31249,1.00,1.62
2017.10.27 05:53:13.853,1.31243,1.31251,1.00,1.69
2017.10.27 05:53:14.375,1.31243,1.31251,1.00,2.63
2017.10.27 05:53:14.679,1.31242,1.31251,1.50,3.00
2017.10.27 05:53:14.731,1.31242,1.31251,1.87,1.62
2017.10.27 05:53:15.585,1.31243,1.31251,1.00,1.62
2017.10.27 05:53:17.586,1.31247,1.31253,1.58,1.69
2017.10.27 05:53:17.691,1.31253,1.31258,1.00,1.69
2017.10.27 05:53:17.857,1.31258,1.31267,2.62,1.00
2017.10.27 05:53:18.010,1.31261,1.31271,1.87,2.63
2017.10.27 05:53:18.164,1.31265,1.31271,1.00,1.50
2017.10.27 05:53:18.267,1.31267,1.31276,1.76,3.75
2017.10.27 05:53:18.370,1.31271,1.3128,1.95,2.06
2017.10.27 05:53:18.422,1.31271,1.3128,2.32,1.69
2017.10.27 05:53:18.628,1.31274,1.31283,1.95,2.44
2017.10.27 05:53:18.833,1.3128,1.31288,1.50,1.00
2017.10.27 05:53:19.346,1.31281,1.31289,1.50,1.31
2017.10.27 05:53:19.873,1.31282,1.3129,1.00,1.31
2017.10.27 05:53:20.949,1.31282,1.3129,1.50,1.75
2017.10.27 05:53:21.052,1.31282,1.3129,1.50,1.50
2017.10.27 05:53:21.607,1.31282,1.3129,1.50,2.44
2017.10.27 05:53:22.127,1.31281,1.3129,1.50,2.44
2017.10.27 05:53:22.658,1.31281,1.31289,1.12,1.69
2017.10.27 05:53:23.219,1.3128,1.31289,1.37,1.12
2017.10.27 05:53:23.478,1.31281,1.31292,2.25,2.51
2017.10.27 05:53:24.018,1.31282,1.31293,1.12,2.62
2017.10.27 05:53:24.480,1.31283,1.31292,1.00,1.81
2017.10.27 05:53:24.811,1.31281,1.31292,2.06,1.62
2017.10.27 05:53:25.169,1.31281,1.3129,1.69,2.06
2017.10.27 05:53:25.475,1.31274,1.31283,1.12,2.25
2017.10.27 05:53:25.624,1.31273,1.31284,3.75,3.19
2017.10.27 05:53:25.677,1.31272,1.31283,1.95,1.31
2017.10.27 05:53:25.779,1.31272,1.31282,3.07,1.50
2017.10.27 05:53:25.882,1.31272,1.31283,1.57,2.06
2017.10.27 05:53:26.393,1.31271,1.31282,3.37,1.50
2017.10.27 05:53:26.716,1.31271,1.31281,3.37,1.00
2017.10.27 05:53:26.819,1.31278,1.31285,1.91,1.62
2017.10.27 05:53:27.078,1.31295,1.31303,1.95,1.38
2017.10.27 05:53:27.130,1.31303,1.31307,1.00,1.37
2017.10.27 05:53:27.182,1.31304,1.31311,1.00,2.44
2017.10.27 05:53:27.234,1.3131,1.31315,1.20,1.87
2017.10.27 05:53:27.539,1.31327,1.31334,1.75,1.19
2017.10.27 05:53:27.592,1.31331,1.31338,1.50,1.19
2017.10.27 05:53:27.644,1.31331,1.3134,1.00,2.06
2017.10.27 05:53:27.696,1.31329,1.31337,2.62,2.44
2017.10.27 05:53:27.902,1.31326,1.31334,1.12,1.25
2017.10.27 05:53:28.158,1.31325,1.31334,1.50,1.75
2017.10.27 05:53:28.632,1.31322,1.3133,1.25,1.31
2017.10.27 05:53:28.684,1.3132,1.31326,1.00,1.81
2017.10.27 05:53:28.889,1.31301,1.31308,1.19,1.00
2017.10.27 05:53:28.989,1.31296,1.313,1.50,1.00
2017.10.27 05:53:29.042,1.31291,1.31302,5.06,3.44
2017.10.27 05:53:29.095,1.31293,1.31302,1.00,1.31
2017.10.27 05:53:29.215,1.31293,1.31302,1.00,1.76
2017.10.27 05:53:29.267,1.31295,1.31306,1.25,3.64
2017.10.27 05:53:29.320,1.31295,1.31306,1.19,1.76
2017.10.27 05:53:29.371,1.31296,1.31306,1.19,1.25
2017.10.27 05:53:30.140,1.31297,1.31308,2.53,2.14
2017.10.27 05:53:30.343,1.31301,1.31311,1.12,2.51
2017.10.27 05:53:31.116,1.31302,1.31311,1.12,1.39
2017.10.27 05:53:31.351,1.31303,1.31312,1.00,1.64
2017.10.27 05:53:31.710,1.31303,1.31312,1.00,1.76
2017.10.27 05:53:32.630,1.31302,1.31311,3.35,1.00
2017.10.27 05:53:39.711,1.31303,1.31309,1.00,1.19
2017.10.27 05:53:43.018,1.3131,1.31314,1.00,1.19
2017.10.27 05:53:43.071,1.31311,1.3132,1.87,4.39
2017.10.27 05:53:43.123,1.31313,1.3132,1.00,2.06
2017.10.27 05:53:43.634,1.31311,1.3132,2.25,1.19
2017.10.27 05:53:44.284,1.31311,1.31317,1.00,1.37
2017.10.27 05:53:44.335,1.31304,1.31313,1.12,1.87
2017.10.27 05:53:44.387,1.31304,1.31312,2.44,1.19
2017.10.27 05:53:44.439,1.31304,1.31312,2.44,1.19
2017.10.27 05:53:44.949,1.31305,1.31312,2.62,1.19
2017.10.27 05:53:46.262,1.31304,1.31312,1.87,1.19
2017.10.27 05:53:46.775,1.31306,1.31312,1.00,1.19
2017.10.27 05:53:47.608,1.31306,1.31315,1.12,1.19
2017.10.27 05:53:48.817,1.31308,1.31315,1.00,1.19
2017.10.27 05:53:49.861,1.31306,1.31315,1.50,1.19
2017.10.27 05:53:51.552,1.31305,1.31315,1.37,1.31
2017.10.27 05:53:52.545,1.31304,1.31311,1.37,1.00
2017.10.27 05:53:53.081,1.31303,1.31311,1.87,1.00
2017.10.27 05:53:53.932,1.31305,1.31309,1.00,1.37
2017.10.27 05:53:54.035,1.31295,1.31301,1.20,1.25
2017.10.27 05:53:54.088,1.31294,1.31302,1.20,2.62
2017.10.27 05:53:54.259,1.31291,1.31296,3.45,1.00
2017.10.27 05:53:54.311,1.31289,1.31296,1.20,1.00
2017.10.27 05:53:54.831,1.31289,1.31296,1.00,1.00
2017.10.27 05:53:56.649,1.31289,1.31297,1.12,1.00
2017.10.27 05:53:57.448,1.3129,1.31297,1.00,1.00
2017.10.27 05:53:57.723,1.3129,1.31299,1.87,1.69
2017.10.27 05:53:57.774,1.31291,1.31299,1.12,1.69
2017.10.27 05:54:00.929,1.31289,1.31298,1.87,1.25
2017.10.27 05:54:02.396,1.31289,1.31297,1.00,1.00
2017.10.27 05:54:02.902,1.31289,1.31297,1.37,1.00
2017.10.27 05:54:03.454,1.31289,1.31297,1.00,1.00
2017.10.27 05:54:04.660,1.31289,1.31297,1.12,1.00
2017.10.27 05:54:05.420,1.31289,1.31299,1.12,1.19
2017.10.27 05:54:05.931,1.31291,1.31297,1.00,1.00
2017.10.27 05:54:06.035,1.31288,1.31296,1.00,1.00
2017.10.27 05:54:06.139,1.31288,1.31294,1.00,1.19
2017.10.27 05:54:08.801,1.31289,1.31294,1.00,1.19
2017.10.27 05:54:09.313,1.3129,1.31294,1.00,1.19
2017.10.27 05:54:09.615,1.31292,1.31297,1.00,1.19
2017.10.27 05:54:09.770,1.31292,1.313,1.00,1.19
2017.10.27 05:54:15.276,1.31293,1.313,1.00,1.19
2017.10.27 05:54:15.390,1.31294,1.313,1.45,1.19
2017.10.27 05:54:15.444,1.31298,1.31305,1.45,1.00
2017.10.27 05:54:15.547,1.31299,1.31305,3.07,1.00
2017.10.27 05:54:15.856,1.31305,1.3131,1.00,1.19
2017.10.27 05:54:16.952,1.31304,1.3131,1.20,1.19
2017.10.27 05:54:17.562,1.31303,1.3131,1.20,1.19
2017.10.27 05:54:18.074,1.31304,1.3131,1.00,1.87
2017.10.27 05:54:18.670,1.31305,1.3131,1.10,1.19
2017.10.27 05:54:19.330,1.31305,1.31311,1.10,1.19
2017.10.27 05:54:19.858,1.31305,1.31311,1.00,1.19
2017.10.27 05:54:19.963,1.31303,1.31311,1.00,1.31
2017.10.27 05:54:20.526,1.31302,1.31311,1.50,2.81
2017.10.27 05:54:21.031,1.31302,1.31311,1.50,2.25
2017.10.27 05:54:21.195,1.31296,1.31304,3.82,2.06
2017.10.27 05:54:21.246,1.31296,1.31303,1.00,1.25
2017.10.27 05:54:21.298,1.31297,1.31303,1.50,1.31
2017.10.27 05:54:21.350,1.31299,1.31308,1.00,3.30
2017.10.27 05:54:21.863,1.313,1.31308,1.00,1.19
2017.10.27 05:54:22.100,1.31303,1.31308,1.00,1.19
2017.10.27 05:54:22.151,1.31304,1.31311,1.00,1.39
2017.10.27 05:54:31.130,1.31304,1.31307,1.00,1.00
2017.10.27 05:54:31.487,1.31302,1.31307,1.50,1.50
2017.10.27 05:54:32.039,1.31302,1.31306,1.50,1.00
2017.10.27 05:54:32.563,1.31302,1.31307,1.50,1.50
2017.10.27 05:54:32.767,1.31302,1.31303,1.00,1.50
2017.10.27 05:54:33.174,1.313,1.31302,1.00,1.00
2017.10.27 05:54:33.694,1.31299,1.31302,3.37,1.00
2017.10.27 05:54:33.849,1.31297,1.313,1.37,1.00
2017.10.27 05:54:34.186,1.31296,1.31298,1.69,1.00
2017.10.27 05:54:34.953,1.31294,1.31298,2.62,1.00
2017.10.27 05:54:37.219,1.31297,1.31298,1.00,1.00
2017.10.27 05:54:37.271,1.31294,1.31298,1.50,1.00
2017.10.27 05:54:37.322,1.31292,1.31296,1.95,1.00
2017.10.27 05:54:37.374,1.31291,1.31296,1.87,1.00
2017.10.27 05:54:37.477,1.31291,1.31296,1.50,1.00
2017.10.27 05:54:43.472,1.31287,1.31291,2.70,1.00
2017.10.27 05:54:43.524,1.31286,1.31291,1.50,1.50
2017.10.27 05:54:43.576,1.31286,1.31287,1.00,1.00
2017.10.27 05:54:43.882,1.31282,1.31287,1.01,1.50
2017.10.27 05:54:44.431,1.31281,1.31286,2.25,1.00
2017.10.27 05:54:45.224,1.31281,1.31287,1.50,1.50
2017.10.27 05:54:46.280,1.31281,1.31286,1.69,1.00
2017.10.27 05:54:47.034,1.31281,1.31287,1.50,1.50
2017.10.27 05:54:47.552,1.31284,1.31287,1.00,1.00
2017.10.27 05:54:48.064,1.31283,1.31287,3.56,1.00
2017.10.27 05:54:48.534,1.31282,1.31287,3.38,1.00
2017.10.27 05:54:48.740,1.31282,1.31288,3.19,1.50
2017.10.27 05:54:49.328,1.31282,1.31286,2.62,1.00
2017.10.27 05:54:49.636,1.31283,1.31288,3.94,1.50
2017.10.27 05:54:50.440,1.31284,1.31287,1.20,1.00
2017.10.27 05:54:50.962,1.31284,1.31287,1.83,1.00
2017.10.27 05:54:51.631,1.31284,1.31288,1.20,1.50
2017.10.27 05:54:52.167,1.31284,1.31288,1.89,1.50
2017.10.27 05:54:52.697,1.31284,1.31288,1.64,1.00
2017.10.27 05:54:53.914,1.31284,1.31288,1.01,1.00
2017.10.27 05:54:54.909,1.31283,1.31287,2.89,1.00
