2012.05.21 01:00:02.419,1.58164,1.58182,1.50,1.50
2012.05.21 01:00:04.302,1.58164,1.58182,1.50,1.50
2012.05.21 01:00:04.714,1.58166,1.58186,2.25,1.50
2012.05.21 01:00:05.150,1.58169,1.58187,1.88,1.88
2012.05.21 01:00:05.500,1.58172,1.5819,1.50,2.63
2012.05.21 01:00:05.849,1.5817,1.5819,1.50,3.00
2012.05.21 01:00:08.337,1.5817,1.5819,1.50,3.00
2012.05.21 01:00:10.162,1.5817,1.5819,2.25,3.00
2012.05.21 01:00:10.233,1.5817,1.58188,1.50,2.44
2012.05.21 01:00:10.585,1.58167,1.58184,1.13,1.50
2012.05.21 01:00:10.928,1.58167,1.58186,2.25,2.25
2012.05.21 01:00:11.926,1.58167,1.58186,3.57,2.25
2012.05.21 01:00:12.072,1.58169,1.58187,1.13,1.50
2012.05.21 01:00:12.142,1.58169,1.58187,1.13,1.50
2012.05.21 01:00:12.492,1.5818,1.58193,1.50,1.50
2012.05.21 01:00:13.331,1.5818,1.58195,1.50,1.88
2012.05.21 01:00:13.474,1.58178,1.58195,3.00,2.25
2012.05.21 01:00:13.623,1.58176,1.58194,3.00,1.50
2012.05.21 01:00:14.254,1.58178,1.58194,1.50,1.50
2012.05.21 01:00:15.733,1.58177,1.58194,1.50,1.50
2012.05.21 01:00:15.942,1.58177,1.58196,3.00,2.44
2012.05.21 01:00:16.290,1.58173,1.58192,2.63,1.50
2012.05.21 01:00:16.639,1.58173,1.5819,1.13,1.50
2012.05.21 01:00:17.263,1.58176,1.58192,1.50,1.50
2012.05.21 01:00:17.339,1.58177,1.58194,1.50,1.50
2012.05.21 01:00:17.901,1.58177,1.58194,1.50,1.50
2012.05.21 01:00:19.659,1.58179,1.58194,1.50,1.50
2012.05.21 01:00:19.733,1.5818,1.58198,1.88,1.50
2012.05.21 01:00:23.715,1.58181,1.582,1.69,3.00
2012.05.21 01:00:24.430,1.58181,1.582,1.69,3.00
2012.05.21 01:00:27.728,1.58181,1.582,2.44,1.50
2012.05.21 01:00:27.802,1.58186,1.58203,1.50,1.50
2012.05.21 01:00:28.364,1.58185,1.58202,2.25,1.50
2012.05.21 01:00:28.710,1.58185,1.582,1.50,1.50
2012.05.21 01:00:28.779,1.58185,1.58202,1.50,1.50
2012.05.21 01:00:29.390,1.58184,1.58202,2.93,1.50
2012.05.21 01:00:32.407,1.58185,1.58202,1.69,1.50
2012.05.21 01:00:32.479,1.5819,1.58202,1.50,1.50
2012.05.21 01:00:32.620,1.5819,1.5821,3.75,2.25
2012.05.21 01:00:32.829,1.58192,1.58211,2.25,1.50
2012.05.21 01:00:32.959,1.58189,1.58209,4.88,1.50
2012.05.21 01:00:33.030,1.58191,1.58211,1.50,3.00
2012.05.21 01:00:33.103,1.58191,1.5821,1.50,1.50
2012.05.21 01:00:33.733,1.58189,1.58209,3.38,2.25
2012.05.21 01:00:35.333,1.58189,1.58209,2.63,3.00
2012.05.21 01:00:37.687,1.58189,1.58209,1.50,3.00
2012.05.21 01:00:42.701,1.58189,1.58209,3.00,1.50
2012.05.21 01:00:43.247,1.5819,1.58209,1.88,1.50
2012.05.21 01:00:44.005,1.58191,1.58209,1.13,1.50
2012.05.21 01:00:44.152,1.58191,1.58211,2.63,2.25
2012.05.21 01:00:44.223,1.58196,1.58212,1.50,1.69
2012.05.21 01:00:44.705,1.58198,1.58213,1.50,1.69
2012.05.21 01:00:44.789,1.58196,1.58213,1.50,1.50
2012.05.21 01:00:44.930,1.58194,1.58213,1.50,1.50
2012.05.21 01:00:45.491,1.58194,1.58213,1.50,1.50
2012.05.21 01:00:45.952,1.58194,1.58214,1.50,3.75
2012.05.21 01:00:49.351,1.58192,1.58212,1.50,1.50
2012.05.21 01:00:49.560,1.58189,1.58209,3.00,1.50
2012.05.21 01:00:53.219,1.58191,1.58211,3.00,1.50
2012.05.21 01:00:53.290,1.58191,1.58211,3.00,1.50
2012.05.21 01:00:53.628,1.58195,1.58214,1.50,1.69
2012.05.21 01:00:54.198,1.58197,1.58214,1.50,1.69
2012.05.21 01:00:55.629,1.58195,1.58214,1.50,1.69
2012.05.21 01:00:57.518,1.58197,1.58214,1.50,1.50
2012.05.21 01:00:57.877,1.582,1.58219,1.69,4.25
2012.05.21 01:00:58.234,1.58202,1.58219,2.25,2.55
2012.05.21 01:00:58.662,1.58207,1.58219,1.50,1.05
2012.05.21 01:00:58.741,1.58207,1.58225,2.25,1.88
2012.05.21 01:00:58.812,1.58207,1.58227,2.25,3.10
2012.05.21 01:00:59.359,1.58209,1.58227,2.44,1.45
2012.05.21 01:01:00.129,1.58207,1.58226,2.63,1.50
2012.05.21 01:01:00.620,1.58209,1.58226,1.69,1.50
2012.05.21 01:01:05.431,1.58211,1.58228,1.69,1.50
2012.05.21 01:01:06.824,1.58209,1.58226,2.07,1.50
2012.05.21 01:01:09.132,1.58207,1.58226,3.00,1.50
2012.05.21 01:01:10.634,1.58208,1.58226,1.13,1.50
2012.05.21 01:01:12.672,1.58207,1.58224,1.50,1.50
2012.05.21 01:01:13.360,1.58206,1.58222,2.25,1.50
2012.05.21 01:01:13.429,1.58206,1.58222,1.88,1.50
2012.05.21 01:01:14.842,1.58209,1.58222,1.50,1.50
2012.05.21 01:01:14.981,1.58211,1.58227,1.50,1.67
2012.05.21 01:01:15.401,1.58208,1.58227,1.69,1.67
2012.05.21 01:01:15.949,1.5821,1.58227,1.50,1.67
2012.05.21 01:01:17.448,1.5821,1.58227,1.50,2.42
2012.05.21 01:01:18.000,1.5821,1.58227,1.50,1.67
2012.05.21 01:01:21.086,1.58207,1.58221,1.88,1.50
2012.05.21 01:01:21.443,1.58207,1.58221,1.88,1.50
2012.05.21 01:01:21.724,1.58207,1.58223,1.50,1.50
2012.05.21 01:01:21.803,1.58207,1.58225,1.88,1.50
2012.05.21 01:01:21.880,1.58207,1.58225,1.13,1.50
2012.05.21 01:01:22.022,1.58207,1.58227,2.63,3.00
2012.05.21 01:01:22.583,1.58209,1.58227,1.13,1.50
2012.05.21 01:01:22.945,1.58207,1.58225,1.50,2.25
2012.05.21 01:01:23.230,1.58206,1.58223,1.69,1.50
2012.05.21 01:01:23.582,1.58205,1.58221,1.13,1.50
2012.05.21 01:01:24.070,1.58204,1.58223,1.50,2.25
2012.05.21 01:01:24.810,1.58205,1.58225,1.88,3.75
2012.05.21 01:01:25.161,1.58207,1.58226,2.25,1.50
2012.05.21 01:01:25.652,1.58207,1.58224,2.25,1.50
2012.05.21 01:01:30.718,1.58207,1.58226,2.25,1.50
2012.05.21 01:01:32.720,1.58207,1.58225,3.00,1.50
2012.05.21 01:01:32.792,1.58207,1.58223,3.00,1.50
2012.05.21 01:01:33.351,1.58207,1.58225,3.00,1.50
2012.05.21 01:01:42.000,1.58207,1.58225,2.63,1.50
2012.05.21 01:01:44.739,1.58207,1.58225,2.25,1.50
2012.05.21 01:01:47.630,1.58207,1.58225,3.00,1.50
2012.05.21 01:01:52.322,1.58207,1.58225,1.88,1.50
2012.05.21 01:01:54.050,1.58207,1.58225,2.25,1.50
2012.05.21 01:02:00.108,1.58207,1.58225,1.88,1.50
2012.05.21 01:02:01.621,1.58208,1.58225,1.50,1.50
2012.05.21 01:02:02.309,1.58208,1.58223,1.50,1.50
2012.05.21 01:02:02.828,1.58208,1.58225,1.50,3.00
2012.05.21 01:02:06.701,1.58208,1.58225,1.13,1.50
2012.05.21 01:02:06.998,1.58208,1.58223,1.13,1.50
2012.05.21 01:02:09.261,1.58206,1.58223,1.88,1.50
2012.05.21 01:02:09.331,1.58206,1.58221,2.63,1.50
2012.05.21 01:02:09.610,1.58206,1.58223,1.88,1.50
2012.05.21 01:02:10.525,1.58206,1.58221,2.63,1.50
2012.05.21 01:02:11.699,1.58206,1.58221,1.69,1.50
2012.05.21 01:02:11.771,1.58206,1.58223,1.69,3.00
2012.05.21 01:02:14.960,1.58206,1.58223,1.50,2.25
2012.05.21 01:02:15.240,1.58208,1.58226,1.88,1.50
2012.05.21 01:02:16.300,1.58208,1.58224,1.88,1.50
2012.05.21 01:02:16.509,1.58208,1.58224,1.69,1.50
2012.05.21 01:02:18.827,1.58208,1.58224,1.88,1.50
2012.05.21 01:02:19.537,1.58208,1.58226,1.88,1.50
2012.05.21 01:02:20.908,1.58208,1.58226,1.69,1.50
2012.05.21 01:02:22.149,1.58208,1.58225,1.69,1.50
2012.05.21 01:02:22.218,1.58208,1.58223,1.69,1.50
2012.05.21 01:02:22.878,1.58207,1.58225,2.67,1.50
2012.05.21 01:02:23.558,1.58208,1.58225,1.13,1.50
2012.05.21 01:02:25.631,1.58207,1.58225,2.67,1.50
2012.05.21 01:02:27.361,1.58208,1.58225,1.13,1.50
2012.05.21 01:02:31.560,1.58207,1.58225,2.10,1.50
2012.05.21 01:02:32.033,1.58207,1.58225,1.73,2.25
2012.05.21 01:02:32.383,1.58206,1.5822,1.20,2.63
2012.05.21 01:02:32.734,1.58204,1.58215,1.50,1.50
2012.05.21 01:02:32.812,1.58197,1.58215,2.78,1.50
2012.05.21 01:02:33.295,1.58197,1.58213,2.03,1.50
2012.05.21 01:02:33.990,1.58197,1.58213,2.03,1.50
2012.05.21 01:02:41.209,1.58197,1.58215,2.03,1.50
2012.05.21 01:02:42.030,1.58197,1.58215,2.03,1.50
2012.05.21 01:02:42.100,1.58197,1.58217,3.53,1.50
2012.05.21 01:02:43.021,1.58197,1.58217,3.75,1.50
2012.05.21 01:02:43.620,1.58197,1.58215,2.25,1.50
2012.05.21 01:02:43.971,1.58197,1.58213,2.25,1.50
2012.05.21 01:02:44.111,1.58196,1.58213,2.63,1.50
2012.05.21 01:02:50.159,1.58197,1.58213,1.13,1.50
2012.05.21 01:02:50.288,1.58197,1.58215,1.13,1.50
2012.05.21 01:02:55.215,1.58197,1.58217,3.19,2.25
2012.05.21 01:03:00.309,1.58197,1.58217,3.38,2.25
2012.05.21 01:03:03.304,1.58199,1.58218,2.44,1.50
2012.05.21 01:03:05.843,1.58197,1.58215,3.38,1.88
2012.05.21 01:03:06.402,1.58197,1.58213,1.13,2.25
2012.05.21 01:03:06.476,1.58196,1.58213,1.69,2.25
2012.05.21 01:03:08.854,1.58194,1.58213,2.03,2.25
2012.05.21 01:03:13.280,1.58194,1.58213,1.84,2.25
2012.05.21 01:03:13.972,1.58194,1.58213,1.09,3.00
2012.05.21 01:03:14.254,1.58193,1.5821,4.28,1.65
2012.05.21 01:03:14.405,1.58193,1.5821,2.10,1.65
2012.05.21 01:03:14.695,1.58193,1.58207,1.50,1.50
2012.05.21 01:03:14.971,1.58187,1.58206,1.20,2.25
2012.05.21 01:03:15.045,1.58185,1.58204,2.44,2.25
2012.05.21 01:03:21.470,1.58188,1.58205,1.50,1.50
2012.05.21 01:03:26.589,1.5819,1.58205,1.50,1.50
2012.05.21 01:03:26.941,1.58198,1.58212,1.68,1.50
2012.05.21 01:03:27.221,1.58198,1.58216,1.68,2.25
2012.05.21 01:03:37.835,1.58199,1.58218,3.38,1.50
2012.05.21 01:03:37.913,1.582,1.5822,2.44,3.75
2012.05.21 01:03:37.986,1.58203,1.5822,1.50,1.50
2012.05.21 01:03:38.344,1.58207,1.58223,1.69,2.25
2012.05.21 01:03:38.693,1.5821,1.58227,1.50,4.32
2012.05.21 01:03:38.984,1.58211,1.58227,1.69,1.13
2012.05.21 01:03:39.411,1.58212,1.58232,2.25,4.28
2012.05.21 01:03:41.283,1.58211,1.58228,1.69,1.50
2012.05.21 01:03:41.640,1.58211,1.58226,1.50,1.50
2012.05.21 01:03:41.786,1.58213,1.58232,1.50,1.50
2012.05.21 01:03:41.866,1.58213,1.58232,3.18,1.50
2012.05.21 01:03:42.224,1.58217,1.58233,1.50,3.00
2012.05.21 01:03:42.305,1.58214,1.58232,1.50,2.25
2012.05.21 01:03:42.733,1.58216,1.58234,2.25,1.88
2012.05.21 01:03:42.814,1.58216,1.58235,3.00,1.13
2012.05.21 01:03:42.968,1.58216,1.58236,3.00,2.25
2012.05.21 01:03:43.734,1.58216,1.58236,3.00,2.25
2012.05.21 01:03:44.024,1.58217,1.58236,1.50,2.25
2012.05.21 01:03:44.171,1.58217,1.58236,1.50,2.25
2012.05.21 01:03:44.382,1.58217,1.58236,1.50,2.25
2012.05.21 01:03:44.944,1.58218,1.58237,1.50,1.67
2012.05.21 01:03:45.512,1.58216,1.58236,3.00,2.25
2012.05.21 01:03:49.760,1.58216,1.58236,3.00,2.25
2012.05.21 01:03:57.169,1.58216,1.58236,2.25,3.00
2012.05.21 01:04:00.562,1.58218,1.58235,1.50,1.13
2012.05.21 01:04:00.893,1.58216,1.58235,3.75,1.13
2012.05.21 01:04:01.430,1.58214,1.58233,1.88,1.50
2012.05.21 01:04:01.981,1.58218,1.58235,1.50,1.13
2012.05.21 01:04:02.333,1.58216,1.58235,3.75,1.13
2012.05.21 01:04:03.022,1.58216,1.58235,2.25,1.13
2012.05.21 01:04:06.334,1.58219,1.58235,1.50,1.13
2012.05.21 01:04:07.920,1.58217,1.58235,1.50,1.13
2012.05.21 01:04:08.670,1.58217,1.58234,1.50,1.69
2012.05.21 01:04:09.220,1.58217,1.58235,1.50,1.13
2012.05.21 01:04:09.631,1.58219,1.58235,1.50,1.13
2012.05.21 01:04:13.482,1.58219,1.58235,1.50,2.44
2012.05.21 01:04:13.836,1.58219,1.58231,1.50,1.13
2012.05.21 01:04:14.194,1.58219,1.5823,1.50,1.50
2012.05.21 01:04:14.455,1.58213,1.58229,1.50,1.67
2012.05.21 01:04:14.599,1.58215,1.58229,1.50,1.67
2012.05.21 01:04:17.542,1.58213,1.58229,1.50,3.17
2012.05.21 01:04:17.611,1.58211,1.58229,2.25,1.67
2012.05.21 01:04:18.243,1.58211,1.58231,2.25,2.63
2012.05.21 01:04:22.271,1.58211,1.58231,2.25,2.63
2012.05.21 01:04:22.340,1.5821,1.58228,1.50,1.50
2012.05.21 01:04:22.481,1.5821,1.5823,3.00,3.75
2012.05.21 01:04:33.446,1.58213,1.58232,1.50,2.25
2012.05.21 01:04:35.148,1.58213,1.5823,1.50,1.50
2012.05.21 01:04:35.431,1.58209,1.58223,1.88,1.50
2012.05.21 01:04:35.574,1.58204,1.58223,2.44,1.50
2012.05.21 01:04:35.723,1.58204,1.58221,1.50,1.50
2012.05.21 01:04:36.290,1.58204,1.58221,2.25,1.50
2012.05.21 01:04:40.892,1.58204,1.58221,1.50,2.25
2012.05.21 01:04:41.245,1.58204,1.58218,1.50,1.50
2012.05.21 01:04:42.202,1.58199,1.58216,2.25,2.59
2012.05.21 01:04:52.091,1.58199,1.58216,2.25,2.67
2012.05.21 01:04:53.778,1.58199,1.58216,1.50,2.67
2012.05.21 01:04:55.750,1.58199,1.58216,1.50,2.48
2012.05.21 01:05:05.425,1.58198,1.58218,2.70,2.25
2012.05.21 01:05:05.980,1.582,1.5822,2.25,1.50
2012.05.21 01:05:08.241,1.58199,1.58218,1.50,1.50
2012.05.21 01:05:29.688,1.582,1.58218,1.50,1.50
2012.05.21 01:05:31.299,1.582,1.58218,1.50,1.50
2012.05.21 01:05:36.169,1.582,1.58218,1.50,1.50
2012.05.21 01:05:40.033,1.58199,1.58218,2.25,3.00
2012.05.21 01:05:40.099,1.58199,1.58216,2.25,1.50
2012.05.21 01:05:42.402,1.58199,1.58216,1.50,1.50
2012.05.21 01:05:42.671,1.582,1.58218,1.50,3.00
2012.05.21 01:05:43.171,1.582,1.5822,3.00,1.88
2012.05.21 01:05:43.241,1.582,1.5822,3.00,1.50
2012.05.21 01:05:43.312,1.58202,1.58222,2.25,3.19
2012.05.21 01:05:43.854,1.582,1.58219,3.00,1.50
2012.05.21 01:05:44.938,1.58202,1.58221,2.25,1.50
2012.05.21 01:05:45.471,1.58202,1.58222,3.00,1.69
2012.05.21 01:05:47.230,1.58201,1.5822,1.50,1.50
2012.05.21 01:05:53.205,1.582,1.58218,1.50,1.50
2012.05.21 01:05:53.550,1.58198,1.58216,1.95,1.50
2012.05.21 01:05:53.620,1.58198,1.58216,1.95,1.50
2012.05.21 01:05:53.819,1.58198,1.58216,1.95,3.00
2012.05.21 01:05:54.081,1.58198,1.58214,1.95,1.50
2012.05.21 01:05:54.222,1.58198,1.58216,1.95,1.50
2012.05.21 01:05:55.712,1.58199,1.58218,1.50,4.88
2012.05.21 01:05:55.994,1.58197,1.58213,2.63,1.50
2012.05.21 01:05:56.279,1.58194,1.58213,2.25,2.25
2012.05.21 01:05:57.975,1.58198,1.58215,1.50,1.50
2012.05.21 01:05:58.051,1.58198,1.58217,3.00,2.44
2012.05.21 01:05:58.120,1.582,1.58217,1.50,2.44
2012.05.21 01:05:58.733,1.58199,1.58217,1.50,1.69
2012.05.21 01:05:58.954,1.58198,1.5822,1.95,4.88
2012.05.21 01:05:59.521,1.58198,1.58219,3.45,1.32
2012.05.21 01:06:07.291,1.58199,1.58218,1.50,1.88
2012.05.21 01:06:11.515,1.58199,1.58218,1.50,2.25
2012.05.21 01:06:11.594,1.58198,1.58218,2.70,2.78
2012.05.21 01:06:12.166,1.58197,1.58216,1.13,1.65
2012.05.21 01:06:12.782,1.58195,1.58216,2.59,2.03
2012.05.21 01:06:13.925,1.58195,1.58215,1.84,1.13
2012.05.21 01:06:14.474,1.58196,1.58215,2.25,2.25
2012.05.21 01:06:14.961,1.58196,1.58215,4.50,2.25
2012.05.21 01:06:20.630,1.58197,1.58216,2.85,1.50
2012.05.21 01:06:21.190,1.58201,1.58215,1.50,1.88
2012.05.21 01:06:21.319,1.58197,1.58215,1.50,1.88
2012.05.21 01:06:21.393,1.58199,1.58215,1.50,1.88
2012.05.21 01:06:21.460,1.58197,1.58215,1.50,1.88
2012.05.21 01:06:22.025,1.58195,1.58215,2.59,2.63
2012.05.21 01:06:23.868,1.58196,1.58215,3.00,2.63
2012.05.21 01:06:24.399,1.582,1.58215,1.50,2.25
2012.05.21 01:06:25.147,1.58198,1.58216,2.25,1.50
2012.05.21 01:06:28.997,1.58198,1.58216,1.50,1.50
2012.05.21 01:06:29.498,1.58196,1.58216,4.95,1.50
2012.05.21 01:06:30.061,1.58197,1.58216,1.73,1.50
2012.05.21 01:06:32.751,1.58198,1.58217,1.50,1.50
2012.05.21 01:06:33.277,1.58197,1.58216,1.73,1.20
2012.05.21 01:06:33.839,1.58195,1.58215,2.25,1.50
2012.05.21 01:06:34.953,1.58196,1.58215,2.25,2.14
2012.05.21 01:06:35.499,1.58197,1.58216,3.23,1.39
2012.05.21 01:06:41.144,1.58197,1.58216,3.23,1.20
2012.05.21 01:06:41.701,1.58197,1.58216,3.98,1.20
2012.05.21 01:06:47.281,1.58197,1.58217,3.98,1.50
2012.05.21 01:06:47.770,1.58199,1.58219,3.00,1.50
2012.05.21 01:06:48.041,1.58203,1.58221,1.50,1.50
2012.05.21 01:06:48.180,1.58201,1.58221,1.50,3.00
2012.05.21 01:06:48.426,1.58206,1.58221,1.50,1.50
2012.05.21 01:06:48.641,1.58206,1.58225,1.50,1.50
2012.05.21 01:06:53.317,1.58206,1.58225,1.50,1.50
2012.05.21 01:06:55.851,1.58208,1.58225,3.00,1.69
2012.05.21 01:06:56.192,1.5821,1.58225,1.50,1.50
2012.05.21 01:06:56.330,1.58208,1.58225,1.50,1.50
2012.05.21 01:06:56.399,1.58206,1.58225,1.50,1.50
2012.05.21 01:07:00.150,1.58202,1.58222,3.00,2.25
2012.05.21 01:07:00.505,1.58202,1.5822,1.50,1.88
2012.05.21 01:07:07.879,1.582,1.58218,3.00,1.32
2012.05.21 01:07:08.091,1.58198,1.58214,1.50,1.50
2012.05.21 01:07:08.236,1.58195,1.58215,1.50,2.07
2012.05.21 01:07:08.382,1.58193,1.58213,2.25,1.50
2012.05.21 01:07:09.010,1.58195,1.58214,1.50,1.13
2012.05.21 01:07:09.223,1.58192,1.58212,3.00,1.50
2012.05.21 01:07:11.234,1.58192,1.5821,1.50,1.13
2012.05.21 01:07:13.604,1.58192,1.58212,2.25,3.00
2012.05.21 01:07:13.751,1.58192,1.58212,2.48,1.50
2012.05.21 01:07:15.887,1.58194,1.58214,1.50,2.25
2012.05.21 01:07:16.240,1.58198,1.58217,1.50,2.42
2012.05.21 01:07:16.624,1.58196,1.58216,1.50,2.25
2012.05.21 01:07:16.914,1.58196,1.58215,1.50,1.50
2012.05.21 01:07:17.272,1.58199,1.58215,1.50,2.44
2012.05.21 01:07:17.340,1.58197,1.58214,1.50,2.25
2012.05.21 01:07:17.483,1.58194,1.58214,2.25,2.25
2012.05.21 01:07:17.831,1.58196,1.58215,1.50,2.44
2012.05.21 01:07:24.102,1.58194,1.58214,2.25,3.94
2012.05.21 01:07:26.382,1.58192,1.58212,2.25,1.88
2012.05.21 01:07:26.450,1.58192,1.58211,1.50,2.25
2012.05.21 01:07:26.520,1.5819,1.5821,2.25,1.88
2012.05.21 01:07:26.733,1.58187,1.58206,2.07,1.50
2012.05.21 01:07:26.802,1.58187,1.58204,2.07,1.50
2012.05.21 01:07:27.153,1.58187,1.58202,1.32,1.50
2012.05.21 01:07:27.293,1.58187,1.58202,1.13,1.50
2012.05.21 01:07:31.784,1.58185,1.58205,2.25,2.44
2012.05.21 01:07:32.597,1.58185,1.58205,2.25,1.50
2012.05.21 01:07:34.841,1.58183,1.58203,3.75,1.50
2012.05.21 01:07:40.858,1.58183,1.58203,2.25,1.50
2012.05.21 01:07:45.073,1.58185,1.58205,2.25,1.69
2012.05.21 01:07:45.145,1.58184,1.58203,1.50,1.50
2012.05.21 01:07:45.928,1.58185,1.58205,2.25,3.00
2012.05.21 01:07:49.929,1.58185,1.58205,2.25,2.44
2012.05.21 01:07:50.135,1.58183,1.58201,2.25,1.50
2012.05.21 01:07:50.219,1.58181,1.58201,3.00,1.50
2012.05.21 01:07:50.433,1.58181,1.58198,1.50,1.50
2012.05.21 01:07:50.942,1.58179,1.58198,1.50,1.50
2012.05.21 01:08:15.564,1.58184,1.58203,1.50,2.44
2012.05.21 01:08:16.699,1.58184,1.58203,2.25,1.69
2012.05.21 01:08:17.210,1.58184,1.58203,1.50,1.69
2012.05.21 01:08:20.114,1.58179,1.58198,1.50,1.50
2012.05.21 01:08:30.482,1.5818,1.582,3.00,1.50
2012.05.21 01:08:30.923,1.58182,1.58202,2.25,3.57
2012.05.21 01:08:31.066,1.58188,1.58202,1.50,2.07
2012.05.21 01:08:31.421,1.5819,1.58203,1.50,1.72
2012.05.21 01:08:31.491,1.58188,1.58203,1.50,1.72
2012.05.21 01:08:31.773,1.58188,1.58207,2.25,1.88
2012.05.21 01:08:31.844,1.58192,1.58207,1.50,1.88
2012.05.21 01:08:31.995,1.58192,1.5821,1.50,2.44
2012.05.21 01:08:32.211,1.5819,1.5821,1.50,3.94
2012.05.21 01:08:33.321,1.58192,1.5821,1.50,3.19
2012.05.21 01:08:34.163,1.58192,1.58211,3.00,2.03
2012.05.21 01:08:34.511,1.58199,1.58212,1.50,1.32
2012.05.21 01:08:35.054,1.58201,1.58212,1.50,1.13
2012.05.21 01:08:35.414,1.58203,1.58212,1.50,1.13
2012.05.21 01:08:35.562,1.58203,1.58217,1.50,1.30
2012.05.21 01:08:36.383,1.58201,1.58219,1.50,1.67
2012.05.21 01:08:42.297,1.58201,1.58217,1.50,1.67
2012.05.21 01:08:42.811,1.58194,1.58214,2.44,1.50
2012.05.21 01:08:42.953,1.58196,1.58216,2.25,2.44
2012.05.21 01:08:43.973,1.58196,1.58216,1.50,3.19
2012.05.21 01:08:44.045,1.58196,1.58216,1.50,3.19
2012.05.21 01:08:44.125,1.58194,1.58214,2.25,1.50
2012.05.21 01:08:44.482,1.58196,1.58216,1.50,3.19
2012.05.21 01:08:44.973,1.58198,1.58217,1.50,1.86
2012.05.21 01:08:49.164,1.582,1.58217,1.50,1.67
2012.05.21 01:08:50.761,1.582,1.58219,1.50,2.24
2012.05.21 01:08:57.556,1.58202,1.58219,1.50,1.67
2012.05.21 01:08:57.925,1.58204,1.58219,1.50,1.67
2012.05.21 01:08:59.534,1.582,1.58219,1.69,2.42
2012.05.21 01:09:00.549,1.58203,1.58223,2.44,1.50
2012.05.21 01:09:05.151,1.58203,1.58221,1.69,1.50
2012.05.21 01:09:05.666,1.58203,1.58221,1.50,1.50
2012.05.21 01:09:06.262,1.58203,1.58221,1.50,1.50
2012.05.21 01:09:08.863,1.58205,1.58225,1.50,2.25
2012.05.21 01:09:11.273,1.58205,1.58225,2.25,1.50
2012.05.21 01:09:11.641,1.58205,1.58225,2.25,1.50
2012.05.21 01:09:12.286,1.58207,1.58227,1.50,1.69
2012.05.21 01:09:12.362,1.58205,1.58225,2.25,1.50
2012.05.21 01:09:12.909,1.58205,1.58225,2.25,1.50
2012.05.21 01:09:15.351,1.58208,1.58227,1.50,2.44
2012.05.21 01:09:15.421,1.5821,1.58228,1.50,2.25
2012.05.21 01:09:18.296,1.5821,1.58228,1.50,2.25
2012.05.21 01:09:18.622,1.58212,1.58228,1.50,2.25
2012.05.21 01:09:18.973,1.58212,1.58228,1.50,1.50
2012.05.21 01:09:19.048,1.58212,1.58229,1.50,1.69
2012.05.21 01:09:19.125,1.58214,1.58229,1.50,1.69
2012.05.21 01:09:19.274,1.58211,1.5823,1.50,1.69
2012.05.21 01:09:19.357,1.58214,1.5823,1.50,1.50
2012.05.21 01:09:19.715,1.58216,1.5823,1.50,1.50
2012.05.21 01:09:20.075,1.58216,1.58232,1.50,1.88
2012.05.21 01:09:20.632,1.58216,1.58233,1.50,1.69
2012.05.21 01:09:27.192,1.58216,1.58233,1.50,1.69
2012.05.21 01:09:31.212,1.58218,1.58233,1.50,1.69
2012.05.21 01:09:31.682,1.5822,1.58234,1.50,1.50
2012.05.21 01:09:32.261,1.58218,1.58235,3.00,3.19
2012.05.21 01:09:33.833,1.58218,1.58235,3.75,3.19
2012.05.21 01:09:34.122,1.5822,1.58235,2.25,2.25
2012.05.21 01:09:34.203,1.58222,1.58237,2.25,1.13
2012.05.21 01:09:34.277,1.58224,1.58239,1.50,2.08
2012.05.21 01:09:34.353,1.58226,1.58241,1.50,1.50
2012.05.21 01:09:34.915,1.58226,1.58243,1.50,2.44
2012.05.21 01:09:36.805,1.58226,1.58243,1.50,2.44
2012.05.21 01:09:39.229,1.58226,1.58243,1.50,2.44
2012.05.21 01:09:40.011,1.58224,1.58243,3.00,1.69
2012.05.21 01:09:40.509,1.58226,1.58243,1.50,1.69
2012.05.21 01:09:41.020,1.58226,1.58244,1.50,2.07
2012.05.21 01:09:41.373,1.58232,1.58244,1.50,1.13
2012.05.21 01:09:41.725,1.58235,1.58244,1.50,1.13
2012.05.21 01:09:41.876,1.58235,1.58247,1.50,2.80
2012.05.21 01:09:41.955,1.58235,1.58248,1.50,1.67
2012.05.21 01:09:46.204,1.58237,1.58253,2.25,1.50
2012.05.21 01:09:46.341,1.58239,1.58253,2.25,1.50
2012.05.21 01:09:46.898,1.58236,1.58256,2.44,1.50
2012.05.21 01:09:47.394,1.58236,1.58256,1.50,2.63
2012.05.21 01:09:47.755,1.58231,1.5825,1.88,1.50
2012.05.21 01:09:47.972,1.58228,1.58248,4.32,1.50
2012.05.21 01:09:48.534,1.58231,1.58249,1.50,1.11
2012.05.21 01:09:48.675,1.58233,1.58249,1.50,1.11
2012.05.21 01:09:49.524,1.58235,1.5825,1.50,1.67
2012.05.21 01:09:51.938,1.58235,1.5825,2.25,1.67
2012.05.21 01:09:52.016,1.58233,1.5825,3.00,1.67
2012.05.21 01:09:52.166,1.58235,1.5825,1.50,1.67
2012.05.21 01:09:52.526,1.58236,1.58252,2.25,1.30
2012.05.21 01:09:52.886,1.58239,1.58252,2.25,1.30
2012.05.21 01:09:53.036,1.58237,1.58251,1.50,2.42
2012.05.21 01:09:53.114,1.58231,1.58251,3.19,2.42
2012.05.21 01:09:53.381,1.58231,1.58251,3.19,1.50
2012.05.21 01:09:53.523,1.58233,1.58253,2.25,3.00
2012.05.21 01:09:57.885,1.58233,1.58253,3.00,1.50
2012.05.21 01:09:57.969,1.58233,1.5825,1.50,2.25
2012.05.21 01:09:58.417,1.58228,1.58247,3.00,2.42
2012.05.21 01:09:58.499,1.58224,1.58244,2.44,1.50
2012.05.21 01:09:58.858,1.5822,1.58238,1.50,2.42
2012.05.21 01:09:58.932,1.58218,1.58238,2.82,2.42
2012.05.21 01:09:59.452,1.58218,1.58236,1.13,1.50
2012.05.21 01:09:59.983,1.58218,1.58238,2.63,3.36
2012.05.21 01:10:00.541,1.58216,1.58236,2.63,2.25
2012.05.21 01:10:00.611,1.58216,1.58236,2.25,2.25
2012.05.21 01:10:04.541,1.58214,1.58231,2.25,1.50
2012.05.21 01:10:09.441,1.58213,1.58233,2.25,1.50
2012.05.21 01:10:09.924,1.58215,1.58235,2.25,3.19
2012.05.21 01:10:12.714,1.58213,1.58233,3.19,1.50
2012.05.21 01:10:13.662,1.58213,1.58233,2.25,1.50
2012.05.21 01:10:14.979,1.58212,1.58231,1.50,1.50
2012.05.21 01:10:15.058,1.58211,1.58231,2.25,2.25
2012.05.21 01:10:15.205,1.58209,1.58227,2.44,1.50
2012.05.21 01:10:15.355,1.58211,1.5823,2.25,1.69
2012.05.21 01:10:15.784,1.58209,1.58229,1.50,2.44
2012.05.21 01:10:15.924,1.58205,1.58225,2.25,1.50
2012.05.21 01:10:16.380,1.58207,1.58227,1.50,3.17
2012.05.21 01:10:16.933,1.58207,1.58227,2.25,2.42
2012.05.21 01:10:19.103,1.58207,1.58227,2.25,2.65
2012.05.21 01:10:19.437,1.58201,1.58218,1.50,2.25
2012.05.21 01:10:19.514,1.58201,1.58218,1.50,2.25
2012.05.21 01:10:19.795,1.58198,1.58218,1.50,3.00
2012.05.21 01:10:20.095,1.58196,1.58214,2.25,1.50
2012.05.21 01:10:20.172,1.58198,1.58217,1.50,1.67
2012.05.21 01:10:20.791,1.58199,1.58217,1.50,1.67
2012.05.21 01:10:20.860,1.58201,1.58217,1.50,1.67
2012.05.21 01:10:22.214,1.58198,1.58218,1.50,2.42
2012.05.21 01:10:22.362,1.582,1.5822,1.50,3.00
2012.05.21 01:10:22.922,1.582,1.5822,1.50,1.50
2012.05.21 01:10:29.603,1.58202,1.58222,1.50,3.75
2012.05.21 01:10:29.954,1.58206,1.58223,1.50,2.44
2012.05.21 01:10:30.374,1.58208,1.58223,1.50,2.44
2012.05.21 01:10:30.731,1.58212,1.58224,1.50,1.88
2012.05.21 01:10:31.061,1.5821,1.58224,1.50,1.88
2012.05.21 01:10:31.201,1.58212,1.58224,1.50,1.88
2012.05.21 01:10:31.730,1.58212,1.58227,1.50,1.67
2012.05.21 01:10:33.042,1.58212,1.58227,1.50,1.67
2012.05.21 01:10:37.572,1.5821,1.58227,3.00,1.67
2012.05.21 01:10:38.452,1.5821,1.58227,1.50,1.67
2012.05.21 01:10:42.293,1.5821,1.58228,1.50,1.67
2012.05.21 01:10:42.631,1.58212,1.58228,1.50,1.67
2012.05.21 01:10:43.325,1.58214,1.5823,1.50,1.67
2012.05.21 01:10:43.404,1.58214,1.58232,1.50,2.07
2012.05.21 01:10:43.553,1.58217,1.58233,1.50,2.25
2012.05.21 01:10:43.902,1.58219,1.58233,1.50,2.25
2012.05.21 01:10:44.246,1.58217,1.58233,1.50,1.88
2012.05.21 01:10:44.831,1.58217,1.58233,1.50,1.50
2012.05.21 01:10:53.301,1.58217,1.58233,1.50,1.50
2012.05.21 01:10:55.904,1.58219,1.58233,1.50,1.50
2012.05.21 01:10:56.042,1.58217,1.58233,1.50,1.50
2012.05.21 01:10:56.112,1.58215,1.58235,1.50,5.82
2012.05.21 01:10:56.184,1.58219,1.58235,1.50,4.32
2012.05.21 01:10:56.477,1.58219,1.58235,1.50,1.43
2012.05.21 01:10:57.115,1.58217,1.58235,1.50,1.43
2012.05.21 01:10:57.332,1.58219,1.58235,1.50,1.43
2012.05.21 01:10:59.193,1.58217,1.58235,1.50,1.43
2012.05.21 01:10:59.649,1.58217,1.58235,2.25,1.43
2012.05.21 01:11:00.077,1.58223,1.58236,1.50,1.35
2012.05.21 01:11:00.155,1.58221,1.58236,1.50,1.35
2012.05.21 01:11:00.375,1.58219,1.58236,1.50,1.35
2012.05.21 01:11:01.311,1.58219,1.58235,1.50,1.54
2012.05.21 01:11:03.281,1.58219,1.58235,1.50,1.35
2012.05.21 01:11:04.392,1.58219,1.58235,1.50,1.54
2012.05.21 01:11:06.492,1.58219,1.58236,1.50,2.10
2012.05.21 01:11:12.194,1.58219,1.58236,1.50,1.73
2012.05.21 01:11:12.624,1.58217,1.58233,1.50,1.50
2012.05.21 01:11:13.165,1.58215,1.58235,1.50,3.79
2012.05.21 01:11:13.752,1.58215,1.58235,2.25,2.67
2012.05.21 01:11:14.255,1.58215,1.58235,2.25,1.73
2012.05.21 01:11:14.336,1.58219,1.58237,1.50,2.09
2012.05.21 01:11:15.651,1.58219,1.58239,2.25,3.92
2012.05.21 01:11:17.573,1.58219,1.58239,2.44,2.42
2012.05.21 01:11:22.612,1.58215,1.58235,3.68,1.50
2012.05.21 01:11:23.151,1.58215,1.58235,3.00,1.50
2012.05.21 01:11:23.743,1.58215,1.58235,1.69,1.50
2012.05.21 01:11:23.815,1.58213,1.58233,2.25,2.25
2012.05.21 01:11:24.243,1.58212,1.58228,1.69,1.50
2012.05.21 01:11:24.525,1.58212,1.58232,1.69,1.50
2012.05.21 01:11:24.742,1.58212,1.58232,1.69,3.00
2012.05.21 01:11:26.915,1.5821,1.5823,1.69,2.25
2012.05.21 01:11:27.705,1.5821,1.5823,1.50,2.25
2012.05.21 01:11:28.833,1.5821,1.5823,1.50,2.25
2012.05.21 01:11:33.172,1.58215,1.58233,1.50,3.94
2012.05.21 01:11:33.524,1.5822,1.58233,1.50,3.00
2012.05.21 01:11:33.881,1.58225,1.58235,1.50,1.50
2012.05.21 01:11:33.956,1.58225,1.58236,1.50,1.50
2012.05.21 01:11:34.037,1.58225,1.58238,1.50,1.67
2012.05.21 01:11:40.074,1.58223,1.5824,1.50,2.42
2012.05.21 01:11:40.355,1.58221,1.5824,3.00,2.42
2012.05.21 01:11:44.473,1.5822,1.58238,1.50,1.67
2012.05.21 01:11:44.546,1.5822,1.5824,1.50,3.00
2012.05.21 01:11:44.763,1.58218,1.58238,4.13,1.50
2012.05.21 01:11:46.026,1.5822,1.5824,3.75,2.25
2012.05.21 01:11:46.442,1.58218,1.58238,2.63,1.50
2012.05.21 01:11:47.000,1.58218,1.58238,2.63,1.50
2012.05.21 01:11:47.343,1.58217,1.58236,1.69,1.50
2012.05.21 01:11:47.660,1.58217,1.58236,1.69,1.50
2012.05.21 01:11:48.141,1.58217,1.58236,1.69,1.50
2012.05.21 01:11:48.679,1.58218,1.58236,1.13,1.50
2012.05.21 01:11:49.982,1.58218,1.58238,3.00,1.50
2012.05.21 01:12:02.440,1.58219,1.58238,2.44,1.50
2012.05.21 01:12:02.512,1.58223,1.58243,2.63,5.25
2012.05.21 01:12:02.721,1.58223,1.58243,2.63,3.00
2012.05.21 01:12:03.512,1.58223,1.58241,1.13,1.50
2012.05.21 01:12:09.293,1.58223,1.58243,2.63,3.75
2012.05.21 01:12:18.999,1.58223,1.58243,2.25,3.00
2012.05.21 01:12:19.554,1.58222,1.58241,2.82,1.50
2012.05.21 01:12:20.091,1.58222,1.58241,2.07,1.50
2012.05.21 01:12:21.041,1.58223,1.58243,2.25,3.00
2012.05.21 01:12:22.751,1.58225,1.58243,1.50,1.50
2012.05.21 01:12:23.099,1.58227,1.58244,1.50,1.50
2012.05.21 01:12:30.399,1.58227,1.58244,1.50,1.50
2012.05.21 01:12:32.700,1.58227,1.58244,1.50,1.50
2012.05.21 01:12:36.544,1.58225,1.58244,1.50,1.50
2012.05.21 01:12:39.159,1.58223,1.58243,3.75,1.50
2012.05.21 01:12:39.665,1.58225,1.58244,1.50,1.50
2012.05.21 01:12:40.221,1.58224,1.58244,1.50,3.00
2012.05.21 01:12:48.319,1.58224,1.58244,3.75,3.00
2012.05.21 01:12:48.719,1.58228,1.58244,1.50,1.50
2012.05.21 01:12:49.361,1.58226,1.58244,2.25,1.50
2012.05.21 01:12:49.673,1.58226,1.58245,2.25,1.88
2012.05.21 01:12:58.610,1.58226,1.58245,2.25,2.63
2012.05.21 01:12:59.750,1.58224,1.58242,2.25,1.50
2012.05.21 01:13:00.290,1.58224,1.58242,2.25,2.25
2012.05.21 01:13:02.949,1.58225,1.58244,1.50,1.50
2012.05.21 01:13:06.890,1.58225,1.58244,2.25,1.50
2012.05.21 01:13:14.459,1.58224,1.58243,2.25,1.50
2012.05.21 01:13:16.942,1.58226,1.58244,1.50,1.50
2012.05.21 01:13:23.253,1.58226,1.58244,3.38,1.50
2012.05.21 01:13:23.742,1.58232,1.58245,1.50,1.88
2012.05.21 01:13:29.136,1.58232,1.58245,1.50,1.13
2012.05.21 01:13:32.522,1.5823,1.58245,1.50,1.13
2012.05.21 01:13:32.594,1.58228,1.58245,3.38,1.13
2012.05.21 01:13:33.130,1.58228,1.58245,4.13,1.88
2012.05.21 01:13:34.231,1.58228,1.58245,1.88,1.13
2012.05.21 01:13:35.864,1.58228,1.58245,2.63,1.13
2012.05.21 01:13:35.933,1.58228,1.58245,1.88,1.13
2012.05.21 01:13:36.062,1.58228,1.58245,1.13,1.13
2012.05.21 01:13:36.751,1.58229,1.58245,1.50,1.13
2012.05.21 01:13:38.054,1.58228,1.58245,1.88,1.13
2012.05.21 01:13:39.150,1.58228,1.58245,2.63,1.13
2012.05.21 01:13:39.683,1.5823,1.58245,1.50,1.13
2012.05.21 01:13:39.949,1.58227,1.58245,5.22,1.88
2012.05.21 01:13:40.713,1.58227,1.58245,3.72,1.88
2012.05.21 01:13:41.272,1.58227,1.58245,2.22,3.38
2012.05.21 01:13:41.834,1.58227,1.58245,2.22,3.38
2012.05.21 01:13:42.391,1.58227,1.58245,2.22,3.38
2012.05.21 01:13:43.063,1.58227,1.58245,4.47,1.88
2012.05.21 01:13:43.131,1.58227,1.58245,3.72,1.88
2012.05.21 01:13:43.722,1.58227,1.58245,4.47,1.88
2012.05.21 01:13:49.620,1.58227,1.58245,2.97,3.38
2012.05.21 01:13:50.441,1.58227,1.58245,4.47,1.88
2012.05.21 01:13:50.970,1.58227,1.58245,3.72,1.88
2012.05.21 01:13:51.611,1.58227,1.58245,4.47,1.88
2012.05.21 01:13:52.143,1.58227,1.58245,3.72,1.88
2012.05.21 01:13:53.979,1.58227,1.58245,4.47,1.88
2012.05.21 01:13:54.505,1.58227,1.58245,4.47,1.88
2012.05.21 01:14:01.663,1.58229,1.58245,3.00,1.88
2012.05.21 01:14:02.323,1.58229,1.58245,1.13,1.88
2012.05.21 01:14:02.875,1.58229,1.58245,1.88,1.13
2012.05.21 01:14:06.161,1.58229,1.58245,1.88,1.13
2012.05.21 01:14:07.274,1.58229,1.58245,2.63,1.13
2012.05.21 01:14:11.589,1.58229,1.58245,1.88,1.13
2012.05.21 01:14:15.691,1.58229,1.58245,2.63,1.13
2012.05.21 01:14:18.362,1.58231,1.58245,1.13,1.13
2012.05.21 01:14:18.926,1.58232,1.58245,2.25,1.13
2012.05.21 01:14:21.227,1.5823,1.58245,2.25,1.13
2012.05.21 01:14:24.201,1.58235,1.58245,1.50,1.13
2012.05.21 01:14:24.273,1.58233,1.58245,1.50,1.13
2012.05.21 01:14:24.341,1.5823,1.58245,2.44,1.13
2012.05.21 01:14:24.482,1.58232,1.58245,1.50,1.13
2012.05.21 01:14:25.043,1.58229,1.58245,4.13,1.13
2012.05.21 01:14:28.179,1.58231,1.58245,1.50,1.13
2012.05.21 01:14:28.850,1.5823,1.58245,1.50,1.13
2012.05.21 01:14:30.872,1.58232,1.58245,1.50,1.13
2012.05.21 01:14:31.072,1.5823,1.58245,3.75,1.13
2012.05.21 01:14:31.530,1.58232,1.58245,1.50,1.13
2012.05.21 01:14:38.500,1.58232,1.58248,2.25,1.88
2012.05.21 01:14:38.577,1.58234,1.58248,1.50,2.44
2012.05.21 01:14:38.884,1.5824,1.5825,2.25,1.69
2012.05.21 01:14:39.022,1.5824,1.5825,1.50,1.69
2012.05.21 01:14:39.306,1.58242,1.58255,1.50,1.50
2012.05.21 01:14:39.665,1.58243,1.58259,1.50,1.67
2012.05.21 01:14:39.883,1.58241,1.58259,1.50,1.67
2012.05.21 01:14:40.094,1.58243,1.58259,1.50,1.67
2012.05.21 01:14:40.302,1.58241,1.5826,1.50,3.17
2012.05.21 01:14:42.293,1.58239,1.58259,1.50,3.17
2012.05.21 01:14:42.774,1.58237,1.58257,2.25,2.42
2012.05.21 01:14:43.443,1.58239,1.58258,1.50,1.67
2012.05.21 01:14:46.814,1.58237,1.58253,2.25,1.50
2012.05.21 01:14:47.152,1.58233,1.58251,1.69,1.50
2012.05.21 01:14:47.322,1.58233,1.58253,3.19,1.50
2012.05.21 01:14:48.385,1.58233,1.58253,3.19,1.50
2012.05.21 01:14:49.152,1.58237,1.58257,2.25,2.42
2012.05.21 01:14:49.421,1.58237,1.58257,2.25,2.42
2012.05.21 01:14:50.138,1.5824,1.58259,1.50,3.36
2012.05.21 01:14:50.493,1.58242,1.5826,1.50,3.17
2012.05.21 01:14:50.702,1.5824,1.5826,3.00,4.67
2012.05.21 01:14:52.223,1.58242,1.5826,1.50,3.36
2012.05.21 01:14:52.574,1.58247,1.5826,1.50,1.67
2012.05.21 01:14:52.717,1.58249,1.58263,1.50,1.13
2012.05.21 01:14:52.941,1.5825,1.58266,1.50,1.50
2012.05.21 01:14:53.573,1.58248,1.58267,1.50,1.67
2012.05.21 01:14:58.897,1.58248,1.58268,1.50,3.17
2012.05.21 01:14:59.432,1.58248,1.58267,1.50,1.67
2012.05.21 01:14:59.505,1.5825,1.58267,1.50,1.67
2012.05.21 01:14:59.864,1.58252,1.58269,1.50,1.67
2012.05.21 01:15:00.332,1.5825,1.58269,2.25,1.67
2012.05.21 01:15:00.826,1.5825,1.58269,2.25,1.67
2012.05.21 01:15:01.068,1.58251,1.5827,2.44,2.25
2012.05.21 01:15:01.150,1.58251,1.58271,2.44,1.50
2012.05.21 01:15:01.224,1.58251,1.58271,2.44,1.50
2012.05.21 01:15:01.793,1.58254,1.5827,1.50,1.50
2012.05.21 01:15:02.136,1.58256,1.58272,1.50,1.50
2012.05.21 01:15:02.354,1.58255,1.58272,1.50,1.50
2012.05.21 01:15:02.564,1.58258,1.58275,1.50,1.88
2012.05.21 01:15:02.918,1.58253,1.58271,1.13,1.50
2012.05.21 01:15:03.274,1.58253,1.58267,1.50,1.50
2012.05.21 01:15:03.485,1.58252,1.58269,2.25,1.50
2012.05.21 01:15:03.567,1.58252,1.58272,2.25,1.50
2012.05.21 01:15:03.852,1.5825,1.58269,1.50,1.50
2012.05.21 01:15:04.427,1.58251,1.58271,2.25,3.00
2012.05.21 01:15:05.004,1.58251,1.58271,2.25,1.50
2012.05.21 01:15:06.142,1.58249,1.58269,3.00,1.50
2012.05.21 01:15:07.506,1.58251,1.58269,1.50,1.50
2012.05.21 01:15:07.654,1.58251,1.58271,2.25,1.50
2012.05.21 01:15:07.981,1.58251,1.58271,2.25,1.50
2012.05.21 01:15:09.114,1.58251,1.58271,2.25,1.50
2012.05.21 01:15:09.952,1.58251,1.58271,2.25,1.50
2012.05.21 01:15:10.026,1.58251,1.58271,1.50,1.50
2012.05.21 01:15:10.514,1.58249,1.58269,3.00,1.50
2012.05.21 01:15:12.983,1.58251,1.58271,2.25,1.50
2012.05.21 01:15:14.166,1.58253,1.58271,1.50,1.50
2012.05.21 01:15:14.246,1.58255,1.58274,3.00,2.44
2012.05.21 01:15:14.605,1.58262,1.58279,1.50,1.67
2012.05.21 01:15:15.311,1.58264,1.58279,1.50,1.67
2012.05.21 01:15:17.431,1.58266,1.58283,1.50,1.86
2012.05.21 01:15:17.853,1.58264,1.58284,3.75,2.25
2012.05.21 01:15:18.068,1.58266,1.58285,1.50,1.91
2012.05.21 01:15:18.622,1.58264,1.58284,3.75,2.25
2012.05.21 01:15:19.182,1.58264,1.58284,2.25,2.25
2012.05.21 01:15:20.632,1.58264,1.58284,2.25,2.25
2012.05.21 01:15:21.325,1.58262,1.58282,2.25,1.50
2012.05.21 01:15:21.474,1.58262,1.58282,2.25,1.50
2012.05.21 01:15:21.672,1.58262,1.58282,2.25,1.50
2012.05.21 01:15:22.103,1.58262,1.58282,2.25,1.50
2012.05.21 01:15:22.993,1.58262,1.58282,2.25,2.25
2012.05.21 01:15:23.139,1.58262,1.58276,2.25,1.13
2012.05.21 01:15:23.498,1.58254,1.58267,1.13,1.50
2012.05.21 01:15:23.787,1.58247,1.58265,1.13,1.50
2012.05.21 01:15:23.866,1.58247,1.58265,1.13,1.50
2012.05.21 01:15:24.015,1.58249,1.58269,2.44,2.42
2012.05.21 01:15:24.714,1.58253,1.5827,1.50,1.11
2012.05.21 01:15:25.231,1.58255,1.58271,1.50,2.57
2012.05.21 01:15:25.310,1.58255,1.58271,1.50,1.65
2012.05.21 01:15:25.459,1.58255,1.58275,3.75,2.47
2012.05.21 01:15:25.815,1.58258,1.58269,1.50,1.50
2012.05.21 01:15:25.894,1.58259,1.58279,1.50,2.44
2012.05.21 01:15:26.597,1.58259,1.58279,2.25,1.50
2012.05.21 01:15:27.093,1.58261,1.58281,1.50,5.66
2012.05.21 01:15:28.085,1.58261,1.58281,1.50,2.25
2012.05.21 01:15:28.696,1.58261,1.58281,2.25,1.50
2012.05.21 01:15:29.580,1.58262,1.58281,1.50,1.50
2012.05.21 01:15:30.146,1.58263,1.5828,1.50,1.50
2012.05.21 01:15:30.298,1.58263,1.58283,2.25,2.25
2012.05.21 01:15:30.586,1.58261,1.58281,2.44,1.50
2012.05.21 01:15:31.192,1.58261,1.58281,2.25,1.50
2012.05.21 01:15:31.544,1.58261,1.58281,2.25,1.50
2012.05.21 01:15:31.895,1.58259,1.58279,3.00,1.50
2012.05.21 01:15:32.185,1.58262,1.58281,1.50,1.50
2012.05.21 01:15:32.689,1.58261,1.58281,3.75,1.50
2012.05.21 01:15:32.766,1.58263,1.58283,2.25,2.44
2012.05.21 01:15:32.846,1.58261,1.58281,2.25,1.50
2012.05.21 01:15:33.204,1.58261,1.58281,1.50,2.25
2012.05.21 01:15:33.346,1.58261,1.58281,1.50,3.17
2012.05.21 01:15:33.780,1.58259,1.58279,3.75,1.50
2012.05.21 01:15:33.856,1.58259,1.58275,3.00,1.50
2012.05.21 01:15:33.937,1.58259,1.58278,1.50,1.50
2012.05.21 01:15:34.016,1.58259,1.58278,1.50,1.50
2012.05.21 01:15:34.165,1.5826,1.5828,2.25,1.50
2012.05.21 01:15:34.382,1.58264,1.58284,2.25,2.44
2012.05.21 01:15:34.693,1.58264,1.58283,2.25,1.16
2012.05.21 01:15:34.763,1.58264,1.58284,2.25,2.44
2012.05.21 01:15:36.333,1.58262,1.58282,2.25,1.50
2012.05.21 01:15:37.094,1.58264,1.58284,2.25,3.94
2012.05.21 01:15:38.482,1.58262,1.58282,3.75,1.50
2012.05.21 01:15:40.193,1.58262,1.58282,2.25,2.25
2012.05.21 01:15:40.335,1.58262,1.58281,1.50,2.01
2012.05.21 01:15:40.694,1.58264,1.58284,2.25,2.44
2012.05.21 01:15:40.765,1.58264,1.58282,2.25,1.05
2012.05.21 01:15:40.983,1.58261,1.58281,2.25,1.50
2012.05.21 01:15:41.254,1.58261,1.58281,4.50,1.50
2012.05.21 01:15:41.530,1.58263,1.58283,2.25,3.75
2012.05.21 01:15:45.243,1.58263,1.58283,2.25,2.82
2012.05.21 01:15:45.313,1.58263,1.58283,1.50,3.57
2012.05.21 01:15:45.735,1.58263,1.58281,1.50,2.10
2012.05.21 01:15:46.094,1.58256,1.58268,1.50,1.50
2012.05.21 01:15:46.752,1.58256,1.5827,1.50,1.50
2012.05.21 01:15:47.633,1.58255,1.5827,1.50,1.50
2012.05.21 01:15:47.773,1.58255,1.58272,1.50,1.50
2012.05.21 01:15:47.987,1.58256,1.58274,2.25,1.50
2012.05.21 01:15:48.063,1.58256,1.58276,2.25,1.50
2012.05.21 01:15:48.135,1.58261,1.58277,1.50,2.05
2012.05.21 01:15:48.492,1.58263,1.5828,2.25,1.50
2012.05.21 01:15:48.842,1.58266,1.58283,1.50,3.77
2012.05.21 01:15:49.122,1.58266,1.58283,1.50,1.69
2012.05.21 01:15:56.581,1.58264,1.58284,1.50,3.94
2012.05.21 01:16:14.762,1.58266,1.58283,1.50,1.69
2012.05.21 01:16:15.786,1.58264,1.58283,2.25,1.69
2012.05.21 01:16:16.296,1.58262,1.58282,2.25,1.50
2012.05.21 01:16:16.443,1.58262,1.58282,2.25,1.50
2012.05.21 01:16:19.122,1.58262,1.58282,2.25,1.50
2012.05.21 01:16:19.483,1.5826,1.5828,2.25,1.50
2012.05.21 01:16:20.293,1.5826,1.5828,2.25,1.72
2012.05.21 01:16:20.438,1.58258,1.58278,3.00,1.50
2012.05.21 01:16:20.514,1.58257,1.58272,1.13,1.50
2012.05.21 01:16:20.820,1.58257,1.5827,1.50,1.50
2012.05.21 01:16:21.103,1.58254,1.58274,2.25,1.50
2012.05.21 01:16:21.313,1.58257,1.58276,2.25,1.50
2012.05.21 01:16:21.866,1.58257,1.58277,2.25,2.61
2012.05.21 01:16:25.623,1.58257,1.58277,2.25,2.42
2012.05.21 01:16:25.764,1.58255,1.58275,2.25,1.50
2012.05.21 01:16:26.105,1.58257,1.58277,2.25,2.42
2012.05.21 01:16:29.476,1.58261,1.58279,1.50,3.36
2012.05.21 01:16:29.892,1.58263,1.58279,1.50,1.86
2012.05.21 01:16:29.964,1.58261,1.58279,1.50,1.86
2012.05.21 01:16:30.034,1.58263,1.58279,1.50,1.86
2012.05.21 01:16:30.103,1.58263,1.58281,1.50,1.88
2012.05.21 01:16:30.442,1.58263,1.58283,1.50,5.25
2012.05.21 01:16:37.774,1.58263,1.58283,1.50,4.32
2012.05.21 01:16:38.284,1.58261,1.58281,4.50,1.50
2012.05.21 01:16:38.823,1.58261,1.5828,1.50,1.11
2012.05.21 01:16:39.172,1.58255,1.58274,2.44,1.50
2012.05.21 01:16:39.241,1.58256,1.58276,2.25,1.50
2012.05.21 01:16:39.771,1.58258,1.58278,2.25,2.42
2012.05.21 01:16:41.016,1.58258,1.58278,2.25,2.42
2012.05.21 01:16:41.521,1.58256,1.58276,2.25,1.50
2012.05.21 01:16:43.340,1.58258,1.58278,2.25,2.42
2012.05.21 01:16:46.185,1.5826,1.58279,1.50,2.42
2012.05.21 01:16:57.834,1.58258,1.58278,2.25,3.17
2012.05.21 01:17:00.446,1.58256,1.58276,2.85,3.00
2012.05.21 01:17:00.526,1.58256,1.58276,2.85,3.00
2012.05.21 01:17:00.607,1.58256,1.58272,2.85,1.50
2012.05.21 01:17:00.967,1.58256,1.58268,1.35,1.50
2012.05.21 01:17:01.045,1.58255,1.5827,1.54,1.50
2012.05.21 01:17:01.438,1.58255,1.58272,1.54,1.50
2012.05.21 01:17:02.623,1.58255,1.5827,1.35,1.50
2012.05.21 01:17:02.821,1.58255,1.58272,1.35,1.50
2012.05.21 01:17:04.315,1.58255,1.58268,1.35,1.50
2012.05.21 01:17:04.466,1.58253,1.5827,1.54,1.50
2012.05.21 01:17:04.546,1.5825,1.5827,3.00,1.50
2012.05.21 01:17:04.624,1.58248,1.58267,2.52,1.50
2012.05.21 01:17:04.972,1.58248,1.58264,2.14,1.50
2012.05.21 01:17:05.110,1.58248,1.58262,2.14,1.50
2012.05.21 01:17:05.253,1.58248,1.58266,2.14,1.50
2012.05.21 01:17:05.593,1.58248,1.58268,3.64,1.50
2012.05.21 01:17:07.015,1.58248,1.58268,3.64,2.42
2012.05.21 01:17:10.823,1.58248,1.58267,3.45,1.67
2012.05.21 01:17:10.892,1.58248,1.58268,3.45,2.42
2012.05.21 01:17:11.452,1.58251,1.58269,1.50,1.67
2012.05.21 01:17:11.808,1.58253,1.58269,1.50,1.67
2012.05.21 01:17:14.820,1.58251,1.58269,1.50,1.67
2012.05.21 01:17:15.894,1.58251,1.58269,1.88,1.67
2012.05.21 01:17:16.248,1.58258,1.58269,1.13,1.67
2012.05.21 01:17:16.609,1.58264,1.58274,1.13,1.67
2012.05.21 01:17:16.756,1.58266,1.58278,1.50,1.50
2012.05.21 01:17:16.976,1.58267,1.58282,1.50,2.25
2012.05.21 01:17:17.197,1.58271,1.58283,1.50,1.84
2012.05.21 01:17:17.753,1.58271,1.58283,1.50,1.09
2012.05.21 01:17:19.723,1.58273,1.58292,1.50,1.84
2012.05.21 01:17:19.993,1.58273,1.58292,1.50,1.50
2012.05.21 01:17:20.065,1.58273,1.58292,1.50,1.88
2012.05.21 01:17:20.342,1.58271,1.58291,2.25,1.50
2012.05.21 01:17:20.543,1.5827,1.58289,1.50,1.50
2012.05.21 01:17:21.241,1.58271,1.58289,1.50,1.50
2012.05.21 01:17:22.317,1.58271,1.58291,3.00,1.50
2012.05.21 01:17:23.853,1.58271,1.58289,1.50,1.50
2012.05.21 01:17:24.208,1.58268,1.58285,1.88,1.50
2012.05.21 01:17:30.544,1.58267,1.58285,1.50,1.50
2012.05.21 01:17:30.875,1.58265,1.58285,2.44,1.50
2012.05.21 01:17:31.086,1.58265,1.58282,2.25,1.50
2012.05.21 01:17:31.442,1.58261,1.5828,1.92,1.50
2012.05.21 01:17:31.652,1.58262,1.58282,2.25,1.50
2012.05.21 01:17:32.005,1.58262,1.58282,2.25,1.50
2012.05.21 01:17:32.551,1.58261,1.5828,1.92,1.50
2012.05.21 01:17:40.046,1.58262,1.58282,2.44,2.25
2012.05.21 01:17:43.975,1.58262,1.5828,1.50,1.50
2012.05.21 01:17:44.124,1.58259,1.58279,3.38,2.44
2012.05.21 01:17:44.543,1.58259,1.58279,1.88,2.44
2012.05.21 01:17:49.592,1.58258,1.58277,1.13,2.25
2012.05.21 01:17:54.623,1.58259,1.58279,1.88,4.32
2012.05.21 01:17:56.492,1.58257,1.58277,2.25,2.25
2012.05.21 01:17:56.634,1.58255,1.58275,2.25,2.25
2012.05.21 01:17:57.150,1.58255,1.58275,2.25,2.25
2012.05.21 01:17:57.352,1.58253,1.58273,2.44,1.50
2012.05.21 01:17:57.564,1.58252,1.58271,1.13,1.50
2012.05.21 01:17:57.634,1.58252,1.58269,1.13,1.50
2012.05.21 01:17:57.913,1.58249,1.58269,3.00,1.50
2012.05.21 01:17:58.612,1.58248,1.58267,1.69,1.50
2012.05.21 01:17:59.618,1.58249,1.58269,1.50,3.00
2012.05.21 01:17:59.945,1.58249,1.58269,1.50,3.75
2012.05.21 01:18:00.223,1.58247,1.58267,3.00,3.17
2012.05.21 01:18:00.295,1.58249,1.58267,1.50,1.67
2012.05.21 01:18:00.573,1.58249,1.58269,1.50,2.25
2012.05.21 01:18:01.132,1.58248,1.58268,1.50,1.50
2012.05.21 01:18:01.203,1.58245,1.58265,3.19,1.50
2012.05.21 01:18:03.141,1.58245,1.58265,2.44,1.50
2012.05.21 01:18:04.184,1.58245,1.58261,2.44,1.50
2012.05.21 01:18:04.463,1.5824,1.58258,2.63,2.25
2012.05.21 01:18:04.677,1.58242,1.58258,2.25,1.50
2012.05.21 01:18:05.032,1.58242,1.58256,1.50,1.50
2012.05.21 01:18:05.102,1.58242,1.58261,1.50,1.50
2012.05.21 01:18:05.310,1.58242,1.58259,1.50,1.50
2012.05.21 01:18:05.996,1.58241,1.58259,1.88,1.50
2012.05.21 01:18:08.992,1.58241,1.58259,1.69,1.50
2012.05.21 01:18:09.407,1.58241,1.58257,1.69,1.50
2012.05.21 01:18:10.011,1.5824,1.58259,3.38,1.50
2012.05.21 01:18:12.021,1.5824,1.58259,3.19,1.50
2012.05.21 01:18:14.265,1.58241,1.58259,1.69,1.50
2012.05.21 01:18:15.131,1.58241,1.58259,1.69,1.50
2012.05.21 01:18:15.817,1.58242,1.58259,1.50,1.50
2012.05.21 01:18:16.175,1.58242,1.58259,1.50,1.50
2012.05.21 01:18:16.258,1.58242,1.58261,3.00,1.50
2012.05.21 01:18:16.336,1.58244,1.58262,1.13,1.50
2012.05.21 01:18:16.416,1.58247,1.58267,2.25,1.50
2012.05.21 01:18:16.567,1.58249,1.58267,1.13,1.50
2012.05.21 01:18:16.925,1.58258,1.58272,1.69,1.67
2012.05.21 01:18:17.284,1.5826,1.58273,1.50,2.08
2012.05.21 01:18:17.356,1.5826,1.58278,1.50,3.00
2012.05.21 01:18:17.439,1.58261,1.58281,2.25,3.75
2012.05.21 01:18:18.003,1.58261,1.58281,2.25,2.25
2012.05.21 01:18:18.508,1.58261,1.58281,2.44,2.25
2012.05.21 01:18:24.641,1.58261,1.58281,2.44,2.25
2012.05.21 01:18:24.718,1.58261,1.58281,2.44,2.25
2012.05.21 01:18:34.171,1.58261,1.58281,1.50,2.25
2012.05.21 01:18:47.614,1.58259,1.58277,2.25,1.50
2012.05.21 01:19:04.389,1.58257,1.58277,2.25,1.50
2012.05.21 01:19:13.352,1.58259,1.58277,1.50,1.50
2012.05.21 01:19:14.439,1.58259,1.58279,3.00,3.75
2012.05.21 01:19:14.779,1.58265,1.58284,1.13,3.00
2012.05.21 01:19:14.998,1.58267,1.58284,1.13,1.50
2012.05.21 01:19:15.074,1.58267,1.58284,2.25,1.50
2012.05.21 01:19:15.144,1.58267,1.58286,2.25,3.75
2012.05.21 01:19:22.043,1.5827,1.58289,1.50,1.88
2012.05.21 01:19:25.521,1.5827,1.58289,1.50,2.07
2012.05.21 01:19:36.002,1.5827,1.58289,2.25,1.24
2012.05.21 01:19:39.621,1.58272,1.58291,1.50,1.05
2012.05.21 01:19:40.243,1.5827,1.5829,2.44,1.80
2012.05.21 01:19:40.502,1.58272,1.58292,1.50,2.25
2012.05.21 01:19:41.050,1.5827,1.5829,2.44,1.50
2012.05.21 01:19:44.180,1.58272,1.58292,2.25,2.25
2012.05.21 01:19:44.390,1.58272,1.58292,1.50,2.25
2012.05.21 01:19:48.003,1.5827,1.5829,2.25,2.25
2012.05.21 01:19:51.244,1.58268,1.58288,2.44,1.50
2012.05.21 01:19:51.597,1.58267,1.58281,1.88,1.50
2012.05.21 01:19:51.676,1.58267,1.58282,1.13,1.50
2012.05.21 01:19:51.828,1.58265,1.5828,3.00,1.50
2012.05.21 01:19:51.975,1.58264,1.5828,1.50,1.50
2012.05.21 01:19:52.125,1.58264,1.58278,1.50,1.50
2012.05.21 01:19:52.236,1.58264,1.5828,1.50,1.50
2012.05.21 01:19:52.319,1.58263,1.58282,1.88,1.50
2012.05.21 01:19:54.031,1.5826,1.5828,4.69,1.50
2012.05.21 01:20:06.744,1.5826,1.5828,3.75,4.50
2012.05.21 01:20:06.816,1.58259,1.58278,1.88,1.50
2012.05.21 01:20:07.173,1.5826,1.58276,1.92,1.50
2012.05.21 01:20:07.512,1.5826,1.58278,1.17,1.50
2012.05.21 01:20:07.713,1.5826,1.5828,4.92,1.50
2012.05.21 01:20:07.782,1.58262,1.58282,2.25,1.50
2012.05.21 01:20:09.555,1.58263,1.58283,2.25,2.44
2012.05.21 01:20:09.634,1.58263,1.58283,2.25,2.44
2012.05.21 01:20:15.955,1.58263,1.58283,2.25,3.19
2012.05.21 01:20:16.093,1.58263,1.58283,2.25,2.44
2012.05.21 01:20:16.392,1.58261,1.58281,3.75,1.50
2012.05.21 01:20:16.743,1.58261,1.58281,2.25,1.50
2012.05.21 01:20:16.815,1.58261,1.58281,2.25,1.50
2012.05.21 01:20:17.375,1.58261,1.58281,2.25,1.50
2012.05.21 01:20:17.574,1.58266,1.58285,1.50,4.13
2012.05.21 01:20:18.241,1.58266,1.58285,1.50,2.44
2012.05.21 01:20:18.920,1.58264,1.58284,3.75,1.50
2012.05.21 01:20:22.791,1.58262,1.58282,2.25,1.50
2012.05.21 01:20:44.764,1.58262,1.58282,2.25,1.50
2012.05.21 01:20:44.833,1.5826,1.5828,3.00,1.50
2012.05.21 01:20:46.121,1.5826,1.5828,3.00,1.50
2012.05.21 01:20:46.777,1.58259,1.58277,1.13,1.50
2012.05.21 01:21:01.193,1.58259,1.58275,1.13,1.50
2012.05.21 01:21:01.926,1.58259,1.58275,1.88,1.50
2012.05.21 01:21:02.148,1.58259,1.58278,1.88,1.50
2012.05.21 01:21:02.365,1.5826,1.5828,2.25,3.00
2012.05.21 01:21:05.362,1.58259,1.58278,1.13,1.50
2012.05.21 01:21:12.202,1.58259,1.58276,1.13,1.50
2012.05.21 01:21:13.600,1.58259,1.58278,1.13,3.00
2012.05.21 01:21:14.090,1.58259,1.58278,1.13,1.50
2012.05.21 01:21:14.303,1.58261,1.5828,1.13,1.50
2012.05.21 01:21:14.447,1.58267,1.58284,1.50,1.50
2012.05.21 01:21:14.735,1.58267,1.58287,1.50,2.82
2012.05.21 01:21:14.877,1.58267,1.58287,2.25,2.44
2012.05.21 01:21:18.073,1.58267,1.58287,4.13,1.50
2012.05.21 01:21:18.412,1.58267,1.58287,4.50,1.50
2012.05.21 01:21:18.623,1.58267,1.58287,3.75,1.50
2012.05.21 01:21:18.693,1.58267,1.58285,2.25,1.50
2012.05.21 01:21:21.442,1.58267,1.58283,1.50,1.50
2012.05.21 01:21:24.213,1.58267,1.58283,1.04,1.50
2012.05.21 01:21:24.383,1.58267,1.58285,1.50,1.50
2012.05.21 01:21:24.584,1.58266,1.58285,1.50,1.50
2012.05.21 01:21:24.655,1.58267,1.58281,2.25,1.50
2012.05.21 01:21:24.722,1.58267,1.58283,2.25,1.50
2012.05.21 01:21:24.931,1.58267,1.58285,2.25,1.50
2012.05.21 01:21:26.723,1.58267,1.58285,3.00,1.50
2012.05.21 01:21:26.994,1.58268,1.58287,1.50,1.50
2012.05.21 01:21:29.505,1.58268,1.58286,1.50,1.50
2012.05.21 01:21:29.892,1.58268,1.58288,2.25,4.88
2012.05.21 01:21:41.264,1.58267,1.58285,2.25,1.50
2012.05.21 01:21:42.209,1.58265,1.58283,3.00,1.50
2012.05.21 01:21:42.284,1.58265,1.58283,1.50,1.50
2012.05.21 01:21:42.565,1.58263,1.58281,1.35,1.50
2012.05.21 01:21:42.918,1.5826,1.58279,3.19,1.50
2012.05.21 01:21:43.614,1.58261,1.58281,2.25,1.50
2012.05.21 01:21:46.823,1.58261,1.58278,1.50,1.50
2012.05.21 01:21:49.352,1.58261,1.5828,1.50,1.50
2012.05.21 01:22:12.471,1.5826,1.5828,3.00,1.50
2012.05.21 01:22:16.562,1.5826,1.58278,1.50,1.50
2012.05.21 01:22:17.322,1.5826,1.5828,3.00,1.50
2012.05.21 01:22:19.730,1.5826,1.58278,1.69,1.50
2012.05.21 01:22:20.081,1.5826,1.5828,3.19,1.50
2012.05.21 01:22:20.211,1.58262,1.58282,2.25,1.50
2012.05.21 01:22:23.415,1.5826,1.5828,4.88,1.50
2012.05.21 01:22:23.942,1.5826,1.5828,3.57,1.50
2012.05.21 01:22:25.633,1.58262,1.58282,2.25,1.50
2012.05.21 01:22:27.164,1.5826,1.5828,5.25,1.50
2012.05.21 01:22:27.710,1.5826,1.5828,3.00,1.50
2012.05.21 01:22:27.852,1.58262,1.58282,2.25,3.00
2012.05.21 01:22:35.726,1.5826,1.58277,2.44,1.50
2012.05.21 01:22:36.156,1.5826,1.58277,1.50,3.75
2012.05.21 01:22:36.447,1.5826,1.58277,1.50,3.00
2012.05.21 01:22:36.738,1.5826,1.58275,1.50,1.50
2012.05.21 01:22:37.095,1.5826,1.58277,1.50,1.50
2012.05.21 01:22:37.375,1.5826,1.58275,1.50,2.25
2012.05.21 01:22:37.515,1.5826,1.58275,1.50,2.25
2012.05.21 01:22:37.660,1.5826,1.58273,1.50,1.50
2012.05.21 01:22:38.225,1.58258,1.58273,1.13,1.50
2012.05.21 01:22:38.948,1.58258,1.58274,1.13,1.13
2012.05.21 01:22:40.789,1.58258,1.58275,1.13,1.50
2012.05.21 01:22:41.355,1.58257,1.58276,3.00,1.88
2012.05.21 01:22:41.940,1.58258,1.58276,1.13,1.88
2012.05.21 01:22:42.505,1.58258,1.58274,1.13,1.13
2012.05.21 01:22:49.508,1.58256,1.58273,3.19,1.50
2012.05.21 01:22:50.232,1.58256,1.58274,3.19,1.13
2012.05.21 01:22:51.764,1.58258,1.58274,1.13,1.88
2012.05.21 01:22:52.114,1.58253,1.58266,1.35,1.50
2012.05.21 01:22:52.257,1.58249,1.58264,2.59,1.50
2012.05.21 01:22:52.339,1.58249,1.58262,1.50,1.50
2012.05.21 01:22:52.696,1.58248,1.58257,1.80,1.50
2012.05.21 01:22:53.054,1.58248,1.58255,1.80,1.50
2012.05.21 01:22:53.545,1.58241,1.58255,1.69,1.50
2012.05.21 01:22:53.618,1.58241,1.58257,1.69,1.50
2012.05.21 01:22:53.976,1.58241,1.58255,1.69,1.50
2012.05.21 01:22:54.405,1.58238,1.58255,1.80,4.50
2012.05.21 01:22:54.480,1.58238,1.58253,1.80,3.75
2012.05.21 01:22:54.629,1.58236,1.58251,1.50,2.25
2012.05.21 01:22:54.705,1.5823,1.58249,2.25,1.50
2012.05.21 01:22:54.987,1.58232,1.58252,1.50,2.25
2012.05.21 01:22:55.071,1.58235,1.58251,1.50,1.13
2012.05.21 01:22:55.149,1.58232,1.58252,1.50,3.75
2012.05.21 01:22:55.641,1.58234,1.58252,1.50,1.50
2012.05.21 01:22:56.134,1.58232,1.5825,1.13,2.25
2012.05.21 01:22:56.484,1.58232,1.5825,1.13,2.25
2012.05.21 01:22:56.763,1.58229,1.58248,1.50,1.50
2012.05.21 01:22:57.252,1.58228,1.58246,4.13,1.50
2012.05.21 01:22:57.322,1.5823,1.58249,1.69,1.13
2012.05.21 01:22:58.365,1.58228,1.58248,3.00,1.50
2012.05.21 01:22:58.436,1.58228,1.58248,2.44,1.88
2012.05.21 01:23:01.643,1.58228,1.58247,2.07,4.13
2012.05.21 01:23:01.784,1.58228,1.58248,2.07,3.00
2012.05.21 01:23:02.078,1.58231,1.58249,1.50,3.38
2012.05.21 01:23:02.932,1.58233,1.58249,1.50,1.50
2012.05.21 01:23:03.274,1.58236,1.58251,1.50,2.25
2012.05.21 01:23:03.545,1.58234,1.58251,3.00,1.50
2012.05.21 01:23:03.743,1.58236,1.58251,1.50,1.50
2012.05.21 01:23:03.951,1.58234,1.58251,3.00,1.50
2012.05.21 01:23:04.452,1.58234,1.58252,1.50,1.50
2012.05.21 01:23:05.593,1.58232,1.58251,1.50,1.88
2012.05.21 01:23:05.662,1.58232,1.58251,1.50,1.88
2012.05.21 01:23:06.230,1.58234,1.58251,1.50,1.88
2012.05.21 01:23:08.306,1.58232,1.58249,3.00,1.88
2012.05.21 01:23:08.384,1.58232,1.58248,1.50,1.13
2012.05.21 01:23:08.526,1.5823,1.58247,3.00,1.13
2012.05.21 01:23:08.606,1.5823,1.58247,1.50,1.88
2012.05.21 01:23:09.161,1.58227,1.58246,3.00,3.00
2012.05.21 01:23:10.183,1.58228,1.58246,1.50,1.50
2012.05.21 01:23:10.607,1.58228,1.58244,1.50,1.50
2012.05.21 01:23:11.165,1.58229,1.58245,1.32,1.13
2012.05.21 01:23:11.417,1.58231,1.58246,1.50,2.25
2012.05.21 01:23:11.653,1.58229,1.58249,3.19,3.75
2012.05.21 01:23:11.794,1.58231,1.58249,1.50,2.25
2012.05.21 01:23:16.245,1.58233,1.58249,1.50,1.50
2012.05.21 01:23:17.071,1.58231,1.58249,3.00,1.50
2012.05.21 01:23:24.839,1.58231,1.58246,1.50,1.50
2012.05.21 01:23:25.650,1.58231,1.58249,1.50,2.25
2012.05.21 01:23:26.352,1.58227,1.58246,1.50,2.25
2012.05.21 01:23:26.890,1.58226,1.58244,2.44,1.50
2012.05.21 01:23:29.257,1.58227,1.58242,1.50,1.50
2012.05.21 01:23:29.405,1.58227,1.58244,1.50,2.25
2012.05.21 01:23:29.477,1.58227,1.58241,1.50,1.50
2012.05.21 01:23:30.103,1.58227,1.58245,2.25,2.25
2012.05.21 01:23:30.502,1.58225,1.58243,2.82,1.50
2012.05.21 01:23:32.497,1.58225,1.58243,2.82,2.63
2012.05.21 01:23:32.859,1.58232,1.58241,1.13,1.50
2012.05.21 01:23:33.217,1.58228,1.58238,2.63,1.50
2012.05.21 01:23:33.578,1.58228,1.58236,2.63,1.50
2012.05.21 01:23:33.796,1.58228,1.5824,2.25,2.25
2012.05.21 01:23:33.876,1.58232,1.5824,1.13,2.25
2012.05.21 01:23:33.955,1.58228,1.58242,1.13,3.38
2012.05.21 01:23:34.096,1.58227,1.5824,1.13,1.50
2012.05.21 01:23:34.597,1.58223,1.58239,1.13,4.50
2012.05.21 01:23:34.813,1.58217,1.58237,2.44,3.75
2012.05.21 01:23:36.303,1.58216,1.58235,2.63,1.50
2012.05.21 01:23:40.642,1.58217,1.58237,2.44,3.00
2012.05.21 01:23:41.151,1.58219,1.58237,1.50,1.50
2012.05.21 01:23:43.934,1.58219,1.58238,1.50,1.50
2012.05.21 01:23:44.480,1.58219,1.58239,1.50,3.00
2012.05.21 01:23:46.215,1.58224,1.58239,1.50,2.25
2012.05.21 01:23:46.355,1.58224,1.58239,1.50,2.25
2012.05.21 01:23:46.427,1.58228,1.58239,1.50,1.50
2012.05.21 01:23:46.510,1.58229,1.58243,1.50,1.13
2012.05.21 01:23:46.866,1.58226,1.58243,1.69,1.13
2012.05.21 01:23:47.486,1.58229,1.58242,1.50,2.25
2012.05.21 01:23:47.566,1.58227,1.58242,3.00,2.25
2012.05.21 01:23:47.715,1.58224,1.58243,2.40,1.50
2012.05.21 01:23:47.859,1.58226,1.58245,1.50,2.25
2012.05.21 01:23:49.824,1.58226,1.58242,2.25,1.50
2012.05.21 01:23:49.961,1.58228,1.58244,2.25,1.50
2012.05.21 01:23:50.315,1.58229,1.58247,1.13,1.88
2012.05.21 01:23:50.887,1.58232,1.58251,1.50,1.50
2012.05.21 01:23:51.882,1.58232,1.5825,1.50,1.50
2012.05.21 01:23:52.585,1.58232,1.58251,1.50,1.50
2012.05.21 01:23:56.844,1.58232,1.58252,2.25,4.69
2012.05.21 01:24:00.765,1.58232,1.58252,2.25,4.69
2012.05.21 01:24:04.436,1.58232,1.58252,4.50,3.94
2012.05.21 01:24:04.517,1.58234,1.58252,1.50,1.69
2012.05.21 01:24:04.877,1.58234,1.58252,2.25,1.69
2012.05.21 01:24:05.182,1.58242,1.58253,1.50,1.24
2012.05.21 01:24:05.534,1.58244,1.58256,1.65,1.88
2012.05.21 01:24:05.748,1.58251,1.58262,1.69,3.20
2012.05.21 01:24:05.827,1.58251,1.58264,2.44,2.30
2012.05.21 01:24:05.977,1.58258,1.58264,1.50,1.33
2012.05.21 01:24:06.131,1.58256,1.58264,1.50,2.08
2012.05.21 01:24:06.557,1.58258,1.58269,2.85,1.50
2012.05.21 01:24:06.931,1.58258,1.58272,1.35,1.50
2012.05.21 01:24:07.004,1.58258,1.58274,1.35,1.50
2012.05.21 01:24:07.654,1.58257,1.58277,3.19,3.17
2012.05.21 01:24:08.215,1.5826,1.58278,1.50,1.67
2012.05.21 01:24:13.245,1.58258,1.58278,2.44,3.17
2012.05.21 01:24:13.805,1.58259,1.58278,1.50,3.17
2012.05.21 01:24:14.015,1.5826,1.5828,2.25,2.63
2012.05.21 01:24:14.157,1.58263,1.58283,1.50,5.66
2012.05.21 01:24:14.446,1.58263,1.58283,1.50,2.44
2012.05.21 01:24:14.666,1.58262,1.58287,3.57,2.05
2012.05.21 01:24:14.742,1.58262,1.58287,3.57,2.05
2012.05.21 01:24:15.098,1.58264,1.58285,2.25,2.25
2012.05.21 01:24:15.454,1.58267,1.58285,1.69,1.50
2012.05.21 01:24:15.666,1.58267,1.58288,2.44,1.50
2012.05.21 01:24:15.802,1.58267,1.58288,2.82,1.50
2012.05.21 01:24:16.435,1.58269,1.58291,1.13,1.50
2012.05.21 01:24:16.578,1.58269,1.58293,4.13,2.44
2012.05.21 01:24:16.796,1.5827,1.58294,1.32,1.50
2012.05.21 01:24:17.016,1.58271,1.58297,2.25,3.55
2012.05.21 01:24:17.236,1.58272,1.58297,1.50,2.80
2012.05.21 01:24:18.403,1.58272,1.58297,1.50,5.05
2012.05.21 01:24:18.955,1.58272,1.58296,2.78,1.13
2012.05.21 01:24:20.126,1.58272,1.58294,2.78,1.50
2012.05.21 01:24:20.344,1.58272,1.58297,2.78,4.86
2012.05.21 01:24:20.994,1.58272,1.58296,2.25,1.69
2012.05.21 01:24:21.207,1.5827,1.58292,1.50,1.50
2012.05.21 01:24:21.496,1.58268,1.58291,1.69,1.88
2012.05.21 01:24:22.066,1.58267,1.58289,2.25,1.13
2012.05.21 01:24:22.426,1.58266,1.58285,1.50,1.13
2012.05.21 01:24:27.906,1.58265,1.58285,1.88,3.38
2012.05.21 01:24:29.218,1.58265,1.58285,1.13,2.63
2012.05.21 01:24:29.452,1.58263,1.58285,2.55,3.19
2012.05.21 01:24:29.528,1.58263,1.58284,1.80,1.69
2012.05.21 01:24:30.094,1.58262,1.58285,1.69,3.00
2012.05.21 01:24:31.913,1.58262,1.58285,1.50,3.00
2012.05.21 01:24:32.475,1.58261,1.58283,1.50,1.09
2012.05.21 01:24:38.188,1.58262,1.58285,1.50,1.50
2012.05.21 01:25:02.544,1.5826,1.58284,2.82,1.50
2012.05.21 01:25:03.853,1.5826,1.58283,2.63,1.09
2012.05.21 01:25:08.391,1.5826,1.58284,2.63,3.15
2012.05.21 01:25:14.642,1.5826,1.58283,2.63,1.09
2012.05.21 01:25:18.695,1.5826,1.58279,1.88,1.65
2012.05.21 01:25:18.770,1.5826,1.58277,1.13,1.65
2012.05.21 01:25:18.914,1.58256,1.58276,1.13,1.50
2012.05.21 01:25:18.986,1.58255,1.58277,1.50,4.30
2012.05.21 01:25:19.413,1.58252,1.58276,1.69,1.65
2012.05.21 01:25:19.722,1.58252,1.58276,1.69,2.55
2012.05.21 01:25:20.074,1.58252,1.58273,1.50,1.80
2012.05.21 01:25:20.634,1.58247,1.58271,2.63,3.30
2012.05.21 01:25:21.523,1.58247,1.58268,1.69,2.40
2012.05.21 01:25:21.795,1.58247,1.58267,1.69,2.40
2012.05.21 01:25:22.143,1.58245,1.58265,1.50,1.05
2012.05.21 01:25:22.283,1.58243,1.58267,2.55,2.97
2012.05.21 01:25:29.978,1.58241,1.58267,2.44,3.89
2012.05.21 01:25:32.993,1.58242,1.58267,1.69,2.57
2012.05.21 01:25:33.640,1.58242,1.58267,2.82,3.32
2012.05.21 01:25:35.991,1.58243,1.58267,1.69,2.57
2012.05.21 01:25:39.623,1.58243,1.58267,1.69,2.57
2012.05.21 01:25:49.004,1.58244,1.58267,1.50,2.57
2012.05.21 01:25:59.481,1.58244,1.58267,1.50,3.32
2012.05.21 01:26:15.606,1.58241,1.58267,2.25,3.32
2012.05.21 01:26:37.251,1.5824,1.58267,2.25,1.65
2012.05.21 01:27:08.703,1.58247,1.58267,1.50,1.88
2012.05.21 01:27:09.262,1.58247,1.58267,1.50,1.88
2012.05.21 01:27:09.785,1.58247,1.58267,1.50,3.00
2012.05.21 01:27:10.764,1.58247,1.58267,1.50,3.00
2012.05.21 01:27:11.225,1.58245,1.58267,1.50,3.75
2012.05.21 01:27:32.584,1.58242,1.58266,1.50,1.13
2012.05.21 01:27:38.174,1.58241,1.58265,2.63,1.13
2012.05.21 01:27:55.396,1.5824,1.58265,2.25,3.00
2012.05.21 01:27:55.466,1.5824,1.5826,2.25,1.50
2012.05.21 01:27:55.745,1.58237,1.58259,3.19,1.50
2012.05.21 01:27:56.163,1.58237,1.58258,3.19,2.25
2012.05.21 01:27:57.714,1.58237,1.58258,2.25,3.57
2012.05.21 01:28:17.704,1.58237,1.58257,2.25,2.25
2012.05.21 01:28:24.392,1.58237,1.58257,2.25,3.00
2012.05.21 01:28:24.924,1.58237,1.58258,2.25,4.32
2012.05.21 01:28:34.532,1.58237,1.58257,2.25,3.00
2012.05.21 01:28:49.643,1.58235,1.58257,3.38,3.00
2012.05.21 01:28:49.785,1.58232,1.58256,1.50,1.43
2012.05.21 01:29:01.325,1.58232,1.58256,1.50,2.18
2012.05.21 01:29:01.677,1.58232,1.58255,1.50,1.69
2012.05.21 01:29:02.876,1.58231,1.58255,1.50,1.69
2012.05.21 01:29:03.616,1.58231,1.58255,1.50,1.69
2012.05.21 01:29:03.683,1.58232,1.58255,1.50,1.69
2012.05.21 01:29:06.097,1.58232,1.58256,1.50,1.88
2012.05.21 01:29:08.526,1.58232,1.58256,2.44,1.50
2012.05.21 01:29:09.113,1.58232,1.58256,2.25,1.88
2012.05.21 01:29:09.425,1.58231,1.58251,2.25,1.40
2012.05.21 01:29:09.567,1.58229,1.58248,1.50,2.14
2012.05.21 01:29:09.845,1.5823,1.58252,1.50,2.25
2012.05.21 01:29:09.914,1.58231,1.58252,1.50,1.50
2012.05.21 01:29:11.602,1.58231,1.58252,1.50,2.25
2012.05.21 01:29:11.818,1.58229,1.58248,1.50,1.69
2012.05.21 01:29:14.633,1.58228,1.58248,1.50,1.69
2012.05.21 01:29:14.986,1.58234,1.58255,3.00,2.25
2012.05.21 01:29:15.954,1.58235,1.58255,1.88,1.50
2012.05.21 01:29:16.026,1.58235,1.58256,3.00,1.50
2012.05.21 01:29:16.304,1.58234,1.58257,1.50,2.05
2012.05.21 01:29:18.374,1.58234,1.58257,1.50,2.05
2012.05.21 01:29:18.898,1.58235,1.58257,1.50,2.42
2012.05.21 01:29:24.015,1.58235,1.58257,1.50,2.42
2012.05.21 01:29:24.538,1.58235,1.58257,1.50,2.42
2012.05.21 01:29:24.970,1.58235,1.58257,1.50,2.42
2012.05.21 01:29:25.264,1.58235,1.58257,1.50,1.67
2012.05.21 01:29:25.536,1.58239,1.58258,1.50,2.27
2012.05.21 01:29:26.140,1.58241,1.58258,1.50,2.27
2012.05.21 01:29:26.642,1.58241,1.5826,1.88,1.43
2012.05.21 01:29:31.894,1.58241,1.5826,1.88,1.62
2012.05.21 01:29:36.473,1.58239,1.5826,1.88,1.62
2012.05.21 01:29:40.520,1.5824,1.5826,1.88,1.62
2012.05.21 01:29:41.085,1.5824,1.5826,2.63,1.62
2012.05.21 01:29:51.338,1.5824,1.5826,1.50,1.62
2012.05.21 01:29:51.912,1.5824,1.5826,1.50,1.62
2012.05.21 01:29:54.300,1.5824,1.5826,1.50,1.62
2012.05.21 01:29:55.620,1.5824,1.5826,1.50,1.62
2012.05.21 01:29:59.413,1.5824,1.58258,1.88,1.13
2012.05.21 01:30:00.025,1.58241,1.58258,1.50,1.13
2012.05.21 01:30:29.076,1.58242,1.58258,1.50,1.13
2012.05.21 01:30:29.944,1.58242,1.58258,1.50,1.13
2012.05.21 01:30:34.036,1.58242,1.58258,1.50,1.32
2012.05.21 01:30:34.606,1.58242,1.58258,1.50,1.13
2012.05.21 01:30:35.713,1.58242,1.58258,1.50,1.13
2012.05.21 01:30:42.905,1.58242,1.58261,1.50,3.00
2012.05.21 01:30:43.695,1.58242,1.58261,1.50,3.00
2012.05.21 01:30:47.986,1.58242,1.58261,1.50,2.07
2012.05.21 01:30:48.130,1.58242,1.58263,1.50,1.50
2012.05.21 01:30:48.660,1.58243,1.58266,1.50,2.07
2012.05.21 01:30:49.053,1.58244,1.58266,1.50,2.07
2012.05.21 01:30:49.376,1.58244,1.58266,2.44,1.88
2012.05.21 01:30:49.503,1.58244,1.58266,2.44,1.50
2012.05.21 01:30:55.932,1.58244,1.58266,2.44,1.50
2012.05.21 01:30:56.813,1.58246,1.58268,1.50,2.63
2012.05.21 01:30:57.411,1.58246,1.58268,1.50,2.63
2012.05.21 01:31:01.324,1.58246,1.58268,1.50,1.88
2012.05.21 01:31:01.666,1.58249,1.58268,2.07,1.88
2012.05.21 01:31:02.088,1.58252,1.58272,1.88,3.38
2012.05.21 01:31:02.314,1.58254,1.58272,1.50,1.88
2012.05.21 01:31:02.884,1.58254,1.58273,3.75,2.25
2012.05.21 01:31:03.236,1.58256,1.58273,1.50,1.50
2012.05.21 01:31:05.444,1.58254,1.58273,2.25,1.50
2012.05.21 01:31:08.054,1.58254,1.58273,2.25,1.69
2012.05.21 01:31:09.093,1.58252,1.58272,2.25,2.25
2012.05.21 01:31:09.658,1.58252,1.58271,1.50,1.69
2012.05.21 01:31:10.883,1.58252,1.58272,1.50,2.44
2012.05.21 01:31:12.198,1.58252,1.58272,2.25,2.44
2012.05.21 01:31:13.955,1.58252,1.58272,3.00,2.44
2012.05.21 01:31:14.467,1.58252,1.58272,3.75,2.44
2012.05.21 01:31:14.609,1.58254,1.58273,1.50,2.63
2012.05.21 01:31:14.969,1.58254,1.58273,1.88,2.63
2012.05.21 01:31:15.119,1.58254,1.58273,3.00,1.50
2012.05.21 01:31:15.844,1.58258,1.58273,3.00,1.50
2012.05.21 01:31:18.914,1.58256,1.58273,2.25,1.50
2012.05.21 01:31:21.083,1.58256,1.58273,2.25,1.50
2012.05.21 01:31:21.637,1.58257,1.58274,1.13,1.50
2012.05.21 01:31:21.996,1.58259,1.58276,1.88,5.07
2012.05.21 01:31:22.895,1.58259,1.58276,1.88,3.57
2012.05.21 01:31:31.596,1.58259,1.58276,1.13,2.07
2012.05.21 01:31:32.264,1.5826,1.58276,1.50,2.07
2012.05.21 01:31:32.603,1.58262,1.58276,1.50,1.77
2012.05.21 01:31:33.216,1.58262,1.58276,1.50,1.77
2012.05.21 01:31:36.116,1.58262,1.58276,1.50,1.77
2012.05.21 01:31:40.928,1.58272,1.58279,1.50,2.27
2012.05.21 01:31:41.006,1.58272,1.58279,1.50,2.08
2012.05.21 01:31:41.079,1.58272,1.58287,1.50,2.80
2012.05.21 01:31:41.271,1.58269,1.58287,1.50,2.42
2012.05.21 01:31:41.347,1.58264,1.58283,1.65,1.69
2012.05.21 01:31:41.863,1.58263,1.58283,3.00,1.69
2012.05.21 01:31:43.431,1.58263,1.58283,3.00,1.50
2012.05.21 01:31:43.508,1.58265,1.58285,2.25,1.69
2012.05.21 01:31:43.657,1.58268,1.58285,2.25,1.50
2012.05.21 01:31:44.082,1.5827,1.58288,2.25,1.67
2012.05.21 01:31:44.228,1.5827,1.58287,1.50,2.42
2012.05.21 01:31:44.589,1.5827,1.58289,3.19,2.25
2012.05.21 01:31:45.134,1.5827,1.58289,3.19,1.50
2012.05.21 01:31:45.285,1.58271,1.58291,2.25,3.00
2012.05.21 01:31:45.356,1.58275,1.58293,2.25,3.00
2012.05.21 01:31:48.716,1.58273,1.58293,3.00,2.25
2012.05.21 01:31:49.277,1.58275,1.58295,2.25,1.50
2012.05.21 01:31:49.348,1.58273,1.58293,3.75,1.50
2012.05.21 01:31:50.121,1.58278,1.58293,1.13,1.50
2012.05.21 01:31:50.472,1.58289,1.58298,2.63,1.50
2012.05.21 01:31:50.831,1.58297,1.58305,1.50,2.25
2012.05.21 01:31:51.330,1.58297,1.58306,2.25,1.50
2012.05.21 01:31:51.410,1.58297,1.58308,2.25,1.50
2012.05.21 01:31:51.490,1.58301,1.5832,2.25,1.69
2012.05.21 01:31:52.185,1.58301,1.5832,2.25,1.69
2012.05.21 01:31:54.456,1.583,1.58318,2.25,2.25
2012.05.21 01:31:54.597,1.58297,1.58317,2.25,1.50
2012.05.21 01:31:54.666,1.58297,1.58317,2.25,2.25
2012.05.21 01:31:54.734,1.58295,1.58315,2.44,1.50
2012.05.21 01:31:56.725,1.58293,1.58313,6.30,1.50
2012.05.21 01:31:57.155,1.58293,1.58313,4.80,1.50
2012.05.21 01:31:57.368,1.58293,1.58309,2.63,1.50
2012.05.21 01:31:57.871,1.58295,1.58309,2.25,1.43
2012.05.21 01:31:58.090,1.58297,1.58317,4.32,2.25
2012.05.21 01:31:58.170,1.58302,1.58317,1.50,2.25
2012.05.21 01:31:58.503,1.58303,1.58322,1.50,1.13
2012.05.21 01:31:58.704,1.58306,1.58322,1.50,1.88
2012.05.21 01:31:59.246,1.58306,1.58322,1.50,1.88
2012.05.21 01:31:59.314,1.58301,1.58321,2.25,2.25
2012.05.21 01:31:59.757,1.58298,1.58318,2.44,1.50
2012.05.21 01:32:00.431,1.58298,1.58318,2.44,1.50
2012.05.21 01:32:01.639,1.58298,1.58318,2.44,1.50
2012.05.21 01:32:03.434,1.58298,1.58318,2.25,1.50
2012.05.21 01:32:04.185,1.58297,1.58316,2.25,1.50
2012.05.21 01:32:05.087,1.58298,1.58318,2.44,1.50
2012.05.21 01:32:06.866,1.58301,1.58318,1.50,1.50
2012.05.21 01:32:13.276,1.58301,1.58321,2.25,1.50
2012.05.21 01:32:13.837,1.58301,1.58321,3.00,1.50
2012.05.21 01:32:13.917,1.58308,1.58323,1.50,1.69
2012.05.21 01:32:14.268,1.5831,1.58323,1.50,1.50
2012.05.21 01:32:14.905,1.58308,1.58323,1.50,1.50
2012.05.21 01:32:16.085,1.58306,1.58323,3.00,1.50
2012.05.21 01:32:16.370,1.58303,1.58323,3.00,3.00
2012.05.21 01:32:17.056,1.58303,1.58323,2.25,3.38
2012.05.21 01:32:17.403,1.58301,1.58321,2.25,1.50
2012.05.21 01:32:17.755,1.58299,1.58319,2.63,1.50
2012.05.21 01:32:17.899,1.58301,1.58321,2.25,1.50
2012.05.21 01:32:18.471,1.58305,1.58323,3.00,1.65
2012.05.21 01:32:18.553,1.58307,1.58323,1.50,1.65
2012.05.21 01:32:19.101,1.58307,1.58323,3.00,1.50
2012.05.21 01:32:19.457,1.58309,1.58323,1.50,1.50
2012.05.21 01:32:19.810,1.58311,1.58325,3.00,2.63
2012.05.21 01:32:20.285,1.58318,1.58329,2.25,2.03
2012.05.21 01:32:20.367,1.58318,1.5833,2.25,1.65
2012.05.21 01:32:20.791,1.58318,1.5833,2.25,1.43
2012.05.21 01:32:21.002,1.58324,1.58332,2.25,1.88
2012.05.21 01:32:21.356,1.58332,1.58339,1.50,2.83
2012.05.21 01:32:21.429,1.58328,1.58334,1.50,1.88
2012.05.21 01:32:21.512,1.58332,1.58339,1.50,2.83
2012.05.21 01:32:21.709,1.58329,1.58336,1.50,2.83
2012.05.21 01:32:21.914,1.58326,1.58335,4.69,2.25
2012.05.21 01:32:22.118,1.58326,1.58346,4.05,2.25
2012.05.21 01:32:22.209,1.58327,1.58346,2.37,2.25
2012.05.21 01:32:22.566,1.58332,1.58348,1.50,3.92
2012.05.21 01:32:22.777,1.58329,1.58348,3.00,1.67
2012.05.21 01:32:22.920,1.58331,1.58348,1.50,1.50
2012.05.21 01:32:23.625,1.5833,1.58348,2.74,1.69
2012.05.21 01:32:23.978,1.58333,1.58348,1.50,1.50
2012.05.21 01:32:24.196,1.58331,1.58349,3.00,1.50
2012.05.21 01:32:24.548,1.58334,1.5835,3.00,1.50
2012.05.21 01:32:24.758,1.58338,1.58353,2.25,3.20
2012.05.21 01:32:24.840,1.5834,1.58353,1.50,1.13
2012.05.21 01:32:25.929,1.58339,1.58355,1.50,1.88
2012.05.21 01:32:26.241,1.58337,1.58351,1.50,1.50
2012.05.21 01:32:26.321,1.58337,1.58353,1.50,1.50
2012.05.21 01:32:26.398,1.58337,1.58357,3.75,2.42
2012.05.21 01:32:26.902,1.58338,1.58357,1.50,2.42
2012.05.21 01:32:27.436,1.58337,1.58354,2.25,1.50
2012.05.21 01:32:27.790,1.58329,1.58347,1.88,1.50
2012.05.21 01:32:28.146,1.58337,1.58347,1.50,1.50
2012.05.21 01:32:28.498,1.58347,1.58355,1.50,1.50
2012.05.21 01:32:28.581,1.58347,1.58358,1.50,5.40
2012.05.21 01:32:28.660,1.58346,1.58355,1.50,3.15
2012.05.21 01:32:29.086,1.58344,1.58361,3.00,1.50
2012.05.21 01:32:29.229,1.58348,1.58363,2.25,1.13
2012.05.21 01:32:29.718,1.58348,1.58367,1.50,3.17
2012.05.21 01:32:29.801,1.58348,1.58367,1.50,3.17
2012.05.21 01:32:29.951,1.58348,1.58367,1.50,2.42
2012.05.21 01:32:30.239,1.58349,1.58367,1.13,2.80
2012.05.21 01:32:30.653,1.58348,1.58365,1.68,2.90
2012.05.21 01:32:30.884,1.58348,1.58365,1.50,1.88
2012.05.21 01:32:31.028,1.58348,1.58367,3.00,3.47
2012.05.21 01:32:31.249,1.58349,1.58367,3.75,2.42
2012.05.21 01:32:31.399,1.58352,1.58373,1.50,2.25
2012.05.21 01:32:32.107,1.58352,1.5837,1.50,1.50
2012.05.21 01:32:32.547,1.58352,1.58371,1.50,2.25
2012.05.21 01:32:33.053,1.58352,1.58371,1.50,1.50
2012.05.21 01:32:33.198,1.58354,1.58371,1.50,1.50
2012.05.21 01:32:33.826,1.58353,1.58373,2.25,4.50
2012.05.21 01:32:34.386,1.58353,1.58371,1.50,1.50
2012.05.21 01:32:34.598,1.58352,1.58371,1.50,1.50
2012.05.21 01:32:38.936,1.58351,1.58369,2.25,1.50
2012.05.21 01:32:39.008,1.58351,1.58371,3.75,1.50
2012.05.21 01:32:39.237,1.58352,1.58371,2.25,1.50
2012.05.21 01:32:39.587,1.58355,1.58371,2.25,1.50
2012.05.21 01:32:39.936,1.58353,1.58373,3.00,1.69
2012.05.21 01:32:40.006,1.58354,1.58373,1.13,3.19
2012.05.21 01:32:40.553,1.58356,1.58371,1.13,1.50
2012.05.21 01:32:42.586,1.58356,1.58375,1.13,1.65
2012.05.21 01:32:43.074,1.58357,1.58375,1.13,1.65
2012.05.21 01:32:43.636,1.58357,1.58375,1.13,1.65
2012.05.21 01:32:44.186,1.58356,1.58375,2.63,1.65
2012.05.21 01:32:44.527,1.58356,1.58371,2.63,1.50
2012.05.21 01:32:44.984,1.58351,1.58369,3.19,1.50
2012.05.21 01:32:45.061,1.58351,1.58367,3.19,1.50
2012.05.21 01:32:45.220,1.58351,1.58367,3.19,1.50
2012.05.21 01:32:45.298,1.58351,1.58365,3.19,1.50
2012.05.21 01:32:45.800,1.58351,1.58365,2.44,1.88
2012.05.21 01:32:46.159,1.58349,1.58356,1.68,1.50
2012.05.21 01:32:46.307,1.58344,1.58356,2.43,1.50
2012.05.21 01:32:49.542,1.58346,1.58358,1.50,1.50
2012.05.21 01:32:52.147,1.58346,1.58356,1.50,1.50
2012.05.21 01:32:52.895,1.58342,1.58356,2.63,1.50
2012.05.21 01:32:53.751,1.58342,1.58356,3.00,1.50
2012.05.21 01:32:53.969,1.58342,1.58356,1.50,2.25
2012.05.21 01:32:54.332,1.58338,1.58353,1.68,1.50
2012.05.21 01:32:54.482,1.58336,1.5835,1.50,2.25
2012.05.21 01:32:54.559,1.58333,1.58348,2.55,1.50
2012.05.21 01:32:54.835,1.58333,1.58348,2.55,1.50
2012.05.21 01:32:55.268,1.58333,1.58345,2.55,1.50
2012.05.21 01:32:56.398,1.58327,1.58341,2.44,1.50
2012.05.21 01:32:56.483,1.58327,1.58341,2.25,1.50
2012.05.21 01:32:57.050,1.58325,1.58343,2.07,1.50
2012.05.21 01:32:57.409,1.58324,1.58343,1.69,1.50
2012.05.21 01:32:57.840,1.58323,1.58341,1.69,1.50
2012.05.21 01:32:57.991,1.58322,1.58339,1.50,1.50
2012.05.21 01:32:58.135,1.58322,1.58337,1.50,1.50
2012.05.21 01:32:58.490,1.5832,1.58337,1.13,2.40
2012.05.21 01:32:58.852,1.58318,1.58328,1.43,2.40
2012.05.21 01:32:59.157,1.58307,1.5832,1.13,1.50
2012.05.21 01:32:59.235,1.58305,1.58324,1.13,1.50
2012.05.21 01:32:59.451,1.58306,1.58326,3.00,1.50
2012.05.21 01:33:00.023,1.58304,1.58324,2.25,1.50
2012.05.21 01:33:00.385,1.58303,1.58321,1.88,1.50
2012.05.21 01:33:00.746,1.58305,1.58321,1.50,1.50
2012.05.21 01:33:01.798,1.58307,1.58321,2.25,1.50
2012.05.21 01:33:02.231,1.58308,1.58328,1.50,1.67
2012.05.21 01:33:02.799,1.58307,1.58328,1.50,1.67
2012.05.21 01:33:03.418,1.58311,1.58331,1.50,2.03
2012.05.21 01:33:03.635,1.58311,1.58333,1.50,2.25
2012.05.21 01:33:03.778,1.58312,1.58333,3.00,1.50
2012.05.21 01:33:03.846,1.58312,1.58334,2.25,2.25
2012.05.21 01:33:03.917,1.58312,1.58334,3.00,1.50
2012.05.21 01:33:06.078,1.58312,1.58334,3.00,1.50
2012.05.21 01:33:15.380,1.58313,1.58334,1.50,1.50
2012.05.21 01:33:16.719,1.58312,1.58334,1.50,2.25
2012.05.21 01:33:19.048,1.58312,1.58334,3.75,1.32
2012.05.21 01:33:19.127,1.58313,1.58334,1.13,1.32
2012.05.21 01:33:19.481,1.58317,1.58334,1.50,1.13
2012.05.21 01:33:20.051,1.58317,1.58334,1.50,1.02
2012.05.21 01:33:20.617,1.58316,1.58334,1.50,1.02
2012.05.21 01:33:21.176,1.58317,1.58334,1.50,1.02
2012.05.21 01:33:22.259,1.58316,1.58336,1.50,1.02
2012.05.21 01:33:25.331,1.58312,1.58334,2.25,1.95
2012.05.21 01:33:29.496,1.58312,1.58334,1.50,1.95
2012.05.21 01:33:30.321,1.58316,1.58334,1.50,1.95
2012.05.21 01:33:30.956,1.58317,1.58334,1.80,1.77
2012.05.21 01:33:32.165,1.58317,1.58334,1.50,1.95
2012.05.21 01:33:32.718,1.58312,1.58334,1.50,1.95
2012.05.21 01:33:33.846,1.58312,1.58334,1.50,1.95
2012.05.21 01:33:40.071,1.58312,1.58334,2.25,1.58
2012.05.21 01:33:42.778,1.58312,1.58334,3.00,1.95
2012.05.21 01:33:49.317,1.58312,1.58334,2.25,1.20
2012.05.21 01:33:49.865,1.58312,1.58334,1.50,1.50
2012.05.21 01:33:50.834,1.58312,1.58334,1.50,1.50
2012.05.21 01:33:52.165,1.58313,1.58334,2.93,1.13
2012.05.21 01:33:53.009,1.58317,1.58334,1.50,1.13
2012.05.21 01:33:53.577,1.58319,1.58334,1.50,1.13
2012.05.21 01:33:54.135,1.58318,1.58334,1.50,1.13
2012.05.21 01:33:58.214,1.58318,1.58334,1.50,1.13
2012.05.21 01:33:59.990,1.58316,1.58334,1.50,1.13
2012.05.21 01:34:00.750,1.58316,1.58334,1.50,1.32
2012.05.21 01:34:03.705,1.58314,1.58334,1.50,1.32
2012.05.21 01:34:05.334,1.58315,1.58334,1.50,1.50
2012.05.21 01:34:11.670,1.58314,1.58334,1.50,1.50
2012.05.21 01:34:13.865,1.58312,1.58334,1.80,2.25
2012.05.21 01:34:22.398,1.58312,1.58334,2.55,1.50
2012.05.21 01:34:23.095,1.58312,1.58334,1.80,1.65
2012.05.21 01:34:25.135,1.58313,1.58334,1.50,1.65
2012.05.21 01:34:25.900,1.58312,1.58334,3.30,1.50
2012.05.21 01:34:26.874,1.58312,1.58334,1.80,1.50
2012.05.21 01:34:27.444,1.58312,1.58334,2.55,1.50
2012.05.21 01:34:29.047,1.58313,1.58334,2.18,1.32
2012.05.21 01:34:31.978,1.58314,1.58334,1.50,1.32
2012.05.21 01:34:33.689,1.58313,1.58334,1.50,1.50
2012.05.21 01:34:38.008,1.58314,1.58333,1.50,1.69
2012.05.21 01:34:40.866,1.58311,1.58333,1.50,2.44
2012.05.21 01:34:51.984,1.58313,1.58333,1.50,1.69
2012.05.21 01:34:56.561,1.58313,1.58333,1.50,1.69
2012.05.21 01:34:58.165,1.58313,1.58333,1.50,1.69
2012.05.21 01:34:58.946,1.58313,1.58334,1.50,1.88
2012.05.21 01:34:59.019,1.58313,1.58334,1.50,1.13
2012.05.21 01:35:00.075,1.58315,1.58334,1.50,1.88
2012.05.21 01:35:01.474,1.58317,1.58334,2.10,1.88
2012.05.21 01:35:02.034,1.58319,1.58334,1.50,1.13
2012.05.21 01:35:05.085,1.58319,1.58334,1.50,1.13
2012.05.21 01:35:14.678,1.58318,1.58334,1.58,2.07
2012.05.21 01:35:14.833,1.58318,1.58333,2.33,1.50
2012.05.21 01:35:15.051,1.5831,1.58331,1.50,1.88
2012.05.21 01:35:15.482,1.58309,1.58329,1.69,1.88
2012.05.21 01:35:15.626,1.58306,1.58329,1.69,1.88
2012.05.21 01:35:16.177,1.58305,1.58328,2.44,1.67
2012.05.21 01:35:19.415,1.58306,1.5833,1.69,1.67
2012.05.21 01:35:20.716,1.58311,1.5833,2.25,1.67
2012.05.21 01:35:20.929,1.58314,1.58331,1.05,1.13
2012.05.21 01:35:21.005,1.58314,1.58331,1.05,1.13
2012.05.21 01:35:21.568,1.58313,1.58332,1.68,2.82
2012.05.21 01:35:21.960,1.58313,1.58332,1.43,3.57
2012.05.21 01:35:22.527,1.58313,1.58332,1.43,2.82
2012.05.21 01:35:23.225,1.58311,1.58332,1.05,2.82
2012.05.21 01:35:33.956,1.58313,1.58333,1.09,2.25
2012.05.21 01:35:34.031,1.58316,1.58333,1.05,2.25
2012.05.21 01:35:34.386,1.58316,1.58332,1.05,1.50
2012.05.21 01:35:34.811,1.58316,1.58334,1.05,2.25
2012.05.21 01:35:34.884,1.58316,1.58334,1.05,1.13
2012.05.21 01:35:34.956,1.58317,1.58334,2.25,1.13
2012.05.21 01:35:35.458,1.58321,1.58334,1.05,1.13
2012.05.21 01:35:39.786,1.58319,1.58334,1.43,1.09
2012.05.21 01:35:40.219,1.58319,1.58334,1.43,1.47
2012.05.21 01:35:45.623,1.58319,1.58334,1.43,1.28
2012.05.21 01:35:46.827,1.58319,1.58334,1.43,1.09
2012.05.21 01:35:47.676,1.58316,1.58334,2.48,1.09
2012.05.21 01:35:48.186,1.58315,1.58334,3.75,1.09
2012.05.21 01:35:48.938,1.58316,1.58334,1.95,1.09
2012.05.21 01:35:49.461,1.58317,1.58334,1.50,1.09
2012.05.21 01:35:50.026,1.58318,1.58334,1.20,1.09
2012.05.21 01:35:50.565,1.58318,1.58334,1.95,1.09
2012.05.21 01:35:57.107,1.5832,1.58336,2.25,1.47
2012.05.21 01:35:57.461,1.58325,1.58342,1.84,1.69
2012.05.21 01:35:57.611,1.58327,1.58347,1.50,2.38
2012.05.21 01:35:58.178,1.58327,1.58347,1.88,2.00
2012.05.21 01:35:58.738,1.58327,1.58347,1.88,1.25
2012.05.21 01:35:58.958,1.58327,1.58347,1.50,1.07
2012.05.21 01:35:59.380,1.58334,1.58352,1.88,1.05
2012.05.21 01:35:59.599,1.58337,1.58357,2.25,2.24
2012.05.21 01:35:59.680,1.58339,1.58357,1.50,2.24
2012.05.21 01:35:59.903,1.58339,1.58354,1.50,1.50
2012.05.21 01:35:59.978,1.58339,1.58354,1.50,1.50
2012.05.21 01:36:00.494,1.58339,1.58354,1.50,1.50
2012.05.21 01:36:01.054,1.58339,1.58354,1.50,1.50
2012.05.21 01:36:01.389,1.58339,1.58356,1.50,2.25
2012.05.21 01:36:01.470,1.58339,1.58356,1.50,2.25
2012.05.21 01:36:01.829,1.58338,1.58356,2.43,2.25
2012.05.21 01:36:02.117,1.58336,1.58356,4.50,2.25
2012.05.21 01:36:02.676,1.58341,1.58356,1.50,3.94
2012.05.21 01:36:03.519,1.58341,1.58356,2.25,2.25
2012.05.21 01:36:05.368,1.58341,1.58354,1.80,1.50
2012.05.21 01:36:06.237,1.58341,1.58358,1.80,3.00
2012.05.21 01:36:07.207,1.58343,1.58358,1.50,1.50
2012.05.21 01:36:07.277,1.58343,1.5836,1.50,3.00
2012.05.21 01:36:07.807,1.58343,1.5836,1.50,3.00
2012.05.21 01:36:08.158,1.58343,1.58362,5.25,1.64
2012.05.21 01:36:08.519,1.58348,1.58365,2.25,1.64
2012.05.21 01:36:08.882,1.5835,1.58365,2.25,1.57
2012.05.21 01:36:08.960,1.58351,1.58365,1.80,1.50
2012.05.21 01:36:09.042,1.58351,1.58369,1.80,1.50
2012.05.21 01:36:09.191,1.58351,1.58371,3.30,3.98
2012.05.21 01:36:09.543,1.58354,1.58371,1.50,1.50
2012.05.21 01:36:09.830,1.58354,1.58373,1.50,2.63
2012.05.21 01:36:09.992,1.58354,1.58373,1.50,2.63
2012.05.21 01:36:10.557,1.58354,1.58373,1.50,2.63
2012.05.21 01:36:11.569,1.58357,1.58377,3.38,3.77
2012.05.21 01:36:11.646,1.58362,1.58377,1.50,3.77
2012.05.21 01:36:12.196,1.58361,1.58377,2.55,1.50
2012.05.21 01:36:12.547,1.58361,1.5838,1.80,1.50
2012.05.21 01:36:13.041,1.58361,1.5838,1.80,1.50
2012.05.21 01:36:13.330,1.58367,1.58383,2.25,1.13
2012.05.21 01:36:13.688,1.58368,1.58384,1.88,1.13
2012.05.21 01:36:14.240,1.58369,1.58382,1.50,1.50
2012.05.21 01:36:14.527,1.58371,1.5839,1.80,1.50
2012.05.21 01:36:14.877,1.58371,1.58394,3.30,1.50
2012.05.21 01:36:15.502,1.58371,1.5839,2.55,1.50
2012.05.21 01:36:15.717,1.58372,1.5839,2.25,1.50
2012.05.21 01:36:15.999,1.58372,1.5839,1.50,1.50
2012.05.21 01:36:16.215,1.58371,1.5839,2.74,1.50
2012.05.21 01:36:16.780,1.58373,1.58392,1.50,3.75
2012.05.21 01:36:17.255,1.58375,1.58391,1.80,2.25
2012.05.21 01:36:17.790,1.58376,1.58391,1.65,1.50
2012.05.21 01:36:17.872,1.58376,1.58393,1.65,3.00
2012.05.21 01:36:18.580,1.58377,1.584,2.25,5.05
2012.05.21 01:36:18.800,1.58377,1.58396,3.00,1.13
2012.05.21 01:36:19.019,1.58376,1.58395,2.40,1.50
2012.05.21 01:36:19.654,1.58376,1.58395,1.50,2.63
2012.05.21 01:36:19.866,1.58375,1.58392,1.05,1.50
2012.05.21 01:36:20.149,1.58374,1.58394,2.25,1.50
2012.05.21 01:36:20.718,1.58376,1.58395,2.25,2.33
2012.05.21 01:36:21.010,1.58378,1.58394,1.50,1.50
2012.05.21 01:36:21.297,1.58378,1.58396,1.50,1.95
2012.05.21 01:36:21.569,1.58378,1.58395,1.50,2.33
2012.05.21 01:36:21.787,1.58378,1.58395,1.50,2.33
2012.05.21 01:36:22.066,1.58378,1.58395,1.50,3.83
2012.05.21 01:36:22.624,1.58376,1.58393,1.58,2.25
2012.05.21 01:36:23.407,1.58375,1.58393,1.88,2.25
2012.05.21 01:36:23.897,1.58375,1.58393,1.13,2.25
2012.05.21 01:36:23.967,1.58375,1.58391,1.88,1.50
2012.05.21 01:36:24.108,1.58375,1.58393,1.88,2.25
2012.05.21 01:36:24.316,1.58375,1.58391,1.88,1.50
2012.05.21 01:36:24.526,1.58375,1.58393,1.99,1.50
2012.05.21 01:36:24.951,1.58373,1.58391,1.68,2.15
2012.05.21 01:36:25.306,1.58373,1.58387,1.68,1.20
2012.05.21 01:36:25.519,1.58368,1.58386,1.50,2.90
2012.05.21 01:36:25.762,1.58365,1.58387,2.74,1.30
2012.05.21 01:36:26.470,1.58369,1.58388,1.50,2.61
2012.05.21 01:36:26.996,1.58369,1.58388,1.50,2.61
2012.05.21 01:36:27.896,1.58369,1.58388,1.50,2.42
2012.05.21 01:36:28.407,1.58369,1.58388,1.50,2.42
2012.05.21 01:36:28.925,1.58367,1.58388,1.50,3.17
2012.05.21 01:36:29.492,1.58365,1.58386,1.80,1.13
2012.05.21 01:36:29.567,1.58366,1.58386,1.50,1.13
2012.05.21 01:36:29.919,1.58365,1.58376,1.05,1.50
2012.05.21 01:36:30.138,1.58364,1.58378,1.05,1.50
2012.05.21 01:36:30.347,1.58361,1.58378,3.00,1.50
2012.05.21 01:36:30.418,1.58361,1.58376,3.00,1.50
2012.05.21 01:36:30.916,1.58362,1.58378,2.25,3.00
2012.05.21 01:36:30.988,1.58363,1.58378,2.43,1.50
2012.05.21 01:36:31.212,1.58363,1.5838,3.22,1.50
2012.05.21 01:36:31.288,1.58363,1.58377,2.14,1.50
2012.05.21 01:36:31.647,1.58363,1.58375,1.35,1.50
2012.05.21 01:36:31.928,1.58363,1.58377,2.10,1.50
2012.05.21 01:36:32.349,1.58358,1.58374,2.44,1.50
2012.05.21 01:36:32.637,1.58355,1.58373,1.50,1.50
2012.05.21 01:36:32.780,1.58358,1.58374,3.00,1.88
2012.05.21 01:36:33.086,1.58361,1.58375,2.22,1.88
2012.05.21 01:36:33.441,1.58367,1.58383,1.50,1.50
2012.05.21 01:36:33.518,1.58367,1.58383,1.50,1.50
2012.05.21 01:36:33.597,1.58367,1.58383,1.50,1.50
2012.05.21 01:36:34.157,1.58367,1.58383,1.50,1.50
2012.05.21 01:36:34.231,1.58365,1.5838,2.25,1.50
2012.05.21 01:36:34.657,1.5836,1.58379,3.00,1.50
2012.05.21 01:36:35.220,1.58361,1.5838,1.50,3.75
2012.05.21 01:36:35.438,1.58364,1.58382,1.50,1.50
2012.05.21 01:36:35.587,1.58367,1.58385,1.50,1.69
2012.05.21 01:36:35.808,1.5836,1.58378,3.94,2.25
2012.05.21 01:36:35.948,1.58364,1.58378,1.50,1.50
2012.05.21 01:36:36.030,1.58363,1.5838,1.50,3.75
2012.05.21 01:36:36.248,1.58364,1.58382,1.50,1.88
2012.05.21 01:36:36.817,1.58366,1.58384,2.25,1.88
2012.05.21 01:36:36.889,1.58368,1.58384,1.50,1.88
2012.05.21 01:36:37.521,1.58368,1.58387,2.25,1.67
2012.05.21 01:36:37.596,1.58368,1.58388,2.25,3.74
2012.05.21 01:36:41.689,1.58374,1.58388,1.50,2.42
2012.05.21 01:36:42.049,1.58375,1.58388,1.50,2.42
2012.05.21 01:36:42.200,1.58373,1.58388,1.69,1.50
2012.05.21 01:36:42.279,1.58372,1.58388,2.25,1.50
2012.05.21 01:36:42.499,1.58373,1.58388,2.44,1.50
2012.05.21 01:36:42.580,1.58373,1.58392,2.44,2.25
2012.05.21 01:36:42.658,1.58374,1.58392,1.50,2.25
2012.05.21 01:36:42.797,1.58373,1.58392,1.69,2.25
2012.05.21 01:36:43.077,1.58373,1.58392,1.69,2.25
2012.05.21 01:36:43.217,1.58373,1.58392,1.50,1.50
2012.05.21 01:36:43.755,1.58373,1.5839,1.50,1.50
2012.05.21 01:36:44.178,1.58372,1.58388,2.25,1.50
2012.05.21 01:36:44.398,1.58372,1.5839,2.25,2.25
2012.05.21 01:36:44.758,1.58372,1.58388,1.50,1.50
2012.05.21 01:36:45.120,1.5837,1.58382,1.13,1.50
2012.05.21 01:36:45.269,1.58367,1.58382,1.50,2.25
2012.05.21 01:36:45.557,1.58362,1.58381,3.00,1.13
2012.05.21 01:36:46.115,1.58363,1.58382,1.50,1.50
2012.05.21 01:36:47.782,1.58362,1.5838,2.25,1.50
2012.05.21 01:36:48.207,1.58362,1.58379,1.50,1.50
2012.05.21 01:36:48.543,1.58361,1.58373,1.50,1.50
2012.05.21 01:36:48.828,1.58361,1.58375,1.50,3.00
2012.05.21 01:36:51.229,1.58357,1.58375,3.00,3.75
2012.05.21 01:36:51.310,1.58357,1.58374,1.50,2.25
2012.05.21 01:36:51.389,1.58356,1.58372,1.50,1.50
2012.05.21 01:36:51.468,1.58356,1.5837,1.50,1.50
2012.05.21 01:36:51.899,1.58356,1.58372,1.50,1.50
2012.05.21 01:36:52.187,1.58353,1.58372,1.13,2.25
2012.05.21 01:36:52.259,1.58352,1.58363,1.50,1.50
2012.05.21 01:36:52.405,1.5835,1.58363,1.50,1.50
2012.05.21 01:36:52.968,1.58349,1.58363,1.13,1.50
2012.05.21 01:36:53.539,1.58349,1.58363,1.13,1.50
2012.05.21 01:36:53.616,1.58349,1.58365,1.13,1.50
2012.05.21 01:36:53.759,1.58349,1.58364,1.13,1.88
2012.05.21 01:36:53.840,1.58347,1.58362,1.69,1.50
2012.05.21 01:36:54.081,1.58347,1.58364,1.69,1.50
2012.05.21 01:36:55.115,1.58347,1.58366,1.69,3.00
2012.05.21 01:36:55.674,1.58348,1.58368,3.75,3.17
2012.05.21 01:36:55.961,1.5835,1.58368,4.50,1.67
2012.05.21 01:36:56.183,1.58348,1.58368,2.25,2.42
2012.05.21 01:36:56.329,1.58347,1.58365,1.50,1.50
2012.05.21 01:36:56.689,1.58346,1.58363,1.50,1.50
2012.05.21 01:36:57.118,1.58348,1.58361,1.50,1.50
2012.05.21 01:36:57.618,1.58344,1.58361,1.88,1.50
2012.05.21 01:36:57.690,1.58344,1.58361,1.88,1.50
2012.05.21 01:36:57.916,1.58344,1.58359,1.88,1.50
2012.05.21 01:36:58.165,1.58344,1.58361,1.88,1.50
2012.05.21 01:36:59.099,1.5834,1.58357,2.25,1.50
2012.05.21 01:36:59.665,1.58338,1.58357,1.13,2.40
2012.05.21 01:37:01.211,1.58339,1.58357,1.13,3.04
2012.05.21 01:37:01.706,1.5834,1.58357,1.69,1.97
2012.05.21 01:37:02.256,1.58344,1.58359,1.50,1.65
2012.05.21 01:37:02.805,1.58342,1.58359,2.25,1.65
2012.05.21 01:37:03.037,1.58342,1.5836,1.20,2.25
2012.05.21 01:37:03.178,1.58341,1.58358,3.75,1.50
2012.05.21 01:37:03.456,1.58341,1.58358,3.00,1.50
2012.05.21 01:37:03.958,1.58339,1.58356,1.50,2.25
2012.05.21 01:37:04.242,1.58336,1.58354,3.19,1.88
2012.05.21 01:37:04.805,1.58334,1.58353,2.25,1.50
2012.05.21 01:37:05.361,1.58332,1.58352,2.25,2.25
2012.05.21 01:37:06.306,1.58332,1.58351,2.25,1.13
2012.05.21 01:37:06.654,1.58331,1.58348,3.00,1.50
2012.05.21 01:37:09.551,1.5833,1.58346,2.25,1.50
2012.05.21 01:37:10.056,1.5833,1.58346,2.25,1.50
2012.05.21 01:37:10.406,1.58328,1.58346,3.19,1.50
2012.05.21 01:37:11.566,1.58329,1.58348,2.25,3.00
2012.05.21 01:37:11.916,1.5833,1.5835,3.19,2.25
2012.05.21 01:37:12.735,1.58329,1.58348,1.69,1.50
2012.05.21 01:37:16.648,1.58329,1.58346,1.39,1.50
2012.05.21 01:37:20.006,1.58329,1.58346,1.39,1.50
2012.05.21 01:37:21.668,1.5833,1.58346,1.50,1.50
2012.05.21 01:37:22.927,1.58331,1.5835,2.25,2.25
2012.05.21 01:37:23.486,1.58332,1.58348,1.20,1.50
2012.05.21 01:37:24.044,1.58332,1.58348,1.20,1.50
2012.05.21 01:37:24.457,1.58333,1.58348,1.50,1.50
2012.05.21 01:37:24.885,1.5834,1.58359,1.88,2.42
2012.05.21 01:37:24.960,1.58342,1.58359,1.65,2.42
2012.05.21 01:37:25.108,1.58342,1.58361,3.00,1.67
2012.05.21 01:37:25.316,1.58345,1.58365,1.50,4.11
2012.05.21 01:37:25.457,1.58347,1.58365,1.50,3.19
2012.05.21 01:37:25.807,1.5835,1.58367,1.50,1.65
2012.05.21 01:37:26.158,1.58352,1.58367,3.00,1.65
2012.05.21 01:37:26.307,1.5835,1.58369,3.53,1.50
2012.05.21 01:37:31.791,1.5835,1.58368,3.53,1.50
2012.05.21 01:37:31.865,1.5835,1.58366,1.13,1.50
2012.05.21 01:37:32.007,1.5835,1.58368,1.13,1.50
2012.05.21 01:37:32.564,1.58348,1.58368,1.65,2.25
2012.05.21 01:37:33.406,1.58348,1.58368,2.40,2.25
2012.05.21 01:37:34.415,1.58348,1.58368,2.25,2.25
2012.05.21 01:37:34.557,1.58348,1.58368,2.25,2.25
2012.05.21 01:37:34.630,1.58346,1.58366,1.88,2.25
2012.05.21 01:37:34.708,1.58346,1.58366,2.03,2.25
2012.05.21 01:37:35.269,1.58345,1.58365,1.65,2.25
2012.05.21 01:37:35.452,1.58344,1.58363,1.09,1.50
2012.05.21 01:37:35.875,1.58343,1.58361,1.50,1.50
2012.05.21 01:37:36.450,1.58341,1.5836,3.00,1.50
2012.05.21 01:37:38.417,1.58341,1.5836,1.50,1.50
2012.05.21 01:37:39.054,1.58341,1.58358,1.50,1.50
2012.05.21 01:37:39.126,1.58341,1.5836,1.50,1.50
2012.05.21 01:37:41.760,1.58344,1.5836,1.50,1.50
2012.05.21 01:37:41.838,1.58347,1.58363,1.50,2.25
2012.05.21 01:37:41.975,1.58344,1.58363,3.00,1.50
2012.05.21 01:37:42.256,1.58348,1.58366,1.50,1.50
2012.05.21 01:37:42.638,1.5835,1.58366,1.50,1.50
2012.05.21 01:37:43.467,1.5835,1.58368,1.50,3.17
2012.05.21 01:37:44.146,1.58348,1.58367,1.69,1.67
2012.05.21 01:37:44.705,1.58348,1.58367,1.50,1.67
2012.05.21 01:37:47.066,1.58348,1.58367,1.50,1.67
2012.05.21 01:37:49.444,1.58346,1.58366,2.63,2.25
2012.05.21 01:37:49.885,1.58346,1.58366,2.63,2.25
2012.05.21 01:37:50.423,1.58347,1.58366,1.84,1.50
2012.05.21 01:37:50.963,1.58349,1.58367,1.65,1.67
2012.05.21 01:37:54.178,1.58349,1.58367,1.65,1.67
2012.05.21 01:37:56.568,1.58345,1.58365,2.59,1.65
2012.05.21 01:37:56.836,1.58344,1.58362,2.63,1.50
2012.05.21 01:37:57.575,1.58344,1.58362,2.44,1.50
2012.05.21 01:38:02.259,1.58344,1.58364,3.94,1.50
2012.05.21 01:38:04.818,1.58344,1.58362,1.69,1.50
2012.05.21 01:38:05.119,1.58344,1.58364,3.19,1.50
2012.05.21 01:38:05.605,1.58346,1.58366,1.50,2.25
2012.05.21 01:38:05.746,1.58346,1.58366,1.65,2.25
2012.05.21 01:38:08.361,1.58346,1.58366,1.65,2.25
2012.05.21 01:38:08.507,1.58345,1.58362,1.69,1.50
2012.05.21 01:38:09.314,1.58345,1.58362,1.50,1.50
2012.05.21 01:38:15.702,1.58342,1.58359,4.13,1.88
2012.05.21 01:38:15.916,1.58342,1.58355,2.25,1.69
2012.05.21 01:38:16.280,1.58336,1.58346,1.13,1.50
2012.05.21 01:38:16.361,1.58333,1.58346,1.13,2.25
2012.05.21 01:38:16.444,1.58331,1.58346,1.13,1.50
2012.05.21 01:38:16.517,1.58328,1.58346,1.13,1.50
2012.05.21 01:38:17.087,1.58327,1.58346,2.44,1.50
2012.05.21 01:38:18.007,1.58327,1.58344,2.44,1.50
2012.05.21 01:38:18.076,1.58327,1.58344,2.44,1.50
2012.05.21 01:38:18.636,1.58327,1.58344,2.44,1.50
2012.05.21 01:38:20.356,1.58327,1.58347,3.94,1.50
2012.05.21 01:38:20.757,1.58327,1.58344,2.44,1.50
2012.05.21 01:38:21.203,1.58327,1.58346,3.94,1.50
2012.05.21 01:38:21.753,1.58327,1.58347,4.69,1.50
2012.05.21 01:38:29.040,1.58327,1.58345,2.44,1.50
2012.05.21 01:38:29.585,1.58327,1.58345,1.50,1.50
2012.05.21 01:38:30.105,1.58325,1.58344,2.25,1.50
2012.05.21 01:38:30.445,1.58327,1.58342,2.25,1.50
2012.05.21 01:38:30.718,1.58329,1.58347,1.50,1.67
2012.05.21 01:38:31.297,1.58329,1.58347,1.50,1.67
2012.05.21 01:38:32.319,1.58327,1.58347,3.75,3.17
2012.05.21 01:38:32.844,1.58327,1.58347,1.50,3.92
2012.05.21 01:38:33.877,1.58329,1.58347,1.50,1.67
2012.05.21 01:38:34.228,1.58331,1.58347,1.50,1.67
2012.05.21 01:38:35.165,1.58329,1.58348,3.00,3.17
2012.05.21 01:38:37.529,1.58329,1.58348,2.25,1.67
2012.05.21 01:38:38.083,1.58329,1.58347,2.25,1.67
2012.05.21 01:38:41.865,1.58329,1.58348,2.25,2.42
2012.05.21 01:38:42.469,1.58329,1.58347,1.50,1.67
2012.05.21 01:38:42.550,1.58329,1.58347,1.50,3.92
2012.05.21 01:38:42.627,1.58325,1.58345,2.25,2.25
2012.05.21 01:38:43.325,1.58323,1.58343,3.00,1.50
2012.05.21 01:38:43.826,1.58326,1.58343,1.50,2.07
2012.05.21 01:38:44.389,1.58324,1.58343,2.25,2.82
2012.05.21 01:38:44.750,1.58321,1.5834,2.25,1.50
2012.05.21 01:38:44.828,1.58321,1.58338,1.50,1.50
2012.05.21 01:38:45.180,1.58319,1.58333,2.25,1.50
2012.05.21 01:38:45.468,1.58316,1.58335,1.88,3.00
2012.05.21 01:38:45.539,1.58317,1.58337,2.25,3.92
2012.05.21 01:38:46.738,1.58319,1.58337,1.05,2.42
2012.05.21 01:38:47.510,1.58324,1.58339,1.50,1.67
2012.05.21 01:38:49.491,1.58322,1.58341,3.30,1.67
2012.05.21 01:38:49.569,1.58322,1.58342,3.30,2.63
2012.05.21 01:38:49.924,1.58324,1.58343,1.50,1.50
2012.05.21 01:38:50.475,1.58324,1.58344,2.25,4.17
2012.05.21 01:38:51.261,1.58326,1.58344,1.50,1.69
2012.05.21 01:38:54.624,1.58324,1.58343,2.25,1.50
2012.05.21 01:38:57.322,1.58324,1.58344,2.63,2.25
2012.05.21 01:38:57.680,1.5833,1.58345,1.50,2.25
2012.05.21 01:38:58.037,1.58337,1.58347,1.50,1.13
2012.05.21 01:38:58.250,1.58339,1.58351,1.50,1.20
2012.05.21 01:38:58.328,1.58339,1.58355,1.50,1.69
2012.05.21 01:38:58.617,1.58339,1.58357,1.50,1.50
2012.05.21 01:38:59.182,1.58341,1.58357,1.50,1.50
2012.05.21 01:39:00.659,1.58339,1.58357,1.50,1.50
2012.05.21 01:39:03.536,1.58339,1.58358,1.50,1.50
2012.05.21 01:39:07.359,1.58339,1.58354,1.50,2.25
2012.05.21 01:39:07.511,1.58334,1.58352,1.13,2.25
2012.05.21 01:39:07.658,1.58331,1.58349,3.19,1.50
2012.05.21 01:39:08.216,1.58331,1.58349,1.50,1.50
2012.05.21 01:39:09.458,1.58331,1.58351,3.75,2.25
2012.05.21 01:39:10.016,1.58331,1.58351,4.50,2.25
2012.05.21 01:39:10.357,1.58333,1.58353,1.50,3.94
2012.05.21 01:39:11.886,1.58333,1.58353,1.50,3.94
2012.05.21 01:39:15.974,1.58333,1.58353,1.50,3.94
2012.05.21 01:39:20.449,1.58333,1.58353,2.25,3.94
2012.05.21 01:39:20.598,1.58333,1.58353,2.63,3.00
2012.05.21 01:39:22.076,1.58335,1.58355,2.25,2.25
2012.05.21 01:39:40.525,1.58337,1.58357,1.50,3.17
2012.05.21 01:39:41.169,1.58335,1.58355,3.00,1.50
2012.05.21 01:39:41.786,1.58337,1.58357,1.50,3.17
2012.05.21 01:39:42.789,1.58339,1.58357,1.65,1.67
2012.05.21 01:39:43.148,1.58343,1.58362,1.50,2.63
2012.05.21 01:39:43.498,1.58345,1.58362,1.50,1.50
2012.05.21 01:39:43.852,1.58347,1.58363,1.50,1.69
2012.05.21 01:39:44.418,1.58347,1.58364,1.50,2.44
2012.05.21 01:39:44.557,1.58345,1.58364,1.50,2.44
2012.05.21 01:39:45.117,1.58345,1.58363,1.50,2.44
2012.05.21 01:39:54.249,1.58347,1.58363,1.50,1.69
2012.05.21 01:39:54.566,1.58345,1.58363,1.50,1.50
2012.05.21 01:39:55.708,1.58345,1.58362,1.50,2.25
2012.05.21 01:39:55.847,1.58345,1.5836,1.50,1.50
2012.05.21 01:39:56.059,1.58341,1.5836,1.50,1.50
2012.05.21 01:39:56.577,1.58341,1.5836,1.50,1.50
2012.05.21 01:40:03.000,1.58343,1.5836,1.50,1.50
2012.05.21 01:40:03.358,1.58345,1.58361,1.50,1.50
2012.05.21 01:40:06.765,1.58345,1.58362,1.50,1.50
2012.05.21 01:40:11.247,1.58345,1.58363,1.50,1.50
2012.05.21 01:40:14.240,1.58347,1.58364,1.50,1.69
2012.05.21 01:40:15.164,1.58349,1.58365,1.50,3.75
2012.05.21 01:40:15.351,1.58349,1.58365,1.50,2.25
2012.05.21 01:40:15.919,1.58351,1.58367,1.50,1.67
2012.05.21 01:40:15.988,1.58351,1.58367,1.50,1.67
2012.05.21 01:40:16.338,1.58347,1.58367,2.25,2.42
2012.05.21 01:40:16.617,1.5835,1.58368,1.50,1.67
2012.05.21 01:40:16.967,1.58352,1.58369,1.50,2.42
2012.05.21 01:40:18.578,1.5835,1.58368,1.50,1.67
2012.05.21 01:40:18.928,1.5835,1.58367,1.50,1.67
2012.05.21 01:40:19.348,1.5835,1.58364,1.50,1.50
2012.05.21 01:40:19.702,1.58342,1.58357,1.20,1.50
2012.05.21 01:40:20.068,1.58339,1.58356,1.50,1.50
2012.05.21 01:40:20.277,1.58339,1.58354,1.50,1.50
2012.05.21 01:40:20.969,1.58338,1.58356,1.13,3.00
2012.05.21 01:40:21.458,1.58337,1.58356,1.69,3.38
2012.05.21 01:40:21.529,1.58336,1.58355,2.44,2.25
2012.05.21 01:40:21.890,1.58335,1.58351,1.50,1.50
2012.05.21 01:40:22.461,1.58335,1.58353,1.50,1.50
2012.05.21 01:40:22.996,1.58334,1.58353,1.50,1.50
2012.05.21 01:40:23.639,1.58335,1.58355,3.00,3.00
2012.05.21 01:40:23.720,1.58337,1.58355,1.50,1.50
2012.05.21 01:40:23.799,1.58339,1.58359,2.25,3.36
2012.05.21 01:40:24.508,1.58341,1.58359,1.50,1.11
2012.05.21 01:40:24.649,1.58338,1.58358,2.25,2.42
2012.05.21 01:40:25.218,1.58338,1.58358,2.25,2.42
2012.05.21 01:40:25.354,1.58338,1.58358,2.25,2.42
2012.05.21 01:40:27.408,1.58336,1.58356,1.50,2.25
2012.05.21 01:40:27.618,1.58334,1.58352,1.69,1.50
2012.05.21 01:40:27.966,1.58335,1.58355,3.00,2.25
2012.05.21 01:40:28.111,1.58337,1.58357,2.25,3.55
2012.05.21 01:40:28.675,1.58337,1.58357,2.25,2.80
2012.05.21 01:40:29.210,1.58337,1.58357,2.25,3.55
2012.05.21 01:40:29.754,1.58337,1.58357,2.25,3.17
2012.05.21 01:40:31.066,1.58339,1.58357,2.25,1.67
2012.05.21 01:40:31.488,1.58342,1.58359,1.50,2.42
2012.05.21 01:40:31.837,1.58344,1.5836,1.50,1.67
2012.05.21 01:40:32.327,1.58342,1.5836,3.00,1.67
2012.05.21 01:40:32.887,1.58342,1.5836,1.62,1.67
2012.05.21 01:40:33.717,1.58342,1.5836,2.37,1.67
2012.05.21 01:40:33.925,1.5834,1.58359,2.25,1.50
2012.05.21 01:40:34.346,1.58344,1.58363,2.25,1.69
2012.05.21 01:40:35.196,1.58346,1.58363,1.50,1.69
2012.05.21 01:40:45.290,1.58344,1.58364,3.75,3.94
2012.05.21 01:40:45.857,1.58342,1.58362,2.37,2.25
2012.05.21 01:40:46.416,1.58344,1.58363,2.25,1.69
2012.05.21 01:40:47.840,1.58345,1.58363,1.13,1.69
2012.05.21 01:40:47.991,1.58348,1.58367,1.13,7.07
2012.05.21 01:40:48.246,1.58352,1.58367,1.50,4.82
2012.05.21 01:40:48.598,1.58358,1.5837,1.13,1.88
2012.05.21 01:40:49.294,1.58359,1.58376,1.50,2.25
2012.05.21 01:40:49.828,1.58359,1.58378,1.50,2.44
2012.05.21 01:40:50.333,1.58359,1.58378,1.50,2.63
2012.05.21 01:40:50.408,1.58359,1.58374,1.50,1.50
2012.05.21 01:40:50.551,1.58359,1.58376,1.50,3.00
2012.05.21 01:40:50.769,1.58359,1.58374,1.50,1.50
2012.05.21 01:40:51.618,1.58359,1.58376,1.50,3.00
2012.05.21 01:40:51.884,1.58359,1.58378,1.50,2.44
2012.05.21 01:40:52.576,1.5836,1.5838,2.37,2.25
2012.05.21 01:40:52.784,1.58362,1.58381,1.50,1.50
2012.05.21 01:40:53.299,1.5836,1.58378,3.87,1.13
2012.05.21 01:40:53.380,1.5836,1.58378,2.37,1.13
2012.05.21 01:40:53.986,1.58359,1.58371,1.50,1.50
2012.05.21 01:40:56.888,1.58357,1.58371,1.88,1.50
2012.05.21 01:40:57.028,1.58355,1.58371,1.50,1.50
2012.05.21 01:40:57.382,1.58353,1.5837,2.93,1.50
2012.05.21 01:40:57.459,1.58353,1.5837,2.93,2.25
2012.05.21 01:40:57.817,1.58353,1.58366,1.80,2.25
2012.05.21 01:40:58.172,1.58353,1.58366,2.55,3.00
2012.05.21 01:40:58.529,1.58349,1.58366,1.50,1.69
2012.05.21 01:40:58.705,1.58349,1.58363,2.63,1.13
2012.05.21 01:40:58.789,1.58347,1.58359,1.50,1.50
2012.05.21 01:40:58.938,1.58343,1.58356,1.13,1.50
2012.05.21 01:40:59.289,1.58345,1.5836,1.50,1.50
2012.05.21 01:40:59.648,1.58343,1.5836,2.63,3.17
2012.05.21 01:40:59.861,1.58343,1.5836,3.72,1.50
2012.05.21 01:41:00.430,1.58349,1.58362,1.50,1.13
2012.05.21 01:41:00.511,1.58353,1.58363,2.25,3.00
2012.05.21 01:41:00.728,1.5835,1.58363,2.25,1.13
2012.05.21 01:41:00.939,1.58353,1.58364,2.25,1.13
2012.05.21 01:41:01.091,1.58353,1.58367,2.25,2.21
2012.05.21 01:41:01.240,1.58351,1.58367,1.50,2.17
2012.05.21 01:41:01.321,1.58348,1.58365,2.63,1.69
2012.05.21 01:41:01.683,1.58352,1.58367,2.63,2.21
2012.05.21 01:41:02.040,1.58353,1.58368,2.63,3.00
2012.05.21 01:41:02.400,1.58348,1.58365,1.50,2.44
2012.05.21 01:41:02.482,1.58353,1.58365,2.25,3.19
2012.05.21 01:41:02.709,1.5835,1.58363,2.25,1.50
2012.05.21 01:41:02.791,1.5835,1.58363,2.25,1.50
2012.05.21 01:41:03.016,1.58349,1.58364,1.13,2.25
2012.05.21 01:41:03.161,1.58349,1.58362,1.13,1.50
2012.05.21 01:41:03.240,1.58348,1.58362,2.63,2.25
2012.05.21 01:41:03.558,1.58344,1.58362,2.63,3.00
2012.05.21 01:41:03.629,1.5835,1.58362,1.50,1.50
2012.05.21 01:41:03.782,1.58348,1.58364,1.50,2.44
2012.05.21 01:41:04.276,1.58348,1.58367,2.25,2.31
2012.05.21 01:41:04.628,1.5835,1.58367,1.50,2.12
2012.05.21 01:41:05.321,1.58348,1.58366,2.25,1.50
2012.05.21 01:41:05.916,1.58346,1.58364,1.50,1.50
2012.05.21 01:41:06.337,1.58345,1.58364,1.50,3.00
2012.05.21 01:41:06.896,1.58345,1.58364,1.50,3.00
2012.05.21 01:41:07.617,1.58345,1.58361,1.50,1.50
2012.05.21 01:41:08.682,1.58344,1.58359,1.13,1.50
2012.05.21 01:41:09.377,1.58344,1.58361,1.13,3.00
2012.05.21 01:41:14.867,1.58344,1.58359,1.13,1.50
2012.05.21 01:41:17.931,1.5834,1.58359,1.50,1.50
2012.05.21 01:41:18.012,1.5834,1.58355,2.25,1.50
2012.05.21 01:41:18.373,1.58336,1.5835,2.25,1.50
2012.05.21 01:41:18.449,1.58336,1.5835,1.50,1.50
2012.05.21 01:41:18.883,1.58336,1.58352,3.00,1.50
2012.05.21 01:41:19.223,1.58338,1.58354,2.25,1.50
2012.05.21 01:41:19.441,1.58337,1.58356,3.00,1.50
2012.05.21 01:41:19.659,1.58342,1.58356,1.50,1.95
2012.05.21 01:41:20.161,1.58342,1.58359,2.25,1.50
2012.05.21 01:41:20.523,1.58342,1.5836,2.25,1.73
2012.05.21 01:41:21.087,1.58343,1.58361,1.50,1.95
2012.05.21 01:41:21.934,1.58343,1.58361,1.50,1.95
2012.05.21 01:41:22.488,1.58341,1.58361,2.25,3.45
2012.05.21 01:41:23.332,1.58342,1.58362,3.00,3.45
2012.05.21 01:41:23.537,1.5834,1.5836,4.88,3.00
2012.05.21 01:41:25.677,1.58342,1.58362,3.00,3.45
2012.05.21 01:41:26.236,1.58342,1.58362,3.00,3.45
2012.05.21 01:41:26.925,1.58342,1.58362,3.00,3.45
2012.05.21 01:41:27.476,1.58342,1.58362,3.00,2.70
2012.05.21 01:41:27.797,1.58342,1.58362,2.25,2.70
2012.05.21 01:41:28.334,1.58342,1.58362,2.25,2.70
2012.05.21 01:41:30.653,1.58341,1.5836,1.50,2.25
2012.05.21 01:41:31.444,1.58342,1.58362,3.00,2.70
2012.05.21 01:41:34.446,1.58341,1.5836,1.50,3.00
2012.05.21 01:41:35.017,1.58341,1.58358,1.50,1.50
2012.05.21 01:41:39.068,1.58342,1.5836,1.50,3.00
2012.05.21 01:41:39.494,1.58342,1.58358,1.50,1.50
2012.05.21 01:41:42.284,1.58342,1.5836,1.50,4.50
2012.05.21 01:41:45.078,1.58342,1.5836,1.50,1.50
2012.05.21 01:41:45.693,1.58342,1.5836,1.50,2.25
2012.05.21 01:41:46.246,1.58342,1.58358,1.50,1.50
2012.05.21 01:41:46.886,1.58342,1.5836,1.50,3.00
2012.05.21 01:41:50.161,1.58342,1.5836,1.50,2.25
2012.05.21 01:41:50.663,1.5834,1.5836,3.38,1.50
2012.05.21 01:41:50.880,1.58342,1.5836,1.50,1.50
2012.05.21 01:41:51.027,1.58342,1.5836,1.50,2.25
2012.05.21 01:41:51.235,1.58342,1.5836,1.50,1.50
2012.05.21 01:41:52.018,1.58342,1.58362,3.00,4.20
2012.05.21 01:41:52.565,1.58342,1.5836,1.50,1.50
2012.05.21 01:41:53.727,1.58342,1.5836,1.50,1.50
2012.05.21 01:41:59.598,1.58342,1.58362,3.00,2.89
2012.05.21 01:42:00.587,1.58342,1.5836,1.50,1.50
2012.05.21 01:42:05.747,1.58342,1.58358,1.50,1.50
2012.05.21 01:42:06.408,1.58342,1.5836,1.50,2.25
2012.05.21 01:42:07.573,1.58342,1.58358,1.50,1.50
2012.05.21 01:42:09.968,1.58342,1.58356,1.50,1.50
2012.05.21 01:42:10.776,1.5834,1.58358,1.88,1.50
2012.05.21 01:42:11.337,1.5834,1.58356,1.88,1.50
2012.05.21 01:42:12.981,1.58335,1.58353,2.25,2.44
2012.05.21 01:42:13.059,1.58338,1.58354,1.50,2.07
2012.05.21 01:42:13.206,1.58336,1.58353,1.50,2.44
