2010.06.30 08:00:01.795,1.5051,1.5053,4.90,1.00
2010.06.30 08:00:02.002,1.5051,1.5053,3.70,1.00
2010.06.30 08:00:02.218,1.5051,1.5053,5.40,1.00
2010.06.30 08:00:02.804,1.5051,1.5053,3.50,1.00
2010.06.30 08:00:03.148,1.5051,1.5053,2.70,1.00
2010.06.30 08:00:03.489,1.5051,1.5053,1.70,1.00
2010.06.30 08:00:04.098,1.5051,1.5053,1.00,1.00
2010.06.30 08:00:04.446,1.5051,1.5053,1.00,1.00
2010.06.30 08:00:05.499,1.50505,1.50515,6.10,1.00
2010.06.30 08:00:05.778,1.50495,1.50505,1.00,1.00
2010.06.30 08:00:06.436,1.5049,1.50505,2.90,1.00
2010.06.30 08:00:06.700,1.5049,1.50505,2.50,1.00
2010.06.30 08:00:07.477,1.5049,1.50505,2.90,1.00
2010.06.30 08:00:08.744,1.5049,1.50505,1.00,1.00
2010.06.30 08:00:09.005,1.50485,1.50505,4.40,1.00
2010.06.30 08:00:09.426,1.50485,1.50505,4.00,1.00
2010.06.30 08:00:09.688,1.50485,1.50505,7.20,1.00
2010.06.30 08:00:10.032,1.50485,1.50505,7.60,1.00
2010.06.30 08:00:10.763,1.5049,1.50505,1.00,1.00
2010.06.30 08:00:11.421,1.5049,1.50505,1.40,1.00
2010.06.30 08:00:13.188,1.50495,1.5051,1.00,1.00
2010.06.30 08:00:14.100,1.50505,1.5052,1.00,4.00
2010.06.30 08:00:14.453,1.505,1.5052,5.20,1.00
2010.06.30 08:00:15.151,1.505,1.50515,1.20,1.00
2010.06.30 08:00:15.435,1.505,1.5052,2.00,1.00
2010.06.30 08:00:17.810,1.505,1.50515,1.00,1.00
2010.06.30 08:00:18.822,1.50495,1.50515,1.70,2.40
2010.06.30 08:00:19.355,1.5049,1.5051,3.00,1.00
2010.06.30 08:00:19.703,1.5049,1.50505,1.60,1.00
2010.06.30 08:00:20.171,1.5049,1.50505,1.00,1.00
2010.06.30 08:00:20.526,1.5049,1.5051,1.00,1.00
2010.06.30 08:00:21.448,1.505,1.50515,1.20,1.00
2010.06.30 08:00:21.791,1.505,1.5052,1.20,2.00
2010.06.30 08:00:22.892,1.505,1.5052,1.20,1.20
2010.06.30 08:00:24.325,1.50505,1.50525,1.00,1.60
2010.06.30 08:00:24.609,1.50505,1.50525,1.00,1.00
2010.06.30 08:00:26.076,1.5051,1.5053,1.00,4.80
2010.06.30 08:00:26.256,1.5051,1.5053,1.00,4.00
2010.06.30 08:00:26.604,1.5051,1.5053,1.00,4.80
2010.06.30 08:00:27.735,1.50495,1.5051,1.00,1.00
2010.06.30 08:00:28.082,1.50495,1.50515,1.00,2.80
2010.06.30 08:00:28.250,1.5049,1.50505,8.90,1.00
2010.06.30 08:00:28.418,1.5049,1.50505,3.70,1.00
2010.06.30 08:00:28.863,1.5049,1.50505,2.10,1.00
2010.06.30 08:00:29.195,1.5049,1.50505,1.20,1.00
2010.06.30 08:00:30.359,1.5049,1.5051,1.80,2.80
2010.06.30 08:00:30.859,1.5049,1.5051,2.40,1.00
2010.06.30 08:00:30.974,1.505,1.50515,1.00,4.40
2010.06.30 08:00:31.076,1.505,1.50515,1.00,2.30
2010.06.30 08:00:31.175,1.50505,1.50515,1.00,1.50
2010.06.30 08:00:31.278,1.50505,1.5052,1.00,3.60
2010.06.30 08:00:31.380,1.50505,1.50525,1.00,3.20
2010.06.30 08:00:31.490,1.50505,1.50525,1.00,2.70
2010.06.30 08:00:32.016,1.505,1.5052,1.00,1.00
2010.06.30 08:00:33.029,1.50505,1.50525,1.00,4.60
2010.06.30 08:00:33.368,1.50515,1.5053,1.00,2.40
2010.06.30 08:00:33.706,1.50515,1.50535,1.00,2.80
2010.06.30 08:00:35.386,1.50515,1.50535,1.00,2.00
2010.06.30 08:00:35.634,1.5051,1.50525,1.20,1.00
2010.06.30 08:00:35.881,1.50505,1.50515,1.00,1.00
2010.06.30 08:00:36.573,1.505,1.5051,2.40,1.00
2010.06.30 08:00:36.894,1.50495,1.50515,2.40,2.40
2010.06.30 08:00:37.209,1.50495,1.50515,2.40,1.00
2010.06.30 08:00:37.948,1.50495,1.50515,2.50,1.00
2010.06.30 08:00:40.644,1.50495,1.50515,3.30,1.00
2010.06.30 08:00:41.255,1.505,1.50515,1.00,1.00
2010.06.30 08:00:41.454,1.505,1.5052,2.00,1.00
2010.06.30 08:00:41.835,1.505,1.5052,3.60,1.00
2010.06.30 08:00:42.939,1.505,1.5052,1.60,1.00
2010.06.30 08:00:46.597,1.505,1.50515,1.00,1.00
2010.06.30 08:00:49.303,1.50505,1.5052,1.00,2.00
2010.06.30 08:00:49.595,1.50505,1.50525,1.00,1.00
2010.06.30 08:00:50.881,1.50525,1.5054,1.00,7.60
2010.06.30 08:00:51.232,1.5053,1.50545,1.00,1.20
2010.06.30 08:00:52.238,1.5053,1.50545,1.00,1.00
2010.06.30 08:00:52.381,1.5053,1.5055,1.00,1.20
2010.06.30 08:00:53.638,1.50535,1.5055,1.00,1.00
2010.06.30 08:00:53.983,1.50535,1.50555,1.00,1.60
2010.06.30 08:00:54.806,1.50535,1.50555,1.00,2.00
2010.06.30 08:00:55.376,1.50535,1.50555,1.00,2.80
2010.06.30 08:00:56.360,1.50535,1.50555,1.00,3.00
2010.06.30 08:00:56.507,1.50535,1.50555,1.00,4.00
2010.06.30 08:00:56.855,1.5053,1.50545,1.20,2.80
2010.06.30 08:00:57.200,1.50525,1.50545,4.80,1.00
2010.06.30 08:00:58.361,1.50525,1.50545,4.40,1.20
2010.06.30 08:00:58.920,1.50525,1.50545,5.20,1.00
2010.06.30 08:00:59.269,1.5053,1.5055,1.00,2.40
2010.06.30 08:01:02.677,1.50525,1.50545,4.40,1.00
2010.06.30 08:01:02.980,1.50525,1.5054,3.60,1.00
2010.06.30 08:01:03.148,1.50525,1.5054,3.60,1.20
2010.06.30 08:01:03.311,1.50525,1.5054,3.20,2.00
2010.06.30 08:01:03.804,1.50525,1.50535,3.20,1.00
2010.06.30 08:01:04.156,1.5052,1.5053,1.00,1.00
2010.06.30 08:01:04.503,1.50515,1.5053,1.00,1.20
2010.06.30 08:01:05.192,1.5051,1.5053,1.20,1.20
2010.06.30 08:01:05.495,1.5051,1.5053,4.40,1.20
2010.06.30 08:01:06.099,1.5051,1.5053,4.80,1.20
2010.06.30 08:01:06.620,1.5051,1.5053,3.20,1.20
2010.06.30 08:01:06.960,1.5051,1.5053,1.60,2.00
2010.06.30 08:01:08.435,1.5051,1.5053,2.00,1.00
2010.06.30 08:01:09.794,1.5051,1.5053,2.80,1.00
2010.06.30 08:01:11.406,1.5051,1.5053,2.90,1.00
2010.06.30 08:01:12.216,1.5051,1.50525,2.10,1.00
2010.06.30 08:01:12.416,1.5051,1.50525,1.90,1.00
2010.06.30 08:01:12.615,1.5051,1.50525,2.50,1.00
2010.06.30 08:01:12.818,1.5051,1.5053,3.20,3.00
2010.06.30 08:01:13.016,1.5051,1.5053,1.60,2.80
2010.06.30 08:01:13.436,1.5051,1.5053,1.60,2.00
2010.06.30 08:01:13.649,1.5051,1.5053,1.60,1.20
2010.06.30 08:01:17.516,1.5051,1.5053,1.00,1.20
2010.06.30 08:01:24.309,1.5051,1.5053,1.20,1.20
2010.06.30 08:01:25.550,1.50515,1.5053,1.00,1.00
2010.06.30 08:01:25.830,1.50515,1.5053,2.00,1.00
2010.06.30 08:01:27.261,1.5052,1.5053,1.00,1.00
2010.06.30 08:01:27.903,1.5052,1.50535,1.20,1.20
2010.06.30 08:01:28.176,1.50515,1.50525,8.00,1.00
2010.06.30 08:01:28.431,1.50515,1.50525,1.00,1.00
2010.06.30 08:01:28.989,1.5051,1.50525,3.60,1.00
2010.06.30 08:01:29.243,1.50505,1.50525,3.90,1.00
2010.06.30 08:01:29.575,1.5051,1.50525,1.00,1.00
2010.06.30 08:01:30.333,1.5052,1.50535,3.00,1.00
2010.06.30 08:01:30.683,1.5052,1.50535,2.80,1.00
2010.06.30 08:01:31.997,1.5052,1.50535,2.00,1.30
2010.06.30 08:01:32.288,1.5052,1.50535,2.80,1.00
2010.06.30 08:01:37.055,1.5052,1.50535,5.40,1.00
2010.06.30 08:01:37.299,1.5052,1.5054,6.00,1.00
2010.06.30 08:01:37.541,1.50525,1.50545,1.00,8.70
2010.06.30 08:01:37.784,1.50525,1.50545,1.00,1.20
2010.06.30 08:01:38.354,1.5052,1.50535,13.60,1.00
2010.06.30 08:01:38.683,1.50525,1.50545,4.40,1.20
2010.06.30 08:01:39.007,1.50535,1.5055,1.00,7.20
2010.06.30 08:01:39.430,1.50535,1.5055,1.00,6.40
2010.06.30 08:01:39.787,1.5054,1.50555,3.20,1.00
2010.06.30 08:01:40.137,1.5054,1.50545,3.20,1.00
2010.06.30 08:01:40.743,1.5054,1.50545,1.60,1.00
2010.06.30 08:01:41.024,1.5053,1.50545,1.60,1.00
2010.06.30 08:01:41.652,1.5053,1.5054,1.00,1.00
2010.06.30 08:01:42.006,1.50525,1.5054,1.00,1.00
2010.06.30 08:01:42.771,1.5052,1.5054,4.40,1.00
2010.06.30 08:01:43.608,1.5052,1.50535,5.80,1.00
2010.06.30 08:01:43.847,1.5052,1.50535,4.00,1.00
2010.06.30 08:01:44.502,1.5052,1.50535,1.60,1.20
2010.06.30 08:01:45.537,1.5052,1.50525,1.60,1.00
2010.06.30 08:01:45.839,1.50505,1.5052,2.90,1.00
2010.06.30 08:01:46.328,1.50505,1.5052,1.70,1.00
2010.06.30 08:01:46.481,1.50505,1.50515,1.00,1.00
2010.06.30 08:01:47.295,1.50505,1.50515,1.00,1.00
2010.06.30 08:01:47.637,1.50505,1.5052,1.00,1.00
2010.06.30 08:01:49.445,1.505,1.5052,4.00,1.20
2010.06.30 08:01:52.254,1.505,1.5052,4.20,1.00
2010.06.30 08:01:52.928,1.50515,1.5053,1.00,2.40
2010.06.30 08:01:53.114,1.5051,1.5053,7.20,1.60
2010.06.30 08:01:53.225,1.5051,1.5053,5.60,1.60
2010.06.30 08:01:53.350,1.5051,1.50525,1.00,1.00
2010.06.30 08:01:54.306,1.50505,1.50525,3.60,1.00
2010.06.30 08:01:54.664,1.50505,1.50525,1.00,1.00
2010.06.30 08:01:55.012,1.50505,1.50525,1.00,1.00
2010.06.30 08:01:55.796,1.50505,1.50525,1.00,1.00
2010.06.30 08:01:56.518,1.5051,1.50525,1.20,4.00
2010.06.30 08:01:56.865,1.50505,1.50525,1.20,1.00
2010.06.30 08:01:57.852,1.50505,1.50525,2.00,1.00
2010.06.30 08:02:02.710,1.50505,1.50525,1.80,1.00
2010.06.30 08:02:03.329,1.50505,1.50525,1.00,1.00
2010.06.30 08:02:03.491,1.50505,1.50525,2.00,1.00
2010.06.30 08:02:05.218,1.50505,1.50525,1.00,1.60
2010.06.30 08:02:05.559,1.50505,1.50525,1.60,1.20
2010.06.30 08:02:06.278,1.5051,1.5053,2.00,1.00
2010.06.30 08:02:06.615,1.50515,1.5053,1.00,1.00
2010.06.30 08:02:07.303,1.50515,1.5053,2.00,1.00
2010.06.30 08:02:07.598,1.50515,1.5053,1.20,1.00
2010.06.30 08:02:07.883,1.50515,1.5053,2.00,1.00
2010.06.30 08:02:08.543,1.5052,1.50535,1.60,5.20
2010.06.30 08:02:08.833,1.5051,1.5053,5.40,8.40
2010.06.30 08:02:09.158,1.50515,1.5053,1.00,1.00
2010.06.30 08:02:11.056,1.5052,1.50535,1.60,6.00
2010.06.30 08:02:11.185,1.5052,1.5053,1.00,1.00
2010.06.30 08:02:12.273,1.5052,1.50535,2.00,2.40
2010.06.30 08:02:12.606,1.5052,1.50535,1.00,5.20
2010.06.30 08:02:13.326,1.5052,1.5053,1.00,1.00
2010.06.30 08:02:13.577,1.5051,1.50525,2.40,1.00
2010.06.30 08:02:13.823,1.5051,1.50525,1.60,1.20
2010.06.30 08:02:17.698,1.5051,1.50525,1.60,1.40
2010.06.30 08:02:17.811,1.5051,1.5052,1.60,1.00
2010.06.30 08:02:18.321,1.5051,1.50525,1.60,1.20
2010.06.30 08:02:19.333,1.5051,1.50525,1.60,1.60
2010.06.30 08:02:20.554,1.5051,1.50525,2.40,1.00
2010.06.30 08:02:20.907,1.5051,1.50525,1.00,1.00
2010.06.30 08:02:21.624,1.5051,1.50525,1.00,3.00
2010.06.30 08:02:21.970,1.50505,1.50525,1.60,4.70
2010.06.30 08:02:23.137,1.50505,1.5052,1.00,1.00
2010.06.30 08:02:23.582,1.50505,1.5052,1.00,1.00
2010.06.30 08:02:24.077,1.505,1.5052,4.40,1.20
2010.06.30 08:02:25.229,1.505,1.5052,3.20,1.20
2010.06.30 08:02:27.543,1.505,1.5051,1.60,1.20
2010.06.30 08:02:27.817,1.50485,1.50505,4.40,1.20
2010.06.30 08:02:28.054,1.50485,1.505,2.10,1.00
2010.06.30 08:02:28.472,1.50485,1.505,2.10,1.00
2010.06.30 08:02:28.717,1.5048,1.50495,1.00,1.00
2010.06.30 08:02:28.954,1.5048,1.50495,1.00,1.60
2010.06.30 08:02:29.685,1.50475,1.50495,4.80,2.00
2010.06.30 08:02:31.526,1.50475,1.50495,4.80,1.20
2010.06.30 08:02:34.956,1.50475,1.50495,4.80,2.00
2010.06.30 08:02:38.499,1.50475,1.50495,4.60,2.00
2010.06.30 08:02:39.286,1.5047,1.50485,1.00,1.00
2010.06.30 08:02:39.781,1.5047,1.50485,3.00,1.00
2010.06.30 08:02:40.135,1.50465,1.50485,1.70,1.00
2010.06.30 08:02:41.189,1.50465,1.50485,2.50,1.00
2010.06.30 08:02:41.534,1.5048,1.505,1.20,5.20
2010.06.30 08:02:41.869,1.5048,1.505,1.20,1.20
2010.06.30 08:02:42.594,1.5048,1.505,1.20,1.00
2010.06.30 08:02:44.347,1.5048,1.505,1.20,1.60
2010.06.30 08:02:45.029,1.5048,1.505,1.00,2.80
2010.06.30 08:02:46.078,1.5048,1.505,1.00,1.60
2010.06.30 08:02:47.743,1.5048,1.505,1.20,1.00
2010.06.30 08:02:48.553,1.5048,1.505,1.00,1.20
2010.06.30 08:02:48.902,1.50475,1.50495,5.70,1.00
2010.06.30 08:02:49.256,1.5048,1.505,1.00,3.80
2010.06.30 08:02:49.752,1.5048,1.505,1.00,2.20
2010.06.30 08:02:50.066,1.5049,1.50505,1.00,7.60
2010.06.30 08:02:50.392,1.5049,1.5051,1.00,5.20
2010.06.30 08:02:50.806,1.5049,1.5051,1.00,3.00
2010.06.30 08:02:51.125,1.50495,1.50515,1.00,1.60
2010.06.30 08:02:52.655,1.50495,1.50515,1.00,1.80
2010.06.30 08:02:53.315,1.50495,1.50515,1.00,3.60
2010.06.30 08:02:53.547,1.50485,1.50505,1.00,1.20
2010.06.30 08:02:54.152,1.50485,1.50505,1.00,2.00
2010.06.30 08:02:57.495,1.50485,1.50505,1.00,1.20
2010.06.30 08:02:58.640,1.5049,1.50505,1.00,1.00
2010.06.30 08:02:59.446,1.50485,1.50505,1.60,2.00
2010.06.30 08:03:00.865,1.50485,1.50505,1.60,1.20
2010.06.30 08:03:01.134,1.50485,1.50505,1.60,2.00
2010.06.30 08:03:01.757,1.50485,1.50505,1.60,1.80
2010.06.30 08:03:02.011,1.50485,1.50505,1.60,1.00
2010.06.30 08:03:02.709,1.50485,1.50505,4.00,1.00
2010.06.30 08:03:03.447,1.505,1.5052,1.20,2.80
2010.06.30 08:03:03.673,1.505,1.5051,1.00,1.00
2010.06.30 08:03:04.498,1.50485,1.505,1.60,1.00
2010.06.30 08:03:04.846,1.50485,1.505,1.00,1.00
2010.06.30 08:03:05.587,1.5048,1.505,3.80,1.00
2010.06.30 08:03:06.429,1.5048,1.505,2.80,1.00
2010.06.30 08:03:07.508,1.5048,1.505,3.20,1.00
2010.06.30 08:03:13.497,1.5048,1.505,3.60,1.00
2010.06.30 08:03:13.681,1.50485,1.505,1.00,1.00
2010.06.30 08:03:14.193,1.5048,1.505,3.60,1.00
2010.06.30 08:03:14.544,1.5048,1.505,4.40,1.00
2010.06.30 08:03:15.179,1.5048,1.505,4.00,1.00
2010.06.30 08:03:16.198,1.5048,1.505,3.60,1.00
2010.06.30 08:03:16.987,1.5048,1.505,3.20,1.00
2010.06.30 08:03:18.334,1.5048,1.505,2.80,1.00
2010.06.30 08:03:18.613,1.50485,1.50505,1.00,3.00
2010.06.30 08:03:18.891,1.5049,1.5051,1.00,6.20
2010.06.30 08:03:19.287,1.5049,1.5051,1.00,6.30
2010.06.30 08:03:19.575,1.50485,1.50505,1.20,1.00
2010.06.30 08:03:20.778,1.5049,1.50505,1.00,1.00
2010.06.30 08:03:20.907,1.5049,1.5051,1.00,6.00
2010.06.30 08:03:21.041,1.5049,1.5051,1.20,4.80
2010.06.30 08:03:21.167,1.505,1.5051,1.00,2.40
2010.06.30 08:03:21.685,1.50495,1.50515,2.00,1.00
2010.06.30 08:03:22.034,1.50495,1.50515,1.00,1.00
2010.06.30 08:03:23.133,1.5049,1.505,1.00,1.00
2010.06.30 08:03:23.481,1.50485,1.505,1.00,1.00
2010.06.30 08:03:23.885,1.5048,1.505,4.80,1.00
2010.06.30 08:03:24.180,1.5048,1.505,2.00,1.00
2010.06.30 08:03:24.739,1.5048,1.505,2.00,1.00
2010.06.30 08:03:28.571,1.5048,1.505,2.00,1.00
2010.06.30 08:03:28.900,1.5048,1.505,2.40,1.00
2010.06.30 08:03:29.228,1.5048,1.505,2.00,1.00
2010.06.30 08:03:30.029,1.5048,1.505,1.80,1.00
2010.06.30 08:03:30.365,1.5048,1.505,1.60,1.00
2010.06.30 08:03:32.967,1.5048,1.505,1.80,1.00
2010.06.30 08:03:33.205,1.5048,1.505,2.40,2.40
2010.06.30 08:03:35.575,1.50485,1.50495,1.00,1.00
2010.06.30 08:03:35.775,1.5048,1.505,2.20,3.20
2010.06.30 08:03:35.976,1.5048,1.505,2.80,2.40
2010.06.30 08:03:36.545,1.5048,1.505,1.60,2.40
2010.06.30 08:03:38.289,1.5048,1.505,1.80,2.40
2010.06.30 08:03:39.901,1.5048,1.505,1.60,2.40
2010.06.30 08:03:40.610,1.5048,1.505,1.20,2.40
2010.06.30 08:03:40.878,1.5048,1.505,1.20,2.40
2010.06.30 08:03:42.431,1.5048,1.505,1.20,2.40
2010.06.30 08:03:42.679,1.5048,1.505,2.00,2.40
2010.06.30 08:03:43.562,1.5048,1.505,1.20,2.40
2010.06.30 08:03:44.678,1.5048,1.505,1.00,2.40
2010.06.30 08:03:45.096,1.5048,1.505,1.00,2.40
2010.06.30 08:03:45.925,1.5048,1.505,1.00,2.40
2010.06.30 08:03:46.452,1.5048,1.505,1.20,2.40
2010.06.30 08:03:47.117,1.5048,1.505,1.60,2.40
2010.06.30 08:03:51.146,1.50475,1.50495,3.30,1.00
2010.06.30 08:03:51.381,1.50475,1.5049,1.00,1.00
2010.06.30 08:03:51.611,1.5047,1.5049,6.50,2.40
2010.06.30 08:03:52.269,1.5047,1.5049,2.90,2.40
2010.06.30 08:03:54.638,1.5047,1.5049,2.80,2.40
2010.06.30 08:03:57.274,1.5047,1.5049,2.90,2.40
2010.06.30 08:03:57.539,1.5047,1.5049,2.80,2.40
2010.06.30 08:04:00.723,1.5047,1.5049,1.60,2.40
2010.06.30 08:04:01.793,1.5047,1.5049,1.70,2.40
2010.06.30 08:04:03.171,1.5047,1.5049,1.60,2.40
2010.06.30 08:04:03.652,1.5047,1.5049,1.70,2.40
2010.06.30 08:04:08.429,1.5048,1.5049,1.00,1.60
2010.06.30 08:04:08.578,1.5048,1.50495,1.00,2.80
2010.06.30 08:04:09.104,1.5048,1.505,1.40,3.60
2010.06.30 08:04:09.265,1.50485,1.50505,1.00,2.00
2010.06.30 08:04:09.614,1.50485,1.50505,1.00,1.80
2010.06.30 08:04:10.309,1.50485,1.50505,1.00,1.00
2010.06.30 08:04:11.547,1.50485,1.50505,1.00,1.00
2010.06.30 08:04:12.216,1.50485,1.50505,1.60,1.00
2010.06.30 08:04:12.500,1.5048,1.505,7.40,1.00
2010.06.30 08:04:13.363,1.50485,1.505,1.00,1.00
2010.06.30 08:04:13.611,1.5049,1.5051,1.00,6.00
2010.06.30 08:04:13.872,1.5049,1.5051,1.20,6.00
2010.06.30 08:04:14.772,1.5049,1.5051,1.20,5.20
2010.06.30 08:04:15.470,1.50495,1.5051,1.00,2.00
2010.06.30 08:04:16.180,1.50495,1.50515,1.00,1.60
2010.06.30 08:04:16.452,1.505,1.50515,1.60,1.00
2010.06.30 08:04:16.719,1.50505,1.50515,1.00,1.00
2010.06.30 08:04:16.978,1.50505,1.5052,1.20,1.00
2010.06.30 08:04:17.189,1.50505,1.5052,1.00,2.00
2010.06.30 08:04:18.837,1.50505,1.5052,1.00,1.80
2010.06.30 08:04:19.042,1.50505,1.50525,1.00,2.00
2010.06.30 08:04:20.339,1.50515,1.50525,1.00,1.00
2010.06.30 08:04:20.503,1.5051,1.50525,1.20,1.00
2010.06.30 08:04:20.666,1.5051,1.50525,1.00,1.00
2010.06.30 08:04:20.825,1.50505,1.50525,1.60,1.00
2010.06.30 08:04:22.035,1.50505,1.50525,1.00,1.00
2010.06.30 08:04:24.317,1.50505,1.50525,1.00,1.20
2010.06.30 08:04:25.526,1.505,1.5052,2.80,1.00
2010.06.30 08:04:25.927,1.505,1.5052,2.40,1.00
2010.06.30 08:04:26.255,1.505,1.5052,1.60,1.20
2010.06.30 08:04:26.593,1.505,1.50515,1.00,1.00
2010.06.30 08:04:27.588,1.50515,1.50525,1.00,3.20
2010.06.30 08:04:28.311,1.5051,1.5052,2.00,1.00
2010.06.30 08:04:28.525,1.50505,1.50525,1.60,1.00
2010.06.30 08:04:29.648,1.5051,1.5053,1.00,1.00
2010.06.30 08:04:29.989,1.5051,1.5053,1.00,2.80
2010.06.30 08:04:34.395,1.5051,1.5053,1.00,2.60
2010.06.30 08:04:34.652,1.5051,1.5053,1.20,2.40
2010.06.30 08:04:35.812,1.5051,1.5053,1.20,2.60
2010.06.30 08:04:36.161,1.5051,1.5053,2.00,2.80
2010.06.30 08:04:36.419,1.5051,1.5053,2.80,2.80
2010.06.30 08:04:36.666,1.5051,1.5053,3.60,2.80
2010.06.30 08:04:37.468,1.5051,1.5053,2.80,2.80
2010.06.30 08:04:38.826,1.5051,1.5053,2.00,2.80
2010.06.30 08:04:40.886,1.5051,1.5053,2.00,2.60
2010.06.30 08:04:41.635,1.5052,1.50535,1.00,2.70
2010.06.30 08:04:42.291,1.5052,1.5054,1.60,3.90
2010.06.30 08:04:42.565,1.5052,1.5054,1.60,3.20
2010.06.30 08:04:43.188,1.5052,1.5054,1.00,3.20
2010.06.30 08:04:48.677,1.5052,1.5054,1.00,5.20
2010.06.30 08:04:49.423,1.5052,1.5054,1.20,1.00
2010.06.30 08:04:49.774,1.5052,1.5054,1.60,1.00
2010.06.30 08:04:50.744,1.50515,1.50535,2.50,1.00
2010.06.30 08:04:51.155,1.50515,1.50535,2.10,1.00
2010.06.30 08:04:51.787,1.50515,1.50535,1.00,1.00
2010.06.30 08:04:52.101,1.5051,1.5053,6.40,1.00
2010.06.30 08:04:52.422,1.5052,1.5054,1.00,2.00
2010.06.30 08:05:04.617,1.50515,1.50535,1.60,2.40
2010.06.30 08:05:04.742,1.50515,1.50535,1.00,3.20
2010.06.30 08:05:05.201,1.50515,1.50535,1.00,4.00
2010.06.30 08:05:06.176,1.5051,1.5053,7.70,1.00
2010.06.30 08:05:06.370,1.5051,1.5053,7.60,1.00
2010.06.30 08:05:06.928,1.5051,1.50525,1.60,1.00
2010.06.30 08:05:07.124,1.50505,1.50525,4.80,2.40
2010.06.30 08:05:07.474,1.5051,1.5053,1.00,7.10
2010.06.30 08:05:08.281,1.5051,1.5053,1.00,4.40
2010.06.30 08:05:09.595,1.5051,1.5053,1.20,3.20
2010.06.30 08:05:09.884,1.50515,1.5053,1.00,1.60
2010.06.30 08:05:10.554,1.5051,1.5053,2.00,1.00
2010.06.30 08:05:11.614,1.50515,1.50535,1.20,1.20
2010.06.30 08:05:11.960,1.50515,1.5053,1.00,1.00
2010.06.30 08:05:13.005,1.50515,1.50535,1.20,1.20
2010.06.30 08:05:13.216,1.5052,1.50535,1.00,1.20
2010.06.30 08:05:13.426,1.5052,1.50535,1.00,1.00
2010.06.30 08:05:13.836,1.5052,1.50535,1.00,1.00
2010.06.30 08:05:14.189,1.5052,1.5054,2.00,1.00
2010.06.30 08:05:15.258,1.5053,1.5055,1.20,7.10
2010.06.30 08:05:15.607,1.5053,1.5055,1.20,4.00
2010.06.30 08:05:16.376,1.5053,1.5055,1.20,3.50
2010.06.30 08:05:18.040,1.5054,1.5055,1.00,3.50
2010.06.30 08:05:18.456,1.5054,1.5055,1.00,2.70
2010.06.30 08:05:18.740,1.50525,1.50545,4.10,1.00
2010.06.30 08:05:19.015,1.50525,1.50535,1.00,1.00
2010.06.30 08:05:19.290,1.5052,1.50535,1.00,1.00
2010.06.30 08:05:20.897,1.50515,1.50535,2.40,1.00
2010.06.30 08:05:22.061,1.50515,1.5053,1.60,1.00
2010.06.30 08:05:22.319,1.5051,1.5053,4.00,1.00
2010.06.30 08:05:22.581,1.5051,1.5053,2.60,1.00
2010.06.30 08:05:23.164,1.5051,1.5053,1.00,1.00
2010.06.30 08:05:23.337,1.5051,1.5053,1.00,1.20
2010.06.30 08:05:24.304,1.50505,1.50525,4.40,1.00
2010.06.30 08:05:24.569,1.50505,1.50525,1.60,1.00
2010.06.30 08:05:25.570,1.50505,1.50525,2.00,1.00
2010.06.30 08:05:26.265,1.50505,1.50525,1.60,1.00
2010.06.30 08:05:29.867,1.50505,1.50525,1.00,1.00
2010.06.30 08:05:33.180,1.5051,1.5053,1.00,9.50
2010.06.30 08:05:33.508,1.5051,1.50525,1.00,1.00
2010.06.30 08:05:33.975,1.5051,1.50525,1.00,1.60
2010.06.30 08:05:34.296,1.505,1.5052,2.00,1.00
2010.06.30 08:05:36.417,1.505,1.5052,2.00,1.00
2010.06.30 08:05:36.756,1.505,1.5052,2.80,1.00
2010.06.30 08:05:37.098,1.50505,1.50525,1.00,4.40
2010.06.30 08:05:37.642,1.5051,1.50525,1.00,1.20
2010.06.30 08:05:37.765,1.5051,1.50525,1.60,1.00
2010.06.30 08:05:38.988,1.5051,1.50525,2.00,1.20
2010.06.30 08:05:39.257,1.5051,1.50515,1.00,1.00
2010.06.30 08:05:39.527,1.50505,1.50515,1.00,1.00
2010.06.30 08:05:40.178,1.505,1.5052,1.00,6.70
2010.06.30 08:05:41.278,1.5049,1.505,1.00,2.40
2010.06.30 08:05:41.517,1.50485,1.50495,1.00,1.00
2010.06.30 08:05:41.753,1.50485,1.50495,1.00,1.50
2010.06.30 08:05:42.276,1.50475,1.5049,1.70,1.00
2010.06.30 08:05:42.632,1.50475,1.5049,1.00,1.00
2010.06.30 08:05:43.636,1.5047,1.5049,4.90,1.00
2010.06.30 08:05:46.750,1.5047,1.5049,2.20,1.00
2010.06.30 08:05:46.964,1.5047,1.5049,1.40,1.60
2010.06.30 08:05:47.476,1.5047,1.5049,1.00,3.20
2010.06.30 08:05:47.820,1.5047,1.5049,1.00,1.60
2010.06.30 08:05:48.169,1.5047,1.5049,1.00,1.00
2010.06.30 08:05:48.902,1.5047,1.5049,2.00,1.00
2010.06.30 08:05:49.167,1.5047,1.5049,1.20,1.00
2010.06.30 08:05:49.426,1.5047,1.5049,1.00,1.00
2010.06.30 08:05:50.656,1.5048,1.50495,1.00,1.50
2010.06.30 08:05:50.766,1.5048,1.50495,1.00,1.00
2010.06.30 08:05:51.236,1.50475,1.50485,2.00,1.00
2010.06.30 08:05:51.355,1.5048,1.5049,1.00,1.00
2010.06.30 08:05:51.459,1.50485,1.50495,1.00,2.40
2010.06.30 08:05:51.560,1.50485,1.50495,1.00,2.00
2010.06.30 08:05:52.054,1.5049,1.505,1.00,1.10
2010.06.30 08:05:52.411,1.5049,1.5051,1.00,3.20
2010.06.30 08:05:53.099,1.5049,1.5051,1.00,1.60
2010.06.30 08:05:53.897,1.50485,1.505,1.20,1.00
2010.06.30 08:05:54.543,1.5048,1.505,2.40,1.00
2010.06.30 08:05:54.892,1.5048,1.505,2.80,1.00
2010.06.30 08:05:55.623,1.5048,1.505,2.90,1.00
2010.06.30 08:05:55.972,1.5048,1.505,1.70,1.00
2010.06.30 08:05:56.643,1.5048,1.505,1.00,1.10
2010.06.30 08:05:56.964,1.5048,1.505,1.10,1.00
2010.06.30 08:05:57.915,1.5048,1.505,1.30,1.00
2010.06.30 08:05:59.868,1.5048,1.505,1.00,1.10
2010.06.30 08:06:01.670,1.5048,1.505,1.10,1.10
2010.06.30 08:06:01.830,1.5048,1.505,1.90,1.10
2010.06.30 08:06:02.270,1.5048,1.505,2.10,1.00
2010.06.30 08:06:02.624,1.5048,1.505,1.30,1.00
2010.06.30 08:06:02.972,1.5048,1.505,1.00,1.00
2010.06.30 08:06:04.051,1.5048,1.505,1.00,2.40
2010.06.30 08:06:06.186,1.5048,1.505,1.30,2.40
2010.06.30 08:06:08.101,1.5048,1.505,1.00,2.40
2010.06.30 08:06:09.677,1.5048,1.505,1.30,2.40
2010.06.30 08:06:10.807,1.5048,1.505,1.30,1.00
2010.06.30 08:06:12.123,1.50485,1.505,1.00,1.00
2010.06.30 08:06:12.462,1.5049,1.505,1.00,1.00
2010.06.30 08:06:13.979,1.5049,1.50505,1.60,6.20
2010.06.30 08:06:14.240,1.50495,1.50505,1.00,1.00
2010.06.30 08:06:14.592,1.5049,1.505,1.00,1.00
2010.06.30 08:06:15.246,1.50485,1.505,2.40,1.60
2010.06.30 08:06:16.136,1.50485,1.505,2.40,1.00
2010.06.30 08:06:17.177,1.50485,1.505,2.40,1.10
2010.06.30 08:06:17.943,1.50485,1.505,3.20,1.00
2010.06.30 08:06:18.297,1.5049,1.50505,3.20,1.00
2010.06.30 08:06:18.646,1.50495,1.5051,1.60,1.00
2010.06.30 08:06:23.817,1.505,1.50515,1.00,2.40
2010.06.30 08:06:23.943,1.50495,1.50515,3.60,1.20
2010.06.30 08:06:24.355,1.50495,1.50515,3.60,1.00
2010.06.30 08:06:24.677,1.505,1.50515,2.40,1.20
2010.06.30 08:06:24.996,1.505,1.5051,1.00,1.00
2010.06.30 08:06:26.106,1.50495,1.50505,1.20,1.00
2010.06.30 08:06:26.453,1.50495,1.5051,1.20,1.20
2010.06.30 08:06:27.094,1.50495,1.5051,1.20,1.00
2010.06.30 08:06:29.193,1.505,1.5051,1.00,1.00
2010.06.30 08:06:29.876,1.505,1.5052,2.40,1.90
2010.06.30 08:06:40.760,1.505,1.5052,2.80,1.00
2010.06.30 08:06:40.983,1.50505,1.50525,2.40,9.90
2010.06.30 08:06:41.197,1.50505,1.50525,2.40,10.10
2010.06.30 08:06:41.418,1.50505,1.50525,2.40,8.70
2010.06.30 08:06:42.392,1.50505,1.50525,2.40,6.70
2010.06.30 08:06:42.745,1.50505,1.50525,2.40,7.50
2010.06.30 08:06:42.987,1.50505,1.50525,2.40,6.70
2010.06.30 08:06:43.655,1.50505,1.50525,2.40,7.50
2010.06.30 08:06:46.198,1.50505,1.50525,2.40,7.10
2010.06.30 08:06:46.463,1.50505,1.50525,2.40,6.30
2010.06.30 08:06:48.884,1.5051,1.50525,1.00,6.30
2010.06.30 08:06:49.038,1.5052,1.50525,1.00,5.50
2010.06.30 08:06:49.198,1.5052,1.50525,1.00,3.10
2010.06.30 08:06:49.356,1.50515,1.5053,1.00,5.50
2010.06.30 08:06:49.896,1.50515,1.50535,1.00,1.00
2010.06.30 08:06:50.165,1.50515,1.50535,2.40,1.00
2010.06.30 08:06:54.360,1.50515,1.50535,2.40,2.60
2010.06.30 08:06:54.648,1.50515,1.50535,2.40,2.80
2010.06.30 08:06:55.687,1.50515,1.50525,1.60,1.00
2010.06.30 08:06:56.037,1.5051,1.5053,1.60,1.90
2010.06.30 08:06:57.899,1.5051,1.5053,1.60,2.00
2010.06.30 08:06:58.218,1.5051,1.50525,1.00,1.00
2010.06.30 08:07:02.937,1.5051,1.50525,1.00,1.00
2010.06.30 08:07:08.909,1.5051,1.5053,2.60,1.90
2010.06.30 08:07:09.859,1.5051,1.5053,2.60,2.40
2010.06.30 08:07:10.116,1.5051,1.50525,1.00,1.00
2010.06.30 08:07:12.448,1.5051,1.5053,1.80,2.80
2010.06.30 08:07:12.997,1.5051,1.5053,1.80,2.30
2010.06.30 08:07:13.338,1.5051,1.5053,1.80,1.90
2010.06.30 08:07:17.100,1.5051,1.5053,2.20,1.90
2010.06.30 08:07:17.367,1.5051,1.5053,1.80,1.90
2010.06.30 08:07:17.638,1.5051,1.5053,3.00,1.90
2010.06.30 08:07:20.968,1.5051,1.5053,2.60,1.90
2010.06.30 08:07:21.385,1.5051,1.5053,3.00,1.90
2010.06.30 08:07:23.762,1.5051,1.50525,2.20,1.00
2010.06.30 08:07:23.896,1.50515,1.50535,1.00,2.00
2010.06.30 08:07:24.029,1.5051,1.5053,9.40,1.00
2010.06.30 08:07:24.161,1.5051,1.5053,4.60,1.00
2010.06.30 08:07:24.666,1.5051,1.5053,3.00,1.00
2010.06.30 08:07:24.804,1.5051,1.5053,2.60,1.60
2010.06.30 08:07:25.491,1.5051,1.5053,1.80,1.60
2010.06.30 08:07:25.837,1.5051,1.5053,1.80,1.90
2010.06.30 08:07:29.641,1.5051,1.5053,2.60,1.90
2010.06.30 08:07:41.000,1.5051,1.5053,3.00,1.90
2010.06.30 08:07:46.127,1.50525,1.50535,1.00,1.10
2010.06.30 08:07:46.886,1.50525,1.5054,1.60,1.00
2010.06.30 08:07:47.088,1.5053,1.5055,2.40,1.60
2010.06.30 08:07:47.279,1.50535,1.5055,1.00,1.00
2010.06.30 08:07:49.724,1.50535,1.5055,1.60,1.00
2010.06.30 08:07:54.738,1.5054,1.50555,1.20,3.90
2010.06.30 08:07:55.082,1.5054,1.50555,1.00,1.20
2010.06.30 08:07:55.563,1.50535,1.50555,8.00,1.20
2010.06.30 08:07:55.774,1.50535,1.50555,2.80,1.20
2010.06.30 08:07:58.986,1.50535,1.50555,3.60,1.20
2010.06.30 08:07:59.556,1.5054,1.50555,1.60,1.20
2010.06.30 08:08:04.395,1.50535,1.5055,1.00,1.40
2010.06.30 08:08:04.534,1.50535,1.5055,1.00,3.60
2010.06.30 08:08:05.007,1.50535,1.50545,1.00,1.00
2010.06.30 08:08:05.150,1.5053,1.50545,1.00,1.20
2010.06.30 08:08:05.281,1.50525,1.5054,2.40,1.00
2010.06.30 08:08:06.027,1.5052,1.5054,1.20,1.00
2010.06.30 08:08:06.367,1.5052,1.5054,1.00,1.00
2010.06.30 08:08:09.890,1.50525,1.5054,1.00,1.00
2010.06.30 08:08:10.916,1.5052,1.5054,1.00,1.00
2010.06.30 08:08:12.357,1.5052,1.5054,2.40,1.00
2010.06.30 08:08:13.900,1.5052,1.5054,3.20,1.00
2010.06.30 08:08:14.188,1.5052,1.5054,2.40,1.00
2010.06.30 08:08:15.312,1.5052,1.5054,2.40,1.60
2010.06.30 08:08:15.662,1.5052,1.5054,1.00,1.60
2010.06.30 08:08:15.866,1.5052,1.5054,1.00,1.90
2010.06.30 08:08:18.369,1.5052,1.5054,1.00,1.00
2010.06.30 08:08:19.879,1.5052,1.5054,1.60,1.00
2010.06.30 08:08:21.782,1.5052,1.5054,1.00,1.00
2010.06.30 08:08:21.898,1.50515,1.5053,1.00,1.00
2010.06.30 08:08:22.011,1.5051,1.5053,5.20,1.00
2010.06.30 08:08:22.479,1.5051,1.5053,1.00,1.00
2010.06.30 08:08:22.828,1.5051,1.5053,1.00,1.60
2010.06.30 08:08:24.032,1.5051,1.5053,1.00,1.00
2010.06.30 08:08:25.680,1.5051,1.5053,1.60,1.00
2010.06.30 08:08:28.849,1.50525,1.50535,1.00,1.00
2010.06.30 08:08:29.007,1.50525,1.5054,1.00,1.00
2010.06.30 08:08:29.832,1.50525,1.50545,1.00,7.20
2010.06.30 08:08:30.176,1.50525,1.50545,1.00,4.00
2010.06.30 08:08:30.521,1.50525,1.50545,1.00,4.10
2010.06.30 08:08:31.599,1.50525,1.50545,1.00,6.50
2010.06.30 08:08:31.848,1.50525,1.50545,1.00,7.20
2010.06.30 08:08:32.188,1.50525,1.50545,1.00,7.00
2010.06.30 08:08:32.527,1.50525,1.50545,1.00,7.50
2010.06.30 08:08:33.197,1.50525,1.50545,1.00,7.60
2010.06.30 08:08:33.749,1.5052,1.50535,1.00,1.00
2010.06.30 08:08:34.056,1.50515,1.50535,3.20,1.00
2010.06.30 08:08:34.521,1.50515,1.50535,8.00,1.00
2010.06.30 08:08:34.876,1.50525,1.5054,1.00,1.00
2010.06.30 08:08:35.218,1.50525,1.50545,1.00,5.60
2010.06.30 08:08:36.577,1.50525,1.50545,1.00,2.40
2010.06.30 08:08:37.111,1.50525,1.50545,1.00,1.60
2010.06.30 08:08:37.507,1.50525,1.50545,1.00,4.60
2010.06.30 08:08:39.848,1.50525,1.50545,1.00,5.40
2010.06.30 08:08:40.199,1.50525,1.50545,1.00,5.80
2010.06.30 08:08:40.378,1.50525,1.50545,1.00,5.90
2010.06.30 08:08:41.131,1.50525,1.50545,1.00,5.80
2010.06.30 08:08:42.265,1.50525,1.50545,1.00,6.00
2010.06.30 08:08:42.499,1.50515,1.50535,6.50,1.00
2010.06.30 08:08:42.846,1.50515,1.50535,2.40,1.00
2010.06.30 08:08:43.422,1.50525,1.5054,1.00,11.60
2010.06.30 08:08:43.765,1.50525,1.50545,1.00,4.80
2010.06.30 08:08:44.070,1.50525,1.50545,1.00,1.60
2010.06.30 08:08:45.107,1.5052,1.5054,1.00,1.00
2010.06.30 08:08:51.002,1.5052,1.5054,2.40,1.00
2010.06.30 08:08:51.243,1.5052,1.5054,3.60,1.00
2010.06.30 08:08:55.181,1.50525,1.50545,1.00,2.80
2010.06.30 08:08:55.461,1.50525,1.50545,1.00,2.30
2010.06.30 08:08:55.741,1.5053,1.50545,1.00,1.10
2010.06.30 08:08:56.020,1.5053,1.5055,1.00,2.40
2010.06.30 08:09:04.002,1.5053,1.5055,1.00,1.00
2010.06.30 08:09:04.076,1.5053,1.5055,2.40,1.00
2010.06.30 08:09:04.117,1.5053,1.5055,3.20,1.00
2010.06.30 08:09:04.301,1.5053,1.5055,1.60,1.60
2010.06.30 08:09:04.787,1.5053,1.5055,3.20,1.00
2010.06.30 08:09:05.135,1.5053,1.5055,1.60,1.60
2010.06.30 08:09:07.856,1.5053,1.5055,1.60,2.40
2010.06.30 08:09:08.450,1.5053,1.5055,3.80,2.40
2010.06.30 08:09:08.987,1.5053,1.5055,5.60,1.00
2010.06.30 08:09:09.165,1.5053,1.5055,8.00,1.00
2010.06.30 08:09:10.008,1.5053,1.5055,8.10,1.00
2010.06.30 08:09:10.717,1.5054,1.50555,1.00,3.20
2010.06.30 08:09:10.966,1.5054,1.50555,1.20,1.00
2010.06.30 08:09:11.681,1.5055,1.5057,1.60,1.60
2010.06.30 08:09:12.424,1.5055,1.5057,3.20,1.00
2010.06.30 08:09:12.781,1.5055,1.5057,2.40,1.00
2010.06.30 08:09:13.137,1.5055,1.5057,2.80,1.60
2010.06.30 08:09:13.889,1.50545,1.5056,5.30,1.00
2010.06.30 08:09:14.130,1.5055,1.50565,1.00,3.40
2010.06.30 08:09:14.557,1.50555,1.50565,1.00,1.00
2010.06.30 08:09:14.804,1.50555,1.50575,1.00,3.60
2010.06.30 08:09:15.765,1.50555,1.50575,1.00,2.80
2010.06.30 08:09:17.016,1.50555,1.50575,1.00,3.00
2010.06.30 08:09:17.477,1.50555,1.50575,1.00,2.80
2010.06.30 08:09:19.639,1.5055,1.5057,2.80,1.00
2010.06.30 08:09:20.241,1.5055,1.5057,2.80,1.60
2010.06.30 08:09:20.411,1.5055,1.5056,1.00,1.00
2010.06.30 08:09:20.674,1.50545,1.5056,1.00,1.00
2010.06.30 08:09:21.978,1.50545,1.50565,2.40,2.80
2010.06.30 08:09:22.120,1.5055,1.50565,1.60,1.00
2010.06.30 08:09:22.402,1.5055,1.5057,2.40,7.60
2010.06.30 08:09:22.971,1.5055,1.5057,2.40,1.00
2010.06.30 08:09:23.271,1.5055,1.5057,3.20,1.00
2010.06.30 08:09:24.247,1.50555,1.50575,1.00,3.50
2010.06.30 08:09:24.536,1.50555,1.50575,1.00,2.70
2010.06.30 08:09:26.953,1.50555,1.50575,1.60,2.70
2010.06.30 08:09:27.188,1.5056,1.50575,1.00,1.00
2010.06.30 08:09:29.504,1.50565,1.50575,1.60,1.00
2010.06.30 08:09:29.728,1.50565,1.50575,1.60,1.00
2010.06.30 08:09:29.957,1.50565,1.5058,1.60,1.00
2010.06.30 08:09:32.505,1.5057,1.5058,1.60,1.00
2010.06.30 08:09:32.683,1.5057,1.50585,2.40,5.00
2010.06.30 08:09:33.035,1.5058,1.50585,1.00,1.00
2010.06.30 08:09:33.761,1.5058,1.5059,1.00,1.00
2010.06.30 08:09:36.509,1.5058,1.50595,1.00,6.60
2010.06.30 08:09:36.608,1.5058,1.50595,1.00,2.40
2010.06.30 08:09:36.709,1.5058,1.5059,1.60,1.00
2010.06.30 08:09:37.604,1.5058,1.5059,1.00,1.00
2010.06.30 08:09:40.924,1.5058,1.5059,1.60,1.00
2010.06.30 08:09:41.421,1.5058,1.50595,1.60,3.50
2010.06.30 08:09:41.779,1.50585,1.50595,1.60,1.00
2010.06.30 08:09:41.928,1.50585,1.50595,1.60,1.00
2010.06.30 08:09:42.465,1.50585,1.506,1.60,2.40
2010.06.30 08:09:42.624,1.50585,1.506,1.60,1.20
2010.06.30 08:09:46.707,1.50585,1.506,1.60,1.00
2010.06.30 08:09:46.987,1.50585,1.506,2.40,1.00
2010.06.30 08:09:47.624,1.5059,1.506,1.00,1.00
2010.06.30 08:09:47.908,1.5059,1.506,1.00,1.20
2010.06.30 08:09:48.192,1.5059,1.506,1.00,1.00
2010.06.30 08:09:49.473,1.5059,1.506,1.60,1.00
2010.06.30 08:09:50.896,1.5059,1.506,2.40,1.00
2010.06.30 08:09:52.798,1.50595,1.50605,1.00,4.00
2010.06.30 08:09:52.938,1.50595,1.50605,1.00,2.60
2010.06.30 08:09:53.083,1.50605,1.50615,1.00,12.40
2010.06.30 08:09:53.341,1.5061,1.50615,1.60,7.60
2010.06.30 08:09:53.984,1.5061,1.50615,1.00,1.00
2010.06.30 08:09:54.239,1.5061,1.50615,1.00,1.00
2010.06.30 08:09:54.468,1.5061,1.50615,1.00,1.20
2010.06.30 08:09:55.093,1.5061,1.5062,1.00,1.60
2010.06.30 08:09:55.329,1.5061,1.50615,1.00,1.00
2010.06.30 08:09:56.226,1.5061,1.5062,1.00,1.00
2010.06.30 08:09:57.025,1.5061,1.50615,1.00,1.00
2010.06.30 08:09:57.168,1.5061,1.50615,1.00,1.20
2010.06.30 08:09:57.550,1.50605,1.50615,1.60,1.00
2010.06.30 08:09:57.803,1.50605,1.50615,2.40,1.00
2010.06.30 08:09:58.062,1.50605,1.50615,4.00,1.00
2010.06.30 08:09:58.580,1.50605,1.50615,3.20,1.00
2010.06.30 08:09:58.751,1.50605,1.5062,1.00,1.00
2010.06.30 08:09:58.919,1.50605,1.50615,1.00,1.00
2010.06.30 08:09:59.090,1.50605,1.50615,2.40,1.00
2010.06.30 08:09:59.260,1.50605,1.50625,1.60,1.10
2010.06.30 08:09:59.428,1.50605,1.5062,1.60,1.00
2010.06.30 08:09:59.597,1.50605,1.50615,1.60,1.00
2010.06.30 08:09:59.938,1.50605,1.50615,1.60,1.00
2010.06.30 08:10:01.074,1.506,1.5062,4.80,1.00
2010.06.30 08:10:01.166,1.506,1.5062,4.80,1.00
2010.06.30 08:10:02.155,1.50605,1.50615,1.00,1.00
2010.06.30 08:10:02.342,1.5061,1.5062,1.00,2.80
2010.06.30 08:10:02.531,1.5061,1.5062,1.00,1.00
2010.06.30 08:10:03.255,1.50605,1.5062,1.20,1.00
2010.06.30 08:10:03.476,1.506,1.50615,2.80,1.00
2010.06.30 08:10:03.692,1.506,1.50615,3.20,1.00
2010.06.30 08:10:04.308,1.506,1.50615,3.20,1.00
2010.06.30 08:10:05.729,1.506,1.50615,3.60,1.00
2010.06.30 08:10:05.941,1.506,1.50615,5.20,1.00
2010.06.30 08:10:06.155,1.506,1.50615,5.60,1.00
2010.06.30 08:10:06.599,1.506,1.50615,2.40,1.00
2010.06.30 08:10:06.846,1.506,1.50615,4.00,1.00
2010.06.30 08:10:08.060,1.50605,1.5062,3.40,1.30
2010.06.30 08:10:08.397,1.50605,1.5062,3.40,1.00
2010.06.30 08:10:09.324,1.50605,1.5062,3.40,1.00
2010.06.30 08:10:09.602,1.50605,1.50615,3.40,1.00
2010.06.30 08:10:11.944,1.50605,1.5062,3.40,1.60
2010.06.30 08:10:12.096,1.50605,1.5062,3.40,1.60
2010.06.30 08:10:12.256,1.50605,1.50615,3.40,1.00
2010.06.30 08:10:17.886,1.50605,1.50615,3.40,1.00
2010.06.30 08:10:20.104,1.5061,1.5062,4.60,1.60
2010.06.30 08:10:22.164,1.5061,1.5062,4.60,1.00
2010.06.30 08:10:22.367,1.50605,1.5062,3.40,1.00
2010.06.30 08:10:22.780,1.50605,1.5062,3.40,1.00
2010.06.30 08:10:23.002,1.5061,1.5062,4.60,1.00
2010.06.30 08:10:23.212,1.5061,1.5062,4.60,1.20
2010.06.30 08:10:24.256,1.50615,1.50625,4.00,1.00
2010.06.30 08:10:24.443,1.50615,1.5063,5.00,1.60
2010.06.30 08:10:25.013,1.50615,1.5062,3.80,1.00
2010.06.30 08:10:25.205,1.50615,1.5063,3.40,1.00
2010.06.30 08:10:25.727,1.50615,1.50625,3.40,1.00
2010.06.30 08:10:26.068,1.50615,1.5062,3.40,1.00
2010.06.30 08:10:26.547,1.50615,1.50625,3.40,1.00
2010.06.30 08:10:27.041,1.5061,1.50625,6.60,1.80
2010.06.30 08:10:27.107,1.5061,1.50625,5.00,1.80
2010.06.30 08:10:28.145,1.5061,1.5062,5.00,1.00
2010.06.30 08:10:28.967,1.5061,1.5062,6.60,1.00
2010.06.30 08:10:29.431,1.5061,1.5063,6.60,5.10
2010.06.30 08:10:29.581,1.5061,1.5062,5.00,1.00
2010.06.30 08:10:29.843,1.5061,1.5062,5.00,1.00
2010.06.30 08:10:31.060,1.5061,1.5062,5.00,1.00
2010.06.30 08:10:31.731,1.5061,1.5062,6.60,1.00
2010.06.30 08:10:32.405,1.50615,1.5063,3.40,2.10
2010.06.30 08:10:35.107,1.50615,1.50625,3.40,1.00
2010.06.30 08:10:36.637,1.50615,1.5062,2.40,1.00
2010.06.30 08:10:37.306,1.5061,1.5062,5.00,1.00
2010.06.30 08:10:43.620,1.50615,1.5063,2.40,1.50
2010.06.30 08:10:43.685,1.50615,1.5063,2.40,1.00
2010.06.30 08:10:43.747,1.50615,1.50635,3.40,7.70
2010.06.30 08:10:43.806,1.50615,1.50635,3.40,8.20
2010.06.30 08:10:43.866,1.50615,1.50635,3.40,8.00
2010.06.30 08:10:43.929,1.50615,1.50635,5.00,4.80
2010.06.30 08:10:44.369,1.50615,1.50635,5.00,4.00
2010.06.30 08:10:44.438,1.50615,1.50635,5.00,2.40
2010.06.30 08:10:44.498,1.50615,1.50635,5.00,2.40
2010.06.30 08:10:45.177,1.50615,1.50635,5.00,2.00
2010.06.30 08:10:45.519,1.5062,1.50635,1.00,1.00
2010.06.30 08:10:45.751,1.5062,1.50635,1.60,1.00
2010.06.30 08:10:46.270,1.50625,1.50635,3.00,1.00
2010.06.30 08:10:48.958,1.50625,1.5064,3.00,2.30
2010.06.30 08:10:50.295,1.50625,1.50645,5.00,2.00
2010.06.30 08:10:50.528,1.50625,1.50645,5.00,1.00
2010.06.30 08:10:51.997,1.5063,1.5065,1.00,6.20
2010.06.30 08:10:52.246,1.5063,1.50655,1.00,9.80
2010.06.30 08:10:52.540,1.5063,1.5065,1.60,3.60
2010.06.30 08:10:52.840,1.50635,1.50655,1.00,9.30
2010.06.30 08:10:53.140,1.50635,1.5066,5.00,10.20
2010.06.30 08:10:53.786,1.50645,1.5066,3.00,5.50
2010.06.30 08:10:53.982,1.50645,1.50665,3.00,10.80
2010.06.30 08:10:54.708,1.50645,1.50665,3.00,10.80
2010.06.30 08:10:54.877,1.50645,1.50665,3.00,10.80
2010.06.30 08:10:57.977,1.50645,1.50665,4.60,7.90
2010.06.30 08:10:58.708,1.5065,1.5067,5.00,23.30
2010.06.30 08:10:58.944,1.5066,1.50675,4.00,2.90
2010.06.30 08:10:59.169,1.5066,1.50675,2.60,1.70
2010.06.30 08:10:59.400,1.5066,1.50675,4.00,1.50
2010.06.30 08:11:00.170,1.50665,1.5069,5.70,16.10
2010.06.30 08:11:00.525,1.50665,1.50685,6.10,1.40
2010.06.30 08:11:01.257,1.50665,1.50685,6.20,3.30
2010.06.30 08:11:01.526,1.50665,1.50685,3.40,4.00
2010.06.30 08:11:02.184,1.5067,1.50685,1.00,2.00
2010.06.30 08:11:02.874,1.5067,1.50685,1.00,1.80
2010.06.30 08:11:03.104,1.5067,1.50685,1.00,1.00
2010.06.30 08:11:03.689,1.5067,1.50685,1.00,1.00
2010.06.30 08:11:04.004,1.50665,1.50685,1.00,6.00
2010.06.30 08:11:04.306,1.5067,1.50685,1.00,1.80
2010.06.30 08:11:04.972,1.50665,1.50685,2.40,1.40
2010.06.30 08:11:05.259,1.50665,1.50685,1.00,1.40
2010.06.30 08:11:05.982,1.50665,1.50685,1.60,1.00
2010.06.30 08:11:06.390,1.50665,1.50685,1.60,1.00
2010.06.30 08:11:06.552,1.50665,1.5069,1.60,6.40
2010.06.30 08:11:06.709,1.50665,1.5069,1.60,6.00
2010.06.30 08:11:07.017,1.50665,1.5069,1.60,3.60
2010.06.30 08:11:07.177,1.5067,1.5069,1.00,2.80
2010.06.30 08:11:07.338,1.5067,1.5069,1.00,2.40
2010.06.30 08:11:07.497,1.5067,1.5069,1.00,2.80
2010.06.30 08:11:08.229,1.5067,1.5069,1.00,2.80
2010.06.30 08:11:08.706,1.5067,1.5069,1.00,4.00
2010.06.30 08:11:09.637,1.5067,1.5069,1.00,2.80
2010.06.30 08:11:09.699,1.5067,1.5069,1.00,2.40
2010.06.30 08:11:12.653,1.5067,1.50685,1.00,1.00
2010.06.30 08:11:15.621,1.5067,1.5069,1.80,1.00
2010.06.30 08:11:15.889,1.5067,1.50695,2.00,6.80
2010.06.30 08:11:16.310,1.5067,1.50695,2.00,7.60
2010.06.30 08:11:16.665,1.50675,1.50695,1.00,6.80
2010.06.30 08:11:17.346,1.50675,1.50695,1.00,6.90
2010.06.30 08:11:17.691,1.5067,1.50695,2.00,6.10
2010.06.30 08:11:18.415,1.5067,1.5069,1.80,1.00
2010.06.30 08:11:18.769,1.50675,1.5069,1.60,1.00
2010.06.30 08:11:19.117,1.5067,1.50695,4.40,5.30
2010.06.30 08:11:19.746,1.5067,1.50695,3.60,5.30
2010.06.30 08:11:19.993,1.5067,1.50695,2.80,5.30
2010.06.30 08:11:20.238,1.5067,1.5069,2.40,1.00
2010.06.30 08:11:21.650,1.5067,1.50695,4.60,2.00
2010.06.30 08:11:21.823,1.50675,1.50695,1.60,1.00
2010.06.30 08:11:22.151,1.5068,1.50695,1.60,1.00
2010.06.30 08:11:24.325,1.5068,1.50695,1.60,1.00
2010.06.30 08:11:24.970,1.5068,1.507,1.60,2.40
2010.06.30 08:11:28.085,1.5068,1.507,2.00,2.40
2010.06.30 08:11:31.555,1.5067,1.5068,6.80,5.60
2010.06.30 08:11:32.216,1.50665,1.5068,3.40,3.50
2010.06.30 08:11:32.495,1.5065,1.5067,2.40,3.20
2010.06.30 08:11:33.235,1.50645,1.50665,2.00,1.60
2010.06.30 08:11:33.887,1.50645,1.50665,2.00,1.00
2010.06.30 08:11:34.905,1.50645,1.5067,2.00,6.90
2010.06.30 08:11:35.227,1.50645,1.50665,2.00,1.00
2010.06.30 08:11:36.388,1.50645,1.50665,1.00,1.70
2010.06.30 08:11:36.731,1.50655,1.50665,1.00,4.80
2010.06.30 08:11:36.917,1.50655,1.50665,1.00,4.80
2010.06.30 08:11:37.445,1.50655,1.50665,1.00,5.60
2010.06.30 08:11:37.629,1.5064,1.50665,4.40,5.60
2010.06.30 08:11:38.121,1.50655,1.50665,1.00,5.60
2010.06.30 08:11:38.468,1.5064,1.50665,4.40,5.60
2010.06.30 08:11:39.148,1.5064,1.50665,3.60,5.60
2010.06.30 08:11:39.841,1.5064,1.50665,2.00,5.80
2010.06.30 08:11:40.506,1.5064,1.50665,2.00,5.60
2010.06.30 08:11:40.687,1.5064,1.5066,1.00,1.60
2010.06.30 08:11:40.869,1.5064,1.5066,1.00,3.20
2010.06.30 08:11:41.049,1.5064,1.5066,1.60,1.60
2010.06.30 08:11:41.228,1.5064,1.50665,2.00,4.70
2010.06.30 08:11:41.457,1.5064,1.50665,2.00,4.60
2010.06.30 08:11:42.306,1.5064,1.5066,2.00,1.00
2010.06.30 08:11:43.553,1.5064,1.5066,2.00,1.00
2010.06.30 08:11:43.819,1.5064,1.50665,2.00,4.80
2010.06.30 08:11:45.033,1.5065,1.50665,1.60,2.20
2010.06.30 08:11:45.325,1.5064,1.50655,1.60,3.40
2010.06.30 08:11:45.748,1.5064,1.50655,1.00,3.40
2010.06.30 08:11:46.087,1.5064,1.50655,2.00,1.00
2010.06.30 08:11:47.963,1.5064,1.50655,1.00,2.00
2010.06.30 08:11:48.213,1.5064,1.5065,1.00,1.00
2010.06.30 08:11:48.460,1.5063,1.5065,3.60,1.00
2010.06.30 08:11:49.691,1.5063,1.5065,4.40,1.00
2010.06.30 08:11:49.944,1.5063,1.5065,3.20,1.00
2010.06.30 08:11:50.396,1.5063,1.5065,3.20,1.20
2010.06.30 08:11:50.701,1.5063,1.5065,2.00,1.00
2010.06.30 08:11:51.000,1.5063,1.5065,2.00,1.20
2010.06.30 08:11:51.298,1.5063,1.50645,2.00,1.00
2010.06.30 08:11:54.248,1.5062,1.50635,4.80,1.00
2010.06.30 08:11:54.494,1.5062,1.50635,2.40,1.00
2010.06.30 08:11:55.150,1.5062,1.5064,2.80,1.00
2010.06.30 08:11:55.489,1.50625,1.5064,2.00,1.00
2010.06.30 08:11:55.828,1.50625,1.5064,1.00,1.00
2010.06.30 08:11:56.542,1.5062,1.5064,2.80,1.00
2010.06.30 08:11:56.896,1.5062,1.50635,2.00,1.00
2010.06.30 08:11:57.901,1.5062,1.5064,2.00,1.00
2010.06.30 08:12:04.543,1.5062,1.5064,2.00,1.60
2010.06.30 08:12:05.128,1.5062,1.5064,2.00,1.00
2010.06.30 08:12:06.353,1.5062,1.5064,2.20,1.00
2010.06.30 08:12:06.598,1.5062,1.5064,2.40,1.00
2010.06.30 08:12:07.875,1.5062,1.5064,2.20,1.00
2010.06.30 08:12:08.148,1.5062,1.50635,2.00,1.00
2010.06.30 08:12:16.318,1.5062,1.5064,2.00,1.00
2010.06.30 08:12:16.481,1.5062,1.5064,2.00,1.00
2010.06.30 08:12:18.293,1.5062,1.50635,2.00,1.00
2010.06.30 08:12:18.476,1.5062,1.50635,2.00,1.00
2010.06.30 08:12:19.031,1.5061,1.5063,4.40,1.00
2010.06.30 08:12:19.720,1.5061,1.5063,2.80,1.00
2010.06.30 08:12:19.986,1.50625,1.5064,1.60,5.60
2010.06.30 08:12:20.252,1.5062,1.5063,1.20,1.00
2010.06.30 08:12:20.556,1.5062,1.50625,1.20,1.00
2010.06.30 08:12:21.179,1.5061,1.50625,2.00,1.00
2010.06.30 08:12:29.376,1.5061,1.50625,1.00,1.00
2010.06.30 08:12:29.438,1.50605,1.50625,6.80,1.00
2010.06.30 08:12:29.882,1.50605,1.50625,6.00,1.00
2010.06.30 08:12:29.958,1.50605,1.50625,4.40,1.00
2010.06.30 08:12:31.494,1.50605,1.5062,4.40,1.00
2010.06.30 08:12:34.856,1.5061,1.5062,1.60,1.00
2010.06.30 08:12:35.048,1.5061,1.50625,2.00,1.00
2010.06.30 08:12:35.607,1.5061,1.50625,2.10,1.00
2010.06.30 08:12:40.361,1.5061,1.5063,2.10,1.20
2010.06.30 08:12:40.603,1.5061,1.5063,2.10,1.00
2010.06.30 08:12:41.028,1.5061,1.5063,2.10,1.00
2010.06.30 08:12:41.283,1.5061,1.5063,2.90,1.00
2010.06.30 08:12:41.627,1.5061,1.5063,2.70,1.00
2010.06.30 08:12:41.975,1.50615,1.50635,1.60,4.40
2010.06.30 08:12:42.710,1.50615,1.50635,2.00,1.00
2010.06.30 08:12:46.386,1.5061,1.50635,3.60,3.60
2010.06.30 08:12:47.119,1.5061,1.50635,2.80,3.60
2010.06.30 08:12:47.243,1.5061,1.5063,3.00,1.00
2010.06.30 08:12:47.360,1.5061,1.5063,2.20,1.00
2010.06.30 08:12:50.936,1.5061,1.50635,3.20,4.40
2010.06.30 08:12:51.347,1.5061,1.50635,2.80,4.40
2010.06.30 08:12:51.688,1.5061,1.50635,3.60,3.70
2010.06.30 08:12:56.657,1.5061,1.50635,3.60,3.60
2010.06.30 08:12:59.187,1.5062,1.50635,1.00,2.00
2010.06.30 08:12:59.630,1.50615,1.50635,1.60,1.00
2010.06.30 08:12:59.703,1.50615,1.50635,2.00,1.00
2010.06.30 08:12:59.767,1.50615,1.50635,2.20,1.00
2010.06.30 08:12:59.907,1.50615,1.50635,2.40,1.00
2010.06.30 08:13:00.723,1.50615,1.50635,2.40,1.00
2010.06.30 08:13:01.795,1.50615,1.50635,2.00,1.00
2010.06.30 08:13:02.043,1.50615,1.5064,2.00,5.20
2010.06.30 08:13:06.575,1.50615,1.5064,2.00,5.30
2010.06.30 08:13:06.859,1.50615,1.50635,2.00,1.00
2010.06.30 08:13:07.676,1.50615,1.5063,2.00,1.00
2010.06.30 08:13:09.700,1.50615,1.50635,2.00,1.00
2010.06.30 08:13:10.390,1.5062,1.50635,1.60,1.00
2010.06.30 08:13:10.737,1.5062,1.50635,1.60,1.00
2010.06.30 08:13:11.084,1.5062,1.5064,1.60,1.00
2010.06.30 08:13:12.017,1.5062,1.5064,2.00,1.00
2010.06.30 08:13:12.345,1.5062,1.5064,1.60,1.00
2010.06.30 08:13:12.683,1.50625,1.5064,1.00,1.00
2010.06.30 08:13:13.418,1.5063,1.50645,1.00,2.40
2010.06.30 08:13:14.104,1.50635,1.5065,2.00,4.00
2010.06.30 08:13:14.460,1.50635,1.50655,1.00,6.80
2010.06.30 08:13:15.217,1.50625,1.5065,2.80,4.60
2010.06.30 08:13:15.954,1.5063,1.50645,1.00,1.00
2010.06.30 08:13:16.297,1.50625,1.50645,1.60,1.00
2010.06.30 08:13:17.076,1.50625,1.5065,2.00,6.00
2010.06.30 08:13:17.433,1.50625,1.5065,2.80,4.40
2010.06.30 08:13:18.488,1.50625,1.50645,1.60,1.60
2010.06.30 08:13:18.835,1.50625,1.5065,1.60,5.60
2010.06.30 08:13:19.791,1.50625,1.5065,2.00,5.70
2010.06.30 08:13:20.036,1.50625,1.5065,2.00,5.30
2010.06.30 08:13:21.258,1.50625,1.5065,1.70,8.00
2010.06.30 08:13:21.927,1.50625,1.5065,2.00,6.00
2010.06.30 08:13:22.243,1.5063,1.5065,1.00,3.20
2010.06.30 08:13:22.590,1.5063,1.5065,1.00,3.60
2010.06.30 08:13:23.981,1.5063,1.5065,1.00,4.40
2010.06.30 08:13:24.531,1.50625,1.5065,3.60,4.40
2010.06.30 08:13:25.117,1.50625,1.5065,2.80,6.80
2010.06.30 08:13:25.348,1.50625,1.50645,1.60,1.00
2010.06.30 08:13:25.598,1.5062,1.50645,3.80,1.70
2010.06.30 08:13:26.224,1.5062,1.50625,1.60,1.00
2010.06.30 08:13:26.478,1.506,1.5062,3.60,1.00
2010.06.30 08:13:27.153,1.506,1.5062,2.80,1.00
2010.06.30 08:13:27.475,1.506,1.5062,2.20,1.00
2010.06.30 08:13:28.140,1.506,1.5062,2.40,1.00
2010.06.30 08:13:28.496,1.506,1.5062,2.00,1.20
2010.06.30 08:13:29.210,1.506,1.5062,2.00,1.00
2010.06.30 08:13:30.622,1.50605,1.5062,1.00,1.00
2010.06.30 08:13:30.976,1.5061,1.5062,1.00,1.00
2010.06.30 08:13:31.743,1.50605,1.5062,1.00,1.00
2010.06.30 08:13:32.065,1.506,1.5062,1.20,1.00
2010.06.30 08:13:32.814,1.50615,1.50625,1.00,4.00
2010.06.30 08:13:33.162,1.5061,1.50625,1.20,1.00
2010.06.30 08:13:33.823,1.5061,1.5063,3.20,1.20
2010.06.30 08:13:34.090,1.5061,1.5063,3.20,3.00
2010.06.30 08:13:34.362,1.5061,1.5063,3.20,1.00
2010.06.30 08:13:38.249,1.5062,1.50635,1.00,5.20
2010.06.30 08:13:38.590,1.5062,1.50635,1.00,2.60
2010.06.30 08:13:39.305,1.5062,1.50635,1.00,1.80
2010.06.30 08:13:39.696,1.5062,1.50635,1.00,1.60
2010.06.30 08:13:39.958,1.5062,1.50635,1.00,1.80
2010.06.30 08:13:41.168,1.5062,1.50635,1.00,1.60
2010.06.30 08:13:41.849,1.5062,1.5064,1.00,2.10
2010.06.30 08:13:42.529,1.50615,1.50625,1.20,1.00
2010.06.30 08:13:42.778,1.50605,1.5062,1.00,1.00
2010.06.30 08:13:43.983,1.5061,1.5063,2.40,1.20
2010.06.30 08:13:44.823,1.5061,1.5063,1.00,1.20
2010.06.30 08:13:45.178,1.506,1.50615,1.00,1.00
2010.06.30 08:13:45.741,1.506,1.5062,1.00,9.20
2010.06.30 08:13:46.097,1.506,1.5062,1.60,1.00
2010.06.30 08:13:47.195,1.50595,1.50605,4.20,1.00
2010.06.30 08:13:47.398,1.5057,1.50585,2.20,1.00
2010.06.30 08:13:47.977,1.5057,1.50585,1.00,1.00
2010.06.30 08:13:48.539,1.50575,1.5059,1.00,1.20
2010.06.30 08:13:48.882,1.50575,1.5059,1.00,1.00
2010.06.30 08:13:49.647,1.50585,1.50595,1.00,1.20
2010.06.30 08:13:49.877,1.50585,1.50605,1.20,3.10
2010.06.30 08:13:50.494,1.50585,1.50605,1.20,2.30
2010.06.30 08:13:51.282,1.50585,1.506,1.00,1.00
2010.06.30 08:13:52.196,1.5058,1.5059,1.00,1.00
2010.06.30 08:13:52.835,1.50575,1.5059,1.20,1.00
2010.06.30 08:13:53.179,1.50575,1.5059,1.00,1.00
2010.06.30 08:13:53.516,1.5057,1.5059,1.60,1.00
2010.06.30 08:13:54.585,1.50575,1.5059,1.00,1.00
2010.06.30 08:13:54.939,1.50575,1.50595,1.20,1.00
2010.06.30 08:13:55.354,1.50575,1.50595,1.20,3.20
2010.06.30 08:13:55.577,1.50575,1.5059,1.00,1.00
2010.06.30 08:13:55.795,1.50575,1.5059,1.00,1.00
2010.06.30 08:13:56.412,1.50585,1.50595,1.00,1.60
2010.06.30 08:13:56.767,1.50585,1.506,1.00,1.00
2010.06.30 08:14:01.110,1.50585,1.506,1.00,1.00
2010.06.30 08:14:01.246,1.5058,1.506,1.00,1.00
2010.06.30 08:14:04.897,1.50575,1.50595,6.10,1.00
2010.06.30 08:14:05.108,1.50575,1.50595,5.30,1.00
2010.06.30 08:14:05.566,1.50575,1.50595,5.30,2.40
2010.06.30 08:14:05.922,1.50575,1.50595,5.30,2.70
2010.06.30 08:14:07.916,1.50575,1.50595,4.90,2.70
2010.06.30 08:14:09.295,1.50575,1.50595,5.10,2.70
2010.06.30 08:14:09.820,1.50575,1.50595,4.90,2.70
2010.06.30 08:14:11.455,1.50575,1.50595,4.10,2.70
2010.06.30 08:14:11.787,1.5058,1.506,1.00,1.60
2010.06.30 08:14:12.122,1.5058,1.506,1.00,1.00
2010.06.30 08:14:12.682,1.5058,1.506,1.20,1.00
2010.06.30 08:14:12.927,1.50585,1.506,1.00,1.00
2010.06.30 08:14:14.245,1.5058,1.506,1.60,1.60
2010.06.30 08:14:15.230,1.5058,1.506,1.20,1.00
2010.06.30 08:14:18.519,1.5058,1.506,2.80,1.00
2010.06.30 08:14:18.998,1.5058,1.506,2.40,1.00
2010.06.30 08:14:19.150,1.5058,1.506,2.80,1.00
2010.06.30 08:14:19.668,1.5058,1.506,2.00,1.00
2010.06.30 08:14:19.823,1.5058,1.506,4.40,1.00
2010.06.30 08:14:20.649,1.5058,1.506,4.50,1.00
2010.06.30 08:14:21.368,1.50595,1.50605,1.00,1.60
2010.06.30 08:14:21.662,1.5061,1.5062,1.00,2.70
2010.06.30 08:14:22.295,1.5061,1.5062,1.00,1.00
2010.06.30 08:14:22.541,1.5061,1.5062,1.00,1.00
2010.06.30 08:14:24.112,1.506,1.5062,2.00,1.00
2010.06.30 08:14:24.260,1.506,1.5062,1.00,1.00
2010.06.30 08:14:26.178,1.50595,1.5061,6.20,1.00
2010.06.30 08:14:26.379,1.50595,1.5061,5.20,1.00
2010.06.30 08:14:26.586,1.50605,1.5061,1.00,1.00
2010.06.30 08:14:27.066,1.50605,1.5061,1.00,1.00
2010.06.30 08:14:27.358,1.50605,1.50625,2.40,1.00
2010.06.30 08:14:27.641,1.5061,1.50625,2.40,1.00
2010.06.30 08:14:28.452,1.5061,1.50625,2.40,2.40
2010.06.30 08:14:28.666,1.50605,1.50625,2.30,2.40
2010.06.30 08:14:30.211,1.5061,1.5063,1.00,4.00
2010.06.30 08:14:30.441,1.5061,1.5063,1.00,2.40
2010.06.30 08:14:31.630,1.50615,1.5063,1.00,2.40
2010.06.30 08:14:31.971,1.50615,1.5063,1.00,2.40
2010.06.30 08:14:32.324,1.5062,1.50635,1.00,2.70
2010.06.30 08:14:32.982,1.50625,1.50645,2.40,2.90
2010.06.30 08:14:34.497,1.50625,1.50645,4.60,1.20
2010.06.30 08:14:35.323,1.50625,1.5064,3.20,1.00
2010.06.30 08:14:35.523,1.5062,1.5064,1.00,3.10
2010.06.30 08:14:38.552,1.5062,1.50635,1.00,1.00
2010.06.30 08:14:38.737,1.50615,1.50625,1.00,1.00
2010.06.30 08:14:39.280,1.5061,1.50625,2.40,1.00
2010.06.30 08:14:39.462,1.50605,1.50625,2.40,3.30
2010.06.30 08:14:40.331,1.50605,1.50625,1.60,3.30
2010.06.30 08:14:40.688,1.50605,1.50625,1.60,4.10
2010.06.30 08:14:41.580,1.50605,1.50625,1.60,5.10
2010.06.30 08:14:41.835,1.50605,1.50625,1.60,2.70
2010.06.30 08:14:42.564,1.50605,1.50625,2.40,2.70
2010.06.30 08:14:42.917,1.50615,1.50625,1.00,1.90
2010.06.30 08:14:43.261,1.50615,1.50635,1.00,1.20
2010.06.30 08:14:43.611,1.5062,1.5064,1.00,3.90
2010.06.30 08:14:43.996,1.5062,1.5064,1.00,3.10
2010.06.30 08:14:44.322,1.5062,1.5064,1.00,2.20
2010.06.30 08:14:44.638,1.5062,1.5064,1.00,2.00
2010.06.30 08:14:45.650,1.5062,1.5064,1.00,2.20
2010.06.30 08:14:46.113,1.5062,1.5064,1.00,3.00
2010.06.30 08:14:46.460,1.5062,1.5064,1.00,7.00
2010.06.30 08:14:46.774,1.5062,1.5064,1.00,6.50
2010.06.30 08:14:48.597,1.5062,1.5064,1.00,6.30
2010.06.30 08:14:48.947,1.5063,1.50645,1.00,1.80
2010.06.30 08:14:49.290,1.5063,1.50645,1.00,1.00
2010.06.30 08:14:49.517,1.5063,1.5065,1.00,4.40
2010.06.30 08:14:49.990,1.5063,1.5065,1.00,2.80
2010.06.30 08:14:50.902,1.50625,1.50645,7.20,1.00
2010.06.30 08:14:51.062,1.50625,1.50645,5.20,1.20
2010.06.30 08:14:51.609,1.50625,1.5064,1.00,1.00
2010.06.30 08:14:51.928,1.5062,1.5064,1.60,1.00
2010.06.30 08:14:53.703,1.50635,1.50645,1.00,4.60
2010.06.30 08:14:53.904,1.5063,1.50645,3.80,1.60
2010.06.30 08:14:54.420,1.5063,1.50645,3.40,1.60
2010.06.30 08:14:54.615,1.5063,1.5065,1.00,2.00
2010.06.30 08:14:55.081,1.5063,1.5064,1.00,1.00
2010.06.30 08:14:55.773,1.5062,1.5064,5.00,2.20
2010.06.30 08:14:56.048,1.50625,1.50645,1.00,3.10
2010.06.30 08:14:58.871,1.5062,1.5064,2.60,1.00
2010.06.30 08:14:59.288,1.5062,1.5064,3.20,1.20
2010.06.30 08:14:59.412,1.5062,1.5064,1.00,1.20
2010.06.30 08:15:00.849,1.5062,1.50635,1.00,1.60
2010.06.30 08:15:02.682,1.5062,1.50635,1.00,2.00
2010.06.30 08:15:04.025,1.5061,1.5063,5.40,2.40
2010.06.30 08:15:04.221,1.5062,1.5063,1.00,1.60
2010.06.30 08:15:04.418,1.5062,1.50635,1.00,2.00
2010.06.30 08:15:05.363,1.5062,1.50635,1.00,6.60
2010.06.30 08:15:05.645,1.50615,1.5062,1.00,1.00
2010.06.30 08:15:05.917,1.506,1.50615,5.60,1.00
2010.06.30 08:15:06.498,1.506,1.50615,1.00,1.00
2010.06.30 08:15:06.790,1.5059,1.50605,1.00,2.40
2010.06.30 08:15:07.082,1.50585,1.50605,2.20,2.40
2010.06.30 08:15:07.826,1.5059,1.5061,1.00,6.20
2010.06.30 08:15:08.174,1.50585,1.50605,1.80,1.00
2010.06.30 08:15:08.911,1.5058,1.506,1.00,3.40
2010.06.30 08:15:09.623,1.5058,1.506,1.00,3.60
2010.06.30 08:15:09.924,1.5058,1.50595,1.00,1.00
2010.06.30 08:15:10.225,1.5058,1.50595,1.00,1.60
2010.06.30 08:15:11.147,1.50575,1.50595,2.40,2.40
2010.06.30 08:15:11.416,1.5057,1.5059,2.40,2.80
2010.06.30 08:15:11.700,1.5057,1.5059,1.60,1.00
2010.06.30 08:15:11.982,1.5058,1.5059,1.00,1.60
2010.06.30 08:15:12.270,1.5058,1.50595,1.00,2.00
2010.06.30 08:15:14.169,1.50575,1.5059,1.00,1.00
2010.06.30 08:15:14.855,1.5057,1.5059,1.00,1.20
2010.06.30 08:15:15.470,1.5057,1.5059,1.00,2.80
2010.06.30 08:15:16.056,1.5057,1.50585,1.00,1.00
2010.06.30 08:15:16.248,1.50565,1.50585,2.00,1.00
2010.06.30 08:15:16.968,1.50565,1.50585,2.00,2.30
2010.06.30 08:15:17.316,1.5057,1.50585,1.00,2.30
2010.06.30 08:15:18.584,1.5057,1.50585,1.00,1.00
2010.06.30 08:15:18.862,1.5057,1.50585,1.00,1.00
2010.06.30 08:15:20.425,1.50565,1.50585,1.00,2.40
2010.06.30 08:15:20.560,1.50565,1.50585,1.00,4.00
2010.06.30 08:15:20.697,1.50565,1.50585,1.00,4.80
2010.06.30 08:15:20.838,1.50565,1.50585,1.00,4.00
2010.06.30 08:15:21.906,1.50565,1.50585,1.40,1.60
2010.06.30 08:15:22.629,1.5057,1.5059,1.00,5.20
2010.06.30 08:15:22.933,1.50565,1.50585,2.40,1.20
2010.06.30 08:15:23.245,1.5057,1.50585,1.00,1.00
2010.06.30 08:15:23.968,1.50565,1.50585,1.20,1.20
2010.06.30 08:15:24.313,1.5057,1.50585,1.00,1.20
2010.06.30 08:15:25.062,1.5057,1.50585,1.00,1.00
2010.06.30 08:15:25.375,1.5057,1.50585,1.00,1.00
2010.06.30 08:15:26.705,1.5057,1.5059,1.00,2.60
2010.06.30 08:15:27.330,1.5057,1.5059,1.00,4.20
2010.06.30 08:15:28.015,1.50565,1.50585,2.00,1.20
2010.06.30 08:15:28.302,1.50565,1.50585,1.60,2.00
2010.06.30 08:15:29.698,1.50565,1.50585,1.00,2.00
2010.06.30 08:15:30.313,1.50565,1.50585,1.20,1.20
2010.06.30 08:15:30.507,1.5057,1.50585,1.00,2.80
2010.06.30 08:15:31.228,1.5057,1.50585,1.00,1.20
2010.06.30 08:15:31.580,1.5056,1.50565,1.20,1.00
2010.06.30 08:15:31.845,1.50555,1.50565,1.00,1.00
2010.06.30 08:15:32.101,1.50545,1.5056,1.70,1.00
2010.06.30 08:15:32.362,1.5055,1.50565,1.00,1.00
2010.06.30 08:15:32.931,1.50555,1.5057,1.00,1.80
2010.06.30 08:15:33.165,1.50555,1.5057,1.00,1.00
2010.06.30 08:15:35.015,1.50555,1.5057,1.00,1.00
2010.06.30 08:15:35.902,1.5055,1.5057,2.00,1.20
2010.06.30 08:15:36.074,1.5055,1.50565,1.00,1.60
2010.06.30 08:15:36.808,1.50545,1.50565,1.80,2.80
2010.06.30 08:15:37.536,1.50545,1.50565,2.00,2.80
2010.06.30 08:15:38.145,1.5055,1.50555,1.00,1.60
2010.06.30 08:15:38.497,1.50555,1.50565,1.00,1.00
2010.06.30 08:15:39.221,1.50555,1.50575,1.00,2.40
2010.06.30 08:15:40.071,1.5056,1.50575,1.00,1.60
2010.06.30 08:15:40.365,1.5056,1.5057,1.00,1.00
2010.06.30 08:15:41.038,1.50555,1.50575,1.60,3.20
2010.06.30 08:15:41.285,1.5056,1.50575,1.00,2.20
2010.06.30 08:15:41.914,1.50565,1.50585,1.20,1.60
2010.06.30 08:15:42.253,1.50565,1.50585,2.20,1.00
2010.06.30 08:15:42.726,1.50565,1.50585,2.40,1.00
2010.06.30 08:15:43.057,1.5056,1.50575,1.00,1.00
2010.06.30 08:15:43.388,1.50555,1.50575,2.60,2.40
2010.06.30 08:15:43.717,1.50555,1.50575,1.60,2.40
2010.06.30 08:15:45.359,1.50555,1.50575,1.40,2.40
2010.06.30 08:15:45.911,1.50555,1.50575,1.00,2.40
2010.06.30 08:15:46.117,1.5055,1.5057,1.20,2.40
2010.06.30 08:15:46.317,1.50545,1.50555,1.00,1.00
2010.06.30 08:15:46.857,1.50545,1.50555,1.00,1.60
2010.06.30 08:15:47.055,1.5054,1.5056,1.00,2.40
2010.06.30 08:15:49.558,1.50545,1.5056,1.00,1.60
2010.06.30 08:15:49.991,1.50545,1.50565,1.60,2.00
2010.06.30 08:15:50.095,1.5055,1.50565,1.00,1.00
2010.06.30 08:15:50.190,1.5055,1.5057,1.00,2.00
2010.06.30 08:15:51.068,1.5055,1.5057,1.60,2.00
2010.06.30 08:15:51.598,1.5055,1.5057,1.60,2.80
2010.06.30 08:15:52.041,1.5055,1.5057,1.00,2.80
2010.06.30 08:15:53.086,1.5055,1.50565,1.00,1.60
2010.06.30 08:15:53.440,1.50545,1.50565,2.00,2.40
2010.06.30 08:15:54.835,1.50545,1.5056,1.20,1.00
2010.06.30 08:15:55.132,1.50545,1.50565,1.20,2.80
2010.06.30 08:15:55.429,1.50545,1.50565,1.20,2.40
2010.06.30 08:15:56.107,1.50545,1.5056,1.20,2.20
2010.06.30 08:15:56.418,1.5054,1.5056,1.00,2.40
2010.06.30 08:15:57.089,1.5054,1.5056,1.60,2.40
2010.06.30 08:15:58.506,1.5054,1.5056,1.00,2.40
2010.06.30 08:15:58.781,1.50545,1.5056,1.00,2.40
2010.06.30 08:15:59.436,1.5054,1.5056,1.00,1.00
2010.06.30 08:15:59.712,1.5054,1.5056,1.60,1.00
2010.06.30 08:16:00.903,1.5054,1.5056,1.60,2.40
2010.06.30 08:16:01.182,1.5054,1.5056,1.00,2.40
2010.06.30 08:16:01.733,1.5054,1.5056,1.00,1.00
2010.06.30 08:16:03.560,1.5054,1.5056,1.00,1.60
2010.06.30 08:16:04.072,1.50535,1.50555,2.80,1.00
2010.06.30 08:16:04.324,1.50535,1.50555,2.70,1.00
2010.06.30 08:16:14.531,1.5053,1.50545,2.40,1.00
2010.06.30 08:16:14.837,1.50525,1.50545,2.00,1.20
2010.06.30 08:16:15.684,1.50525,1.50545,2.00,1.00
2010.06.30 08:16:16.963,1.50525,1.50545,1.20,1.00
2010.06.30 08:16:17.788,1.50525,1.50545,1.20,3.40
2010.06.30 08:16:18.101,1.50525,1.50545,1.20,4.40
2010.06.30 08:16:18.515,1.50525,1.50545,1.00,4.40
2010.06.30 08:16:18.735,1.5052,1.5054,1.20,1.00
2010.06.30 08:16:18.950,1.5052,1.5054,1.00,1.00
2010.06.30 08:16:19.175,1.50525,1.50545,1.00,3.80
2010.06.30 08:16:19.805,1.50525,1.50545,1.00,1.00
2010.06.30 08:16:20.059,1.50525,1.50545,1.20,1.00
2010.06.30 08:16:20.313,1.50525,1.5054,1.00,1.00
2010.06.30 08:16:20.595,1.50525,1.5054,1.00,1.00
2010.06.30 08:16:21.054,1.5052,1.5054,2.00,1.00
2010.06.30 08:16:21.338,1.5052,1.5054,1.00,3.60
2010.06.30 08:16:21.682,1.5052,1.5054,1.00,4.40
2010.06.30 08:16:22.033,1.5052,1.5054,1.00,4.50
2010.06.30 08:16:24.448,1.5052,1.50535,1.00,2.40
2010.06.30 08:16:24.690,1.5052,1.5054,1.00,5.10
2010.06.30 08:16:24.991,1.5052,1.50535,1.00,2.40
2010.06.30 08:16:28.746,1.5052,1.5054,2.40,1.00
2010.06.30 08:16:30.231,1.5052,1.50525,1.60,1.00
2010.06.30 08:16:30.527,1.50515,1.5053,1.00,1.80
2010.06.30 08:16:31.281,1.50505,1.50525,3.50,1.00
2010.06.30 08:16:31.986,1.50505,1.50525,2.30,1.00
2010.06.30 08:16:32.650,1.50505,1.50525,2.10,1.20
2010.06.30 08:16:33.640,1.50505,1.50525,2.10,1.00
2010.06.30 08:16:36.306,1.5051,1.5053,2.40,3.00
2010.06.30 08:16:36.622,1.50515,1.50535,1.00,5.20
2010.06.30 08:16:36.907,1.5051,1.5053,1.60,1.00
2010.06.30 08:16:37.342,1.5051,1.5053,3.20,1.00
2010.06.30 08:16:37.628,1.5051,1.5053,1.60,1.00
2010.06.30 08:16:37.975,1.5051,1.5053,3.20,1.00
2010.06.30 08:16:38.696,1.5051,1.5053,1.60,1.00
2010.06.30 08:16:38.954,1.5051,1.5053,3.20,1.00
2010.06.30 08:16:39.202,1.5051,1.5053,1.60,1.20
2010.06.30 08:16:39.453,1.5051,1.5053,3.20,1.20
2010.06.30 08:16:39.700,1.5051,1.5053,1.60,1.20
2010.06.30 08:16:40.395,1.5051,1.5053,3.20,1.20
2010.06.30 08:16:42.800,1.50515,1.50535,1.00,2.80
2010.06.30 08:16:42.920,1.50515,1.50535,1.00,2.30
2010.06.30 08:16:43.766,1.50515,1.50535,1.00,1.00
2010.06.30 08:16:45.422,1.5051,1.5053,4.10,1.00
2010.06.30 08:16:45.681,1.5051,1.5053,3.60,1.00
2010.06.30 08:16:46.700,1.5051,1.5053,2.00,1.00
2010.06.30 08:16:47.042,1.5051,1.5053,3.80,1.00
2010.06.30 08:16:47.991,1.50515,1.50535,1.00,2.00
2010.06.30 08:16:48.203,1.5051,1.5053,4.20,1.00
2010.06.30 08:16:48.408,1.5051,1.5053,3.80,1.00
2010.06.30 08:16:48.670,1.50515,1.50535,1.00,3.60
2010.06.30 08:16:48.930,1.5051,1.5053,3.60,1.00
2010.06.30 08:16:49.597,1.5051,1.5053,2.40,1.00
2010.06.30 08:16:49.731,1.50515,1.50535,1.00,3.60
2010.06.30 08:16:49.867,1.50515,1.50535,3.20,2.80
2010.06.30 08:16:50.001,1.5052,1.50535,1.00,1.00
2010.06.30 08:16:50.139,1.5052,1.5054,1.00,4.20
2010.06.30 08:16:50.267,1.50515,1.50535,5.90,1.00
2010.06.30 08:16:50.398,1.5052,1.50535,1.00,1.00
2010.06.30 08:16:51.124,1.50515,1.50535,6.20,1.00
2010.06.30 08:16:51.424,1.5052,1.5054,2.40,1.40
2010.06.30 08:16:51.726,1.5052,1.5054,3.60,1.20
2010.06.30 08:16:52.391,1.50525,1.5054,1.20,1.00
2010.06.30 08:16:52.653,1.5052,1.50535,1.00,1.00
2010.06.30 08:16:52.923,1.5052,1.5053,1.00,1.00
2010.06.30 08:16:53.480,1.5052,1.50535,1.00,2.00
2010.06.30 08:16:53.769,1.5052,1.50535,1.00,1.00
2010.06.30 08:16:54.455,1.50515,1.50535,3.20,1.00
2010.06.30 08:16:54.523,1.50515,1.50535,2.80,1.20
2010.06.30 08:16:54.589,1.50515,1.50535,2.60,1.20
2010.06.30 08:16:55.076,1.50525,1.50545,1.00,3.60
2010.06.30 08:16:55.149,1.50525,1.50545,1.20,4.60
2010.06.30 08:16:55.219,1.50525,1.50545,1.20,2.60
2010.06.30 08:16:55.930,1.50525,1.50545,3.40,1.60
2010.06.30 08:16:56.274,1.50525,1.50545,3.20,1.00
2010.06.30 08:16:56.881,1.50525,1.50545,3.40,1.00
2010.06.30 08:16:57.556,1.50525,1.50545,1.60,1.20
2010.06.30 08:16:57.708,1.50535,1.50545,1.00,1.00
2010.06.30 08:16:58.219,1.50535,1.50555,1.00,4.00
2010.06.30 08:16:58.352,1.50535,1.50555,1.00,2.00
2010.06.30 08:16:58.970,1.5053,1.5055,1.80,1.00
2010.06.30 08:16:59.776,1.5053,1.5055,1.00,1.00
2010.06.30 08:17:00.078,1.5053,1.5055,1.00,1.00
2010.06.30 08:17:01.605,1.5053,1.5055,1.20,1.00
2010.06.30 08:17:08.327,1.5053,1.5055,1.00,1.00
2010.06.30 08:17:10.486,1.5053,1.5055,1.20,1.00
2010.06.30 08:17:13.381,1.50535,1.50555,1.00,3.90
2010.06.30 08:17:13.968,1.50535,1.50555,1.00,3.10
2010.06.30 08:17:14.439,1.50535,1.50555,1.00,3.70
2010.06.30 08:17:14.693,1.5054,1.5056,1.20,2.40
2010.06.30 08:17:14.930,1.5054,1.50555,1.00,1.00
2010.06.30 08:17:15.971,1.5054,1.5056,1.20,3.60
2010.06.30 08:17:16.202,1.5054,1.5056,1.20,1.60
2010.06.30 08:17:18.644,1.5054,1.50555,1.00,3.60
2010.06.30 08:17:18.922,1.50525,1.5054,1.00,1.00
2010.06.30 08:17:19.730,1.50525,1.5054,1.00,1.00
2010.06.30 08:17:20.679,1.50525,1.5054,1.00,2.40
2010.06.30 08:17:21.026,1.50525,1.5054,1.00,2.50
2010.06.30 08:17:22.243,1.5052,1.50535,1.60,1.20
2010.06.30 08:17:22.540,1.5052,1.50525,1.80,1.00
2010.06.30 08:17:23.235,1.5052,1.5053,1.00,4.00
2010.06.30 08:17:23.505,1.5053,1.50545,1.00,1.00
2010.06.30 08:17:23.801,1.50525,1.50545,1.20,1.20
2010.06.30 08:17:24.331,1.50525,1.50545,1.00,1.20
2010.06.30 08:17:25.138,1.50525,1.50545,1.00,1.20
2010.06.30 08:17:25.306,1.50525,1.50545,1.20,1.20
2010.06.30 08:17:26.480,1.5053,1.50545,1.00,1.00
2010.06.30 08:17:26.681,1.50535,1.5055,1.00,1.40
2010.06.30 08:17:26.894,1.50535,1.5055,1.00,1.00
2010.06.30 08:17:27.417,1.50535,1.5055,1.00,2.80
2010.06.30 08:17:27.708,1.5053,1.5055,1.00,2.80
2010.06.30 08:17:29.489,1.5053,1.5055,1.00,2.90
2010.06.30 08:17:31.395,1.5054,1.50555,1.00,1.50
2010.06.30 08:17:32.230,1.5054,1.50555,1.00,1.00
2010.06.30 08:17:33.478,1.50535,1.50555,2.00,1.20
2010.06.30 08:17:33.993,1.50535,1.50555,1.60,1.20
2010.06.30 08:17:34.242,1.5055,1.50565,1.00,1.10
2010.06.30 08:17:34.481,1.5055,1.5057,1.00,4.00
2010.06.30 08:17:34.799,1.5055,1.5057,1.00,3.20
2010.06.30 08:17:35.447,1.5055,1.5057,1.00,3.10
2010.06.30 08:17:36.615,1.5055,1.5057,1.00,3.20
2010.06.30 08:17:36.964,1.5055,1.5057,1.00,3.10
2010.06.30 08:17:38.421,1.5055,1.5057,1.00,2.00
2010.06.30 08:17:38.744,1.5055,1.5057,1.20,1.60
2010.06.30 08:17:38.985,1.50555,1.50575,1.00,3.20
2010.06.30 08:17:39.503,1.5055,1.5057,1.20,1.00
2010.06.30 08:17:39.750,1.50555,1.50575,1.00,1.90
2010.06.30 08:17:42.198,1.50555,1.50575,1.00,2.00
2010.06.30 08:17:43.430,1.50555,1.50575,1.00,2.40
2010.06.30 08:17:44.163,1.50555,1.50575,1.00,2.60
2010.06.30 08:17:44.329,1.50555,1.50575,1.00,2.30
2010.06.30 08:17:44.509,1.50555,1.50575,1.00,1.90
2010.06.30 08:17:45.579,1.50555,1.50575,1.00,1.90
2010.06.30 08:17:45.758,1.50555,1.50575,1.20,1.20
2010.06.30 08:17:46.455,1.50555,1.50575,1.20,1.50
2010.06.30 08:17:47.292,1.50555,1.50575,1.20,1.20
2010.06.30 08:17:48.356,1.50555,1.5057,1.20,1.00
2010.06.30 08:17:48.705,1.50555,1.5057,1.20,1.00
2010.06.30 08:17:48.937,1.50555,1.50575,1.20,2.00
2010.06.30 08:17:50.030,1.50555,1.50575,1.20,1.20
2010.06.30 08:17:52.336,1.50555,1.50575,1.20,1.00
2010.06.30 08:17:56.687,1.50555,1.50575,1.00,1.00
2010.06.30 08:17:59.785,1.50555,1.50575,1.00,1.00
2010.06.30 08:18:01.820,1.50555,1.50575,1.00,1.80
2010.06.30 08:18:02.174,1.50555,1.5057,1.00,1.00
2010.06.30 08:18:07.837,1.5056,1.50575,1.00,2.70
2010.06.30 08:18:08.137,1.5056,1.50575,1.00,1.10
2010.06.30 08:18:08.435,1.50565,1.50575,1.00,1.10
2010.06.30 08:18:09.098,1.5056,1.5058,1.20,1.00
2010.06.30 08:18:09.398,1.5056,1.5058,1.00,2.80
2010.06.30 08:18:09.568,1.5056,1.5058,1.00,2.40
2010.06.30 08:18:09.910,1.50565,1.5058,1.00,1.00
2010.06.30 08:18:10.080,1.5056,1.50575,2.00,1.00
2010.06.30 08:18:10.249,1.50555,1.50575,2.20,1.00
2010.06.30 08:18:10.763,1.5056,1.5058,1.00,4.40
2010.06.30 08:18:11.046,1.50555,1.50575,1.00,1.00
2010.06.30 08:18:12.315,1.50555,1.50575,1.00,1.00
2010.06.30 08:18:14.169,1.5056,1.50575,1.00,1.00
2010.06.30 08:18:14.904,1.5056,1.50575,2.40,1.60
2010.06.30 08:18:15.728,1.5056,1.50575,2.60,1.60
2010.06.30 08:18:16.430,1.50575,1.5059,1.00,1.10
2010.06.30 08:18:16.714,1.5058,1.50595,1.00,1.00
2010.06.30 08:18:17.653,1.50575,1.50595,1.00,1.60
2010.06.30 08:18:18.260,1.5057,1.5059,4.60,1.00
2010.06.30 08:18:18.560,1.5057,1.5059,4.40,1.00
2010.06.30 08:18:21.394,1.5057,1.5059,4.20,1.00
2010.06.30 08:18:21.583,1.5057,1.5059,4.00,1.00
2010.06.30 08:18:21.758,1.5057,1.5059,3.20,1.00
2010.06.30 08:18:24.614,1.50575,1.50595,1.00,2.70
2010.06.30 08:18:26.995,1.50575,1.50595,1.00,1.90
2010.06.30 08:18:27.177,1.5058,1.50595,1.00,1.00
2010.06.30 08:18:27.751,1.5058,1.506,1.00,1.00
2010.06.30 08:18:28.108,1.50585,1.50605,1.00,2.40
2010.06.30 08:18:28.797,1.50585,1.50605,1.00,1.60
2010.06.30 08:18:30.659,1.50585,1.50605,1.00,1.60
2010.06.30 08:18:30.926,1.50585,1.50605,1.20,1.60
2010.06.30 08:18:31.584,1.50585,1.50605,1.00,1.60
2010.06.30 08:18:33.257,1.50585,1.50605,1.00,1.60
2010.06.30 08:18:34.429,1.50585,1.50605,1.00,1.60
2010.06.30 08:18:34.666,1.5058,1.50595,1.20,1.00
2010.06.30 08:18:35.351,1.5057,1.5059,5.40,1.00
2010.06.30 08:18:36.072,1.5057,1.5059,4.40,1.00
2010.06.30 08:18:36.424,1.5057,1.5059,3.60,1.00
2010.06.30 08:18:37.147,1.5057,1.5059,4.40,1.00
2010.06.30 08:18:37.522,1.5057,1.5059,4.00,1.00
2010.06.30 08:18:39.189,1.5057,1.5059,4.20,1.00
2010.06.30 08:18:39.935,1.5057,1.5059,4.00,1.20
2010.06.30 08:18:40.250,1.5057,1.5059,4.10,1.20
2010.06.30 08:18:41.316,1.5057,1.5059,4.00,1.20
2010.06.30 08:18:41.565,1.5058,1.5059,2.40,1.00
2010.06.30 08:18:41.815,1.5058,1.506,2.40,2.30
2010.06.30 08:18:42.453,1.5059,1.506,1.00,1.00
2010.06.30 08:18:42.745,1.5059,1.50605,1.00,1.00
2010.06.30 08:18:44.372,1.5059,1.5061,1.00,4.00
2010.06.30 08:18:44.748,1.5059,1.50605,1.00,1.00
2010.06.30 08:18:44.996,1.5059,1.50605,1.00,1.00
2010.06.30 08:18:46.195,1.5058,1.506,2.40,1.00
2010.06.30 08:18:46.369,1.5058,1.506,2.40,1.20
2010.06.30 08:18:50.337,1.50585,1.506,1.00,1.20
2010.06.30 08:18:50.522,1.5058,1.506,3.60,1.00
2010.06.30 08:18:50.989,1.5058,1.506,5.20,1.00
2010.06.30 08:18:51.070,1.5058,1.506,6.00,1.00
2010.06.30 08:18:52.253,1.5058,1.506,6.00,1.60
2010.06.30 08:18:53.187,1.5058,1.506,6.00,1.60
2010.06.30 08:18:53.387,1.50585,1.506,1.00,1.00
2010.06.30 08:18:53.586,1.50585,1.506,1.00,1.20
2010.06.30 08:18:54.333,1.5058,1.506,1.20,1.90
2010.06.30 08:18:55.066,1.5059,1.50595,1.00,1.10
2010.06.30 08:18:55.417,1.5059,1.506,1.00,1.00
2010.06.30 08:18:58.188,1.5059,1.50605,1.00,1.00
2010.06.30 08:19:00.020,1.5059,1.50605,1.00,1.10
2010.06.30 08:19:00.367,1.5059,1.50605,3.20,1.10
2010.06.30 08:19:00.982,1.5059,1.50605,2.40,1.10
2010.06.30 08:19:01.217,1.50595,1.5061,1.00,1.00
2010.06.30 08:19:04.200,1.5059,1.50595,6.10,1.00
2010.06.30 08:19:04.642,1.5059,1.50595,6.00,1.00
2010.06.30 08:19:04.860,1.5059,1.506,1.00,1.00
2010.06.30 08:19:05.920,1.50585,1.506,4.80,1.00
2010.06.30 08:19:06.158,1.50585,1.506,1.70,1.20
2010.06.30 08:19:07.200,1.5058,1.50595,4.50,1.20
2010.06.30 08:19:07.543,1.5059,1.506,1.00,1.00
2010.06.30 08:19:07.892,1.50585,1.50605,2.00,2.80
2010.06.30 08:19:08.582,1.50585,1.50605,1.80,1.00
2010.06.30 08:19:08.800,1.50585,1.50605,2.00,1.60
2010.06.30 08:19:11.248,1.50585,1.50605,2.00,1.90
2010.06.30 08:19:12.403,1.50585,1.50605,2.10,1.90
2010.06.30 08:19:12.741,1.50585,1.50605,2.00,1.90
2010.06.30 08:19:14.006,1.50585,1.50605,1.70,1.90
2010.06.30 08:19:14.605,1.50585,1.50605,1.60,1.60
2010.06.30 08:19:16.227,1.50585,1.50605,2.00,1.60
2010.06.30 08:19:16.514,1.506,1.5061,1.00,5.60
2010.06.30 08:19:17.300,1.5059,1.5061,4.00,1.20
2010.06.30 08:19:17.629,1.5059,1.5061,4.00,3.60
2010.06.30 08:19:17.849,1.506,1.5061,1.00,2.80
2010.06.30 08:19:18.452,1.506,1.5061,1.00,2.70
2010.06.30 08:19:18.673,1.5059,1.5061,4.80,2.00
2010.06.30 08:19:19.022,1.5059,1.5061,4.00,3.60
2010.06.30 08:19:19.369,1.5059,1.5061,4.00,2.00
2010.06.30 08:19:20.339,1.5059,1.50605,1.60,1.20
2010.06.30 08:19:20.554,1.5059,1.50605,1.60,3.60
2010.06.30 08:19:21.149,1.50585,1.506,1.00,1.20
2010.06.30 08:19:21.172,1.5058,1.506,5.20,1.20
2010.06.30 08:19:21.504,1.5058,1.506,2.40,4.40
2010.06.30 08:19:22.540,1.5058,1.506,2.40,3.60
2010.06.30 08:19:22.838,1.5058,1.506,2.40,4.40
2010.06.30 08:19:23.660,1.50585,1.50595,1.00,1.00
2010.06.30 08:19:23.968,1.5058,1.50595,2.40,1.00
2010.06.30 08:19:24.867,1.50585,1.50595,1.60,1.00
2010.06.30 08:19:25.116,1.5059,1.50595,1.60,1.00
2010.06.30 08:19:25.465,1.5059,1.50605,1.60,3.90
2010.06.30 08:19:26.348,1.5059,1.50605,1.60,3.60
2010.06.30 08:19:27.642,1.5059,1.50605,2.40,2.80
2010.06.30 08:19:27.885,1.5059,1.50605,2.40,2.40
2010.06.30 08:19:28.127,1.5059,1.50605,3.20,1.00
2010.06.30 08:19:28.370,1.5059,1.50605,4.00,1.00
2010.06.30 08:19:28.934,1.5059,1.50605,4.80,1.00
2010.06.30 08:19:29.254,1.5059,1.5061,4.80,2.30
2010.06.30 08:19:30.888,1.50595,1.5061,1.00,1.50
2010.06.30 08:19:31.118,1.5059,1.5061,3.60,1.90
2010.06.30 08:19:31.859,1.5059,1.5061,3.20,4.70
2010.06.30 08:19:32.208,1.50585,1.50605,3.40,2.80
2010.06.30 08:19:32.776,1.50585,1.50605,1.80,3.10
2010.06.30 08:19:33.088,1.5058,1.506,2.80,1.60
2010.06.30 08:19:33.391,1.5058,1.506,2.40,1.60
2010.06.30 08:19:34.094,1.5059,1.506,1.60,1.60
2010.06.30 08:19:34.447,1.5059,1.50605,2.40,1.20
2010.06.30 08:19:36.597,1.5059,1.50605,2.40,1.00
2010.06.30 08:19:44.418,1.5059,1.5061,2.40,4.40
2010.06.30 08:19:45.707,1.5059,1.5061,2.80,4.40
2010.06.30 08:19:45.856,1.5059,1.5061,2.80,3.60
2010.06.30 08:19:47.587,1.5059,1.5061,2.80,2.80
2010.06.30 08:19:48.984,1.5059,1.5061,2.40,2.80
2010.06.30 08:19:49.699,1.5059,1.5061,2.80,4.40
2010.06.30 08:19:49.894,1.5059,1.5061,2.60,4.40
2010.06.30 08:19:50.600,1.5059,1.5061,2.40,4.40
2010.06.30 08:19:55.609,1.5059,1.5061,2.60,4.40
2010.06.30 08:19:55.768,1.5059,1.5061,2.80,4.40
2010.06.30 08:19:56.504,1.5059,1.50605,2.80,1.00
2010.06.30 08:19:57.305,1.50585,1.50605,2.00,2.00
2010.06.30 08:19:59.148,1.50585,1.50605,2.00,2.20
2010.06.30 08:20:00.832,1.50585,1.50605,2.00,3.60
2010.06.30 08:20:02.210,1.50585,1.50605,2.00,2.00
2010.06.30 08:20:02.889,1.5059,1.50605,1.00,1.20
2010.06.30 08:20:03.386,1.5059,1.50605,1.00,1.20
2010.06.30 08:20:03.663,1.5059,1.50605,1.00,1.10
2010.06.30 08:20:04.107,1.5059,1.50605,1.00,1.10
2010.06.30 08:20:16.255,1.5059,1.5061,1.00,2.30
2010.06.30 08:20:18.376,1.5059,1.5061,1.00,2.30
2010.06.30 08:20:18.687,1.5059,1.5061,1.20,2.30
2010.06.30 08:20:21.436,1.5059,1.50605,1.00,1.00
2010.06.30 08:20:21.656,1.5059,1.50605,1.00,1.50
2010.06.30 08:20:21.871,1.5059,1.50605,1.00,1.10
2010.06.30 08:20:23.496,1.50585,1.50605,2.40,2.30
2010.06.30 08:20:25.085,1.50585,1.50605,2.00,2.30
2010.06.30 08:20:25.367,1.50585,1.506,1.00,1.00
2010.06.30 08:20:25.655,1.5058,1.506,2.90,3.60
2010.06.30 08:20:26.066,1.5058,1.506,2.10,5.20
2010.06.30 08:20:26.356,1.5058,1.506,2.00,3.60
2010.06.30 08:20:26.702,1.5058,1.506,2.00,5.20
2010.06.30 08:20:27.632,1.5058,1.506,2.00,3.60
2010.06.30 08:20:29.349,1.5058,1.506,1.00,4.20
2010.06.30 08:20:29.902,1.5058,1.50595,1.00,1.00
2010.06.30 08:20:29.999,1.5058,1.50595,1.00,1.20
2010.06.30 08:20:30.096,1.5058,1.50595,1.00,2.00
2010.06.30 08:20:30.376,1.5058,1.50595,1.00,1.20
2010.06.30 08:20:30.576,1.5058,1.50595,1.00,2.00
2010.06.30 08:20:30.889,1.5058,1.50595,1.00,2.80
2010.06.30 08:20:34.878,1.50575,1.5059,2.80,1.00
2010.06.30 08:20:35.030,1.5057,1.50585,3.40,1.00
2010.06.30 08:20:35.561,1.50565,1.50575,1.30,1.00
2010.06.30 08:20:35.689,1.5056,1.5057,1.00,1.00
2010.06.30 08:20:35.913,1.50555,1.5057,1.00,1.00
2010.06.30 08:20:36.406,1.50555,1.5057,1.00,2.40
2010.06.30 08:20:36.527,1.5055,1.5057,1.20,2.40
2010.06.30 08:20:37.716,1.50555,1.5057,1.00,2.40
2010.06.30 08:20:38.099,1.5055,1.5057,1.30,2.40
2010.06.30 08:20:38.288,1.5055,1.5057,1.20,2.40
2010.06.30 08:20:39.115,1.50565,1.5057,1.20,1.00
2010.06.30 08:20:39.465,1.50565,1.5058,1.20,1.00
2010.06.30 08:20:40.799,1.5057,1.5058,1.00,1.00
2010.06.30 08:20:41.493,1.50565,1.5058,1.20,1.00
2010.06.30 08:20:41.848,1.5056,1.5058,1.30,1.90
2010.06.30 08:20:42.152,1.50555,1.50575,3.30,3.20
2010.06.30 08:20:42.735,1.50555,1.5057,1.00,1.60
2010.06.30 08:20:43.027,1.50555,1.5057,1.00,1.90
2010.06.30 08:20:43.747,1.5055,1.5057,2.90,1.90
2010.06.30 08:20:44.997,1.50555,1.5057,1.00,1.10
2010.06.30 08:20:46.407,1.50555,1.5057,1.00,1.10
2010.06.30 08:20:47.671,1.5057,1.50575,1.00,1.00
2010.06.30 08:20:48.021,1.5057,1.50585,1.00,2.80
2010.06.30 08:20:49.040,1.5057,1.50585,1.00,2.00
2010.06.30 08:20:50.983,1.50585,1.5059,1.00,1.60
2010.06.30 08:20:51.234,1.5058,1.50595,3.20,5.60
2010.06.30 08:20:51.466,1.5057,1.50585,1.40,2.00
2010.06.30 08:20:52.078,1.5057,1.5059,1.20,1.20
2010.06.30 08:20:52.308,1.5057,1.5059,1.20,2.80
2010.06.30 08:20:53.718,1.5057,1.5059,1.00,2.80
2010.06.30 08:20:54.398,1.5057,1.5059,1.00,2.80
2010.06.30 08:20:55.173,1.5057,1.5059,1.20,2.80
2010.06.30 08:20:55.823,1.5057,1.50585,1.20,1.00
2010.06.30 08:20:55.941,1.5057,1.50585,1.00,1.20
2010.06.30 08:20:56.057,1.5057,1.50585,1.00,1.20
2010.06.30 08:20:56.387,1.50565,1.50585,2.00,1.20
2010.06.30 08:20:56.836,1.50565,1.50585,2.00,2.80
2010.06.30 08:20:57.606,1.50565,1.50585,1.20,4.40
2010.06.30 08:20:58.147,1.50565,1.50585,1.20,2.80
2010.06.30 08:20:59.437,1.50565,1.50585,1.20,1.20
2010.06.30 08:20:59.996,1.5057,1.50585,1.00,2.00
2010.06.30 08:21:00.608,1.50565,1.5058,1.00,1.00
2010.06.30 08:21:00.825,1.5056,1.5058,2.00,1.00
2010.06.30 08:21:01.915,1.50565,1.50585,2.00,1.00
2010.06.30 08:21:02.161,1.50565,1.50585,2.80,1.00
2010.06.30 08:21:02.911,1.50565,1.50585,2.00,1.00
2010.06.30 08:21:03.165,1.5057,1.5059,1.00,3.60
2010.06.30 08:21:03.659,1.5057,1.5059,1.00,3.10
2010.06.30 08:21:03.899,1.50575,1.5059,1.00,1.10
2010.06.30 08:21:04.240,1.50575,1.50595,1.00,3.70
2010.06.30 08:21:04.973,1.50575,1.50595,1.00,2.70
2010.06.30 08:21:11.005,1.50575,1.50595,1.00,2.40
2010.06.30 08:21:13.384,1.50575,1.50595,1.00,2.50
2010.06.30 08:21:14.802,1.50575,1.50595,1.00,1.70
2010.06.30 08:21:15.148,1.50575,1.50595,1.00,1.60
2010.06.30 08:21:15.758,1.5057,1.5059,2.00,1.00
2010.06.30 08:21:15.966,1.5057,1.5059,1.60,1.00
2010.06.30 08:21:18.796,1.5057,1.5059,1.70,1.00
2010.06.30 08:21:18.979,1.5057,1.5059,1.60,1.20
2010.06.30 08:21:19.159,1.5057,1.5059,1.00,1.20
2010.06.30 08:21:19.643,1.5057,1.5059,1.00,2.00
2010.06.30 08:21:20.916,1.5057,1.5059,1.00,2.00
2010.06.30 08:21:21.128,1.5057,1.5059,1.00,1.60
2010.06.30 08:21:21.332,1.5057,1.5059,1.60,1.60
2010.06.30 08:21:22.267,1.5057,1.5059,1.60,1.00
2010.06.30 08:21:23.628,1.5057,1.5059,1.60,1.60
2010.06.30 08:21:23.970,1.50565,1.50585,2.80,1.00
2010.06.30 08:21:24.374,1.5056,1.5058,2.10,2.40
2010.06.30 08:21:24.539,1.5056,1.50575,1.00,1.00
2010.06.30 08:21:26.800,1.50555,1.50575,2.90,1.00
2010.06.30 08:21:26.995,1.5056,1.5058,1.00,1.20
2010.06.30 08:21:28.719,1.5056,1.5058,1.00,1.00
2010.06.30 08:21:28.946,1.5056,1.5058,1.60,1.00
2010.06.30 08:21:29.173,1.50565,1.50585,1.00,2.50
2010.06.30 08:21:29.793,1.50565,1.50585,1.00,2.00
2010.06.30 08:21:32.528,1.50565,1.50585,1.00,1.90
2010.06.30 08:21:33.127,1.5057,1.5059,1.00,3.40
2010.06.30 08:21:33.309,1.5057,1.5059,1.00,1.90
2010.06.30 08:21:33.668,1.5057,1.5059,1.00,1.00
2010.06.30 08:21:36.663,1.5057,1.50585,1.00,1.00
2010.06.30 08:21:37.247,1.50565,1.50585,2.90,1.00
2010.06.30 08:21:37.771,1.5057,1.5059,1.00,2.80
2010.06.30 08:21:38.031,1.5057,1.5059,1.00,1.00
2010.06.30 08:21:39.033,1.50565,1.50585,2.00,1.00
2010.06.30 08:21:40.084,1.50565,1.50585,2.80,1.00
2010.06.30 08:21:42.464,1.50565,1.50585,2.90,1.00
2010.06.30 08:21:44.401,1.50565,1.50585,2.80,1.00
2010.06.30 08:21:46.895,1.50565,1.50585,1.60,1.90
2010.06.30 08:21:48.928,1.50565,1.5058,1.00,1.00
2010.06.30 08:21:49.097,1.5056,1.5058,2.90,1.00
2010.06.30 08:21:50.484,1.5057,1.50585,1.00,1.00
2010.06.30 08:21:50.699,1.5057,1.50585,1.00,1.00
2010.06.30 08:21:52.839,1.5057,1.50585,1.00,1.00
2010.06.30 08:21:54.668,1.50575,1.50595,1.00,5.20
2010.06.30 08:21:54.959,1.50575,1.50595,1.00,2.50
2010.06.30 08:21:55.949,1.50575,1.50595,1.00,3.30
2010.06.30 08:21:57.099,1.50575,1.50595,1.00,2.40
2010.06.30 08:21:59.518,1.50575,1.50595,1.00,1.60
2010.06.30 08:22:03.409,1.50575,1.50595,1.00,4.40
2010.06.30 08:22:04.918,1.50575,1.50595,1.00,4.50
2010.06.30 08:22:11.836,1.50575,1.50595,1.00,4.60
2010.06.30 08:22:12.323,1.50575,1.5059,1.00,1.00
2010.06.30 08:22:12.474,1.5057,1.5059,1.00,2.40
2010.06.30 08:22:14.077,1.5057,1.5059,1.00,1.20
2010.06.30 08:22:14.419,1.50575,1.5059,1.00,1.00
2010.06.30 08:22:14.580,1.50575,1.5059,1.00,1.00
2010.06.30 08:22:14.975,1.50575,1.50595,1.00,4.40
2010.06.30 08:22:15.133,1.50575,1.50595,1.00,3.90
2010.06.30 08:22:17.998,1.50575,1.50595,1.00,4.70
2010.06.30 08:22:18.629,1.50575,1.50595,1.00,3.90
2010.06.30 08:22:24.277,1.50575,1.50595,1.00,3.60
2010.06.30 08:22:29.823,1.50575,1.50595,1.00,5.90
2010.06.30 08:22:29.941,1.50575,1.50595,1.00,5.60
2010.06.30 08:22:30.158,1.50575,1.50595,1.00,5.70
2010.06.30 08:22:34.017,1.5057,1.5059,1.20,1.00
2010.06.30 08:22:34.290,1.50575,1.5059,1.00,1.00
2010.06.30 08:22:34.562,1.50575,1.50595,1.00,6.40
2010.06.30 08:22:37.189,1.5057,1.5059,1.20,1.60
2010.06.30 08:22:37.450,1.5057,1.5059,1.00,2.00
2010.06.30 08:22:38.409,1.5057,1.5059,1.00,2.80
2010.06.30 08:22:38.767,1.5057,1.5059,1.00,3.20
2010.06.30 08:22:38.949,1.5057,1.50585,1.00,1.00
2010.06.30 08:22:39.559,1.5057,1.5059,1.00,2.80
2010.06.30 08:22:40.265,1.5057,1.5059,1.00,3.20
2010.06.30 08:22:40.620,1.5057,1.50585,1.00,1.00
2010.06.30 08:22:44.016,1.50565,1.50585,2.80,1.30
2010.06.30 08:22:44.289,1.50565,1.5058,1.00,2.40
2010.06.30 08:22:44.903,1.5056,1.5057,1.00,1.00
2010.06.30 08:22:45.234,1.50555,1.50575,2.00,1.00
2010.06.30 08:22:46.330,1.50555,1.50575,2.80,1.00
2010.06.30 08:22:47.049,1.5056,1.5058,1.00,2.40
2010.06.30 08:22:47.390,1.5056,1.5058,1.00,1.00
2010.06.30 08:22:48.000,1.50555,1.50575,2.60,1.00
2010.06.30 08:22:48.676,1.50555,1.5057,1.00,1.00
2010.06.30 08:22:50.133,1.5055,1.5057,2.00,1.00
2010.06.30 08:22:51.611,1.50555,1.50575,1.00,2.80
2010.06.30 08:22:51.862,1.50555,1.50575,1.20,1.00
2010.06.30 08:22:53.216,1.50555,1.50575,1.00,1.00
2010.06.30 08:22:56.025,1.50555,1.50575,1.20,1.00
2010.06.30 08:22:56.605,1.50555,1.5057,1.00,1.00
2010.06.30 08:22:57.616,1.50555,1.50575,1.20,3.60
2010.06.30 08:22:58.284,1.50555,1.50575,2.80,1.00
2010.06.30 08:22:58.556,1.50555,1.50575,2.40,1.00
2010.06.30 08:23:01.296,1.50555,1.50575,2.60,1.00
2010.06.30 08:23:01.536,1.5056,1.5058,1.00,5.70
2010.06.30 08:23:02.106,1.5056,1.5058,1.00,2.50
2010.06.30 08:23:02.412,1.5056,1.5058,2.00,1.00
2010.06.30 08:23:03.108,1.5056,1.5058,1.20,1.60
2010.06.30 08:23:03.454,1.5056,1.5058,2.00,1.00
2010.06.30 08:23:03.800,1.50565,1.5058,1.00,1.00
2010.06.30 08:23:04.366,1.5057,1.50585,1.20,1.00
2010.06.30 08:23:04.699,1.5057,1.50585,1.00,1.00
2010.06.30 08:23:06.710,1.50575,1.50585,1.00,1.00
2010.06.30 08:23:07.313,1.5058,1.5059,1.00,1.00
2010.06.30 08:23:07.608,1.5058,1.506,1.00,1.00
2010.06.30 08:23:08.319,1.50585,1.50605,1.00,5.00
2010.06.30 08:23:08.585,1.50585,1.50605,1.00,2.90
2010.06.30 08:23:09.226,1.50585,1.50605,1.00,3.40
2010.06.30 08:23:09.576,1.5058,1.506,1.60,1.00
2010.06.30 08:23:09.919,1.50585,1.50605,1.00,4.20
2010.06.30 08:23:10.266,1.5058,1.506,1.60,1.00
2010.06.30 08:23:10.685,1.50585,1.50605,1.00,4.60
2010.06.30 08:23:10.808,1.5058,1.506,1.00,1.00
2010.06.30 08:23:11.583,1.5058,1.50595,1.00,1.00
2010.06.30 08:23:11.699,1.50575,1.50595,3.20,1.00
2010.06.30 08:23:12.044,1.50575,1.50595,5.40,1.00
2010.06.30 08:23:12.553,1.50575,1.50595,2.60,1.00
2010.06.30 08:23:12.908,1.50585,1.506,1.00,1.90
2010.06.30 08:23:13.258,1.5058,1.506,1.00,1.90
2010.06.30 08:23:14.015,1.5058,1.506,1.00,1.00
2010.06.30 08:23:14.366,1.5058,1.506,1.00,1.60
2010.06.30 08:23:16.117,1.50585,1.50605,1.00,3.70
2010.06.30 08:23:16.300,1.50585,1.50605,1.00,2.90
2010.06.30 08:23:18.528,1.50585,1.50605,1.00,1.60
2010.06.30 08:23:19.741,1.5059,1.50605,1.00,1.00
2010.06.30 08:23:20.050,1.50585,1.50605,1.00,1.60
2010.06.30 08:23:20.361,1.5059,1.50605,1.00,1.00
2010.06.30 08:23:20.913,1.50585,1.50605,1.00,1.60
2010.06.30 08:23:22.008,1.5058,1.506,1.00,1.00
2010.06.30 08:23:25.718,1.5058,1.506,1.00,1.00
2010.06.30 08:23:26.256,1.5058,1.506,1.00,1.60
2010.06.30 08:23:32.568,1.50575,1.50595,2.40,1.00
2010.06.30 08:23:32.849,1.50575,1.5059,1.00,1.00
2010.06.30 08:23:33.361,1.50575,1.5059,1.00,1.00
2010.06.30 08:23:33.537,1.5056,1.5058,2.00,1.00
2010.06.30 08:23:33.701,1.5056,1.50575,1.00,1.00
2010.06.30 08:23:34.833,1.50555,1.50575,2.60,1.20
2010.06.30 08:23:35.734,1.50555,1.50575,2.60,2.00
2010.06.30 08:23:37.901,1.50555,1.50575,2.60,1.60
2010.06.30 08:23:39.019,1.50555,1.50575,2.60,1.00
2010.06.30 08:23:40.921,1.50555,1.50575,2.80,1.00
2010.06.30 08:23:42.671,1.5056,1.5058,1.00,5.00
2010.06.30 08:23:42.922,1.5056,1.5058,1.20,4.30
2010.06.30 08:23:43.399,1.50565,1.5058,1.00,2.40
2010.06.30 08:23:43.645,1.50565,1.5058,1.00,1.00
2010.06.30 08:23:44.349,1.50565,1.5058,1.00,1.00
2010.06.30 08:23:44.924,1.5056,1.5058,1.20,1.00
2010.06.30 08:23:48.320,1.5056,1.5058,1.00,1.20
2010.06.30 08:23:48.868,1.5056,1.5058,1.00,1.00
2010.06.30 08:23:49.147,1.5056,1.5058,1.20,1.00
2010.06.30 08:23:58.196,1.50565,1.50585,1.00,3.80
2010.06.30 08:23:58.524,1.5056,1.5058,3.60,1.00
2010.06.30 08:23:59.246,1.5056,1.5058,5.20,1.00
2010.06.30 08:23:59.422,1.5056,1.5058,1.00,1.20
2010.06.30 08:24:00.993,1.5056,1.5058,1.00,1.60
2010.06.30 08:24:01.979,1.5056,1.5058,1.00,1.00
2010.06.30 08:24:02.254,1.5056,1.5058,1.00,1.20
2010.06.30 08:24:03.150,1.5056,1.5058,1.00,1.00
2010.06.30 08:24:11.573,1.5057,1.50585,1.00,3.60
2010.06.30 08:24:11.835,1.50575,1.50595,1.00,3.10
2010.06.30 08:24:15.128,1.5057,1.5059,2.00,1.00
2010.06.30 08:24:15.927,1.5057,1.5059,1.60,1.00
2010.06.30 08:24:16.534,1.50575,1.5059,1.60,1.00
2010.06.30 08:24:16.666,1.5058,1.50595,1.00,2.80
2010.06.30 08:24:16.794,1.5058,1.50595,1.00,1.00
2010.06.30 08:24:16.924,1.50585,1.506,1.00,1.50
2010.06.30 08:24:17.651,1.5059,1.50605,1.00,2.30
2010.06.30 08:24:18.208,1.5059,1.50605,1.00,1.20
2010.06.30 08:24:22.680,1.5059,1.506,1.00,1.00
2010.06.30 08:24:23.604,1.5059,1.5061,1.00,3.60
2010.06.30 08:24:24.270,1.5059,1.5061,1.00,2.80
2010.06.30 08:24:25.160,1.5059,1.50605,1.00,1.00
2010.06.30 08:24:25.845,1.5059,1.50605,1.00,1.00
2010.06.30 08:24:28.508,1.50585,1.50605,1.00,1.20
2010.06.30 08:24:28.942,1.5058,1.506,2.40,1.20
2010.06.30 08:24:29.881,1.5058,1.50595,1.00,1.00
2010.06.30 08:24:29.998,1.5058,1.506,1.00,2.30
2010.06.30 08:24:30.118,1.5058,1.506,1.60,1.20
2010.06.30 08:24:31.819,1.5058,1.506,1.60,1.00
2010.06.30 08:24:31.998,1.5058,1.506,1.60,1.00
2010.06.30 08:24:32.698,1.5058,1.506,2.40,1.20
2010.06.30 08:24:33.658,1.5058,1.506,1.60,1.20
2010.06.30 08:24:35.288,1.5058,1.506,2.40,1.00
2010.06.30 08:24:35.537,1.5058,1.506,2.40,1.00
2010.06.30 08:24:36.038,1.5058,1.506,1.60,1.00
2010.06.30 08:24:36.560,1.5058,1.506,1.60,1.00
2010.06.30 08:24:36.623,1.5058,1.506,1.60,1.20
2010.06.30 08:24:36.684,1.5058,1.506,2.40,1.20
2010.06.30 08:24:37.418,1.5058,1.506,2.40,1.00
2010.06.30 08:24:37.547,1.5058,1.506,2.40,1.00
2010.06.30 08:24:38.012,1.5058,1.506,1.60,1.20
2010.06.30 08:24:45.820,1.50585,1.506,1.00,1.20
2010.06.30 08:24:47.329,1.50585,1.506,1.00,2.00
2010.06.30 08:24:47.912,1.5058,1.506,1.60,3.20
2010.06.30 08:24:48.098,1.5058,1.506,1.60,4.00
2010.06.30 08:24:48.511,1.5058,1.506,1.60,4.30
2010.06.30 08:24:49.633,1.5058,1.50595,1.00,1.00
2010.06.30 08:24:49.973,1.5058,1.506,1.00,2.90
2010.06.30 08:24:50.311,1.5058,1.506,1.60,2.30
2010.06.30 08:24:51.238,1.5058,1.506,1.60,1.90
2010.06.30 08:24:52.028,1.5057,1.50585,3.60,1.00
2010.06.30 08:24:52.346,1.5057,1.50585,1.00,1.00
2010.06.30 08:24:52.655,1.50565,1.50585,4.00,1.00
2010.06.30 08:24:53.166,1.50565,1.50585,3.20,1.00
2010.06.30 08:24:53.479,1.5058,1.5059,1.00,1.00
2010.06.30 08:24:53.802,1.5058,1.506,1.00,2.70
2010.06.30 08:24:54.119,1.5058,1.506,1.00,3.50
2010.06.30 08:24:54.989,1.5058,1.506,1.00,3.90
2010.06.30 08:24:55.522,1.50575,1.50595,1.00,1.00
2010.06.30 08:24:56.418,1.50575,1.50595,1.00,1.60
2010.06.30 08:24:57.224,1.50575,1.50595,1.00,4.00
2010.06.30 08:24:57.571,1.50575,1.50595,1.00,1.60
2010.06.30 08:24:58.336,1.50575,1.50595,1.00,1.90
2010.06.30 08:24:58.683,1.50575,1.50595,1.00,2.00
2010.06.30 08:25:01.238,1.5058,1.506,1.00,3.40
2010.06.30 08:25:01.369,1.5058,1.506,1.60,3.40
2010.06.30 08:25:02.036,1.5058,1.506,1.60,2.60
2010.06.30 08:25:02.175,1.5058,1.506,1.00,2.60
2010.06.30 08:25:02.525,1.5058,1.506,1.60,1.90
2010.06.30 08:25:02.875,1.50575,1.5059,1.60,1.00
2010.06.30 08:25:03.608,1.50575,1.5059,1.20,1.00
2010.06.30 08:25:03.896,1.5058,1.50595,1.00,1.00
2010.06.30 08:25:06.224,1.5058,1.50595,1.00,1.00
2010.06.30 08:25:08.507,1.5058,1.50595,1.00,1.00
2010.06.30 08:25:08.947,1.5058,1.506,1.00,4.00
2010.06.30 08:25:09.117,1.5058,1.506,1.00,4.70
2010.06.30 08:25:09.292,1.5058,1.506,1.00,3.90
2010.06.30 08:25:10.521,1.5058,1.506,1.00,4.70
2010.06.30 08:25:14.238,1.5058,1.506,1.00,4.80
2010.06.30 08:25:14.428,1.5058,1.506,1.00,4.40
2010.06.30 08:25:17.480,1.5058,1.506,1.00,3.60
2010.06.30 08:25:18.807,1.50585,1.50605,1.00,3.90
2010.06.30 08:25:18.972,1.50585,1.50605,1.00,2.40
2010.06.30 08:25:19.705,1.5059,1.50605,1.00,1.60
2010.06.30 08:25:20.044,1.5059,1.50605,1.00,1.90
2010.06.30 08:25:20.383,1.5059,1.50605,1.00,1.00
2010.06.30 08:25:28.898,1.5059,1.5061,1.00,3.50
2010.06.30 08:25:29.652,1.50585,1.50605,1.00,1.00
2010.06.30 08:25:29.881,1.5059,1.5061,1.00,4.40
2010.06.30 08:25:30.114,1.50595,1.5061,1.00,1.10
2010.06.30 08:25:30.819,1.50595,1.50615,1.00,3.60
2010.06.30 08:25:31.710,1.50595,1.50615,1.00,3.50
2010.06.30 08:25:34.229,1.50595,1.50615,1.00,2.40
2010.06.30 08:25:34.433,1.50595,1.50615,1.20,2.40
2010.06.30 08:25:34.853,1.50595,1.50615,1.00,2.40
2010.06.30 08:25:35.050,1.50605,1.50625,1.00,3.90
2010.06.30 08:25:36.039,1.5061,1.50625,1.00,2.00
2010.06.30 08:25:36.725,1.5061,1.50625,1.00,1.20
2010.06.30 08:25:37.446,1.5061,1.5062,1.00,2.80
2010.06.30 08:25:38.136,1.5061,1.5062,1.00,1.00
2010.06.30 08:25:38.438,1.5061,1.50625,1.00,1.00
2010.06.30 08:25:38.712,1.50605,1.50625,1.40,1.20
2010.06.30 08:25:39.322,1.50605,1.50625,1.00,1.20
2010.06.30 08:25:39.671,1.50605,1.50625,1.00,2.00
2010.06.30 08:25:40.859,1.50605,1.50625,1.00,1.80
2010.06.30 08:25:45.128,1.50605,1.50625,1.00,2.60
2010.06.30 08:25:45.668,1.50605,1.50625,1.00,2.80
2010.06.30 08:25:46.142,1.50605,1.50625,1.00,2.60
2010.06.30 08:25:47.198,1.50605,1.50625,1.00,2.80
2010.06.30 08:25:48.850,1.50605,1.50625,1.00,2.60
2010.06.30 08:25:49.129,1.50605,1.50625,1.00,2.80
2010.06.30 08:25:49.531,1.50605,1.50625,1.00,3.20
2010.06.30 08:25:50.328,1.50605,1.50625,1.00,3.00
2010.06.30 08:25:51.560,1.50605,1.50625,1.00,5.40
2010.06.30 08:25:52.227,1.5061,1.50625,1.00,4.60
2010.06.30 08:25:52.535,1.5061,1.50625,1.00,4.80
2010.06.30 08:25:57.108,1.5061,1.5062,1.00,1.60
2010.06.30 08:25:57.629,1.50605,1.5062,1.00,8.50
2010.06.30 08:25:57.781,1.506,1.5062,1.00,9.80
2010.06.30 08:25:58.073,1.506,1.5062,1.00,6.60
2010.06.30 08:25:58.359,1.506,1.5062,1.00,7.80
2010.06.30 08:25:59.262,1.506,1.5062,1.00,9.40
2010.06.30 08:25:59.480,1.506,1.5062,1.00,9.00
2010.06.30 08:26:00.131,1.50595,1.50615,2.40,1.80
2010.06.30 08:26:00.602,1.5059,1.50605,7.50,1.00
2010.06.30 08:26:00.829,1.5059,1.5061,1.60,2.00
2010.06.30 08:26:01.250,1.50595,1.5061,1.00,1.20
2010.06.30 08:26:01.511,1.5059,1.5061,1.00,1.00
2010.06.30 08:26:02.119,1.50595,1.50615,1.00,7.40
2010.06.30 08:26:02.255,1.506,1.50615,1.00,5.00
2010.06.30 08:26:02.605,1.506,1.50615,1.00,2.00
2010.06.30 08:26:03.334,1.506,1.50615,1.00,1.00
2010.06.30 08:26:05.145,1.506,1.50615,1.00,2.10
2010.06.30 08:26:05.435,1.50595,1.50615,1.00,3.20
2010.06.30 08:26:05.602,1.5059,1.5061,2.40,1.00
2010.06.30 08:26:06.487,1.50605,1.50615,1.00,1.00
2010.06.30 08:26:06.681,1.50605,1.50615,1.00,1.00
2010.06.30 08:26:06.875,1.506,1.5061,2.80,1.00
2010.06.30 08:26:07.073,1.506,1.50615,1.60,4.40
2010.06.30 08:26:07.638,1.50595,1.50615,1.00,3.20
2010.06.30 08:26:07.978,1.50595,1.50615,1.00,1.60
2010.06.30 08:26:08.314,1.50595,1.50615,1.00,1.70
2010.06.30 08:26:09.588,1.506,1.5061,1.00,2.80
2010.06.30 08:26:09.931,1.506,1.5061,1.00,2.90
2010.06.30 08:26:11.607,1.506,1.5061,1.00,3.70
2010.06.30 08:26:13.104,1.506,1.5061,1.00,2.90
2010.06.30 08:26:13.875,1.50595,1.5061,1.00,3.70
2010.06.30 08:26:14.229,1.5059,1.5061,1.00,4.50
2010.06.30 08:26:14.581,1.5059,1.50605,1.00,2.40
2010.06.30 08:26:15.335,1.5059,1.5061,1.00,5.30
2010.06.30 08:26:15.682,1.5059,1.5061,1.00,4.50
2010.06.30 08:26:16.464,1.5059,1.5061,1.00,5.30
2010.06.30 08:26:16.749,1.5059,1.5061,1.00,6.90
2010.06.30 08:26:18.517,1.5058,1.50595,3.20,1.00
2010.06.30 08:26:19.070,1.5058,1.50595,1.60,1.00
2010.06.30 08:26:19.225,1.50575,1.50595,1.00,1.00
2010.06.30 08:26:19.383,1.50585,1.506,1.00,8.00
2010.06.30 08:26:19.738,1.5059,1.506,1.00,1.00
2010.06.30 08:26:20.475,1.50595,1.5061,1.00,5.30
2010.06.30 08:26:20.729,1.5059,1.5061,1.20,6.10
2010.06.30 08:26:21.232,1.5059,1.5061,1.00,8.50
2010.06.30 08:26:21.817,1.5059,1.50605,1.00,4.10
2010.06.30 08:26:21.998,1.50585,1.506,1.20,2.40
2010.06.30 08:26:22.171,1.50585,1.506,1.00,2.40
2010.06.30 08:26:22.343,1.5058,1.506,1.20,4.00
2010.06.30 08:26:22.895,1.5058,1.506,1.00,5.20
2010.06.30 08:26:23.244,1.5058,1.506,1.00,5.40
2010.06.30 08:26:23.590,1.5058,1.506,1.00,6.80
2010.06.30 08:26:24.228,1.5058,1.506,1.00,8.60
2010.06.30 08:26:24.865,1.5058,1.506,1.00,9.40
2010.06.30 08:26:25.507,1.5058,1.506,1.00,8.60
2010.06.30 08:26:26.417,1.50575,1.50595,1.00,4.40
2010.06.30 08:26:26.560,1.50575,1.50595,1.00,5.60
2010.06.30 08:26:26.979,1.50575,1.50595,1.00,5.20
2010.06.30 08:26:27.502,1.50575,1.50595,1.00,5.00
2010.06.30 08:26:27.791,1.50575,1.50595,1.00,4.70
2010.06.30 08:26:30.185,1.5058,1.50595,1.00,2.30
2010.06.30 08:26:30.445,1.5058,1.50595,1.00,1.00
2010.06.30 08:26:30.701,1.5058,1.506,1.00,2.90
2010.06.30 08:26:31.369,1.5058,1.506,1.00,2.80
2010.06.30 08:26:31.604,1.5058,1.506,1.00,6.80
2010.06.30 08:26:32.223,1.5058,1.506,1.00,7.60
2010.06.30 08:26:32.504,1.5058,1.506,1.00,7.70
2010.06.30 08:26:32.784,1.5058,1.50595,1.00,1.00
2010.06.30 08:26:34.003,1.5058,1.50595,1.00,1.00
2010.06.30 08:26:35.719,1.5058,1.506,1.00,3.20
2010.06.30 08:26:35.929,1.50575,1.5059,1.00,3.20
2010.06.30 08:26:36.135,1.50575,1.50595,1.00,6.20
2010.06.30 08:26:36.712,1.50575,1.50595,1.20,2.70
2010.06.30 08:26:36.994,1.5058,1.50595,1.00,1.00
2010.06.30 08:26:37.269,1.5058,1.50595,1.00,1.60
2010.06.30 08:26:37.550,1.50575,1.5059,1.00,1.00
2010.06.30 08:26:37.833,1.5057,1.5059,1.00,3.60
2010.06.30 08:26:39.211,1.5058,1.5059,1.00,2.90
2010.06.30 08:26:39.819,1.50575,1.5059,1.20,2.90
2010.06.30 08:26:39.969,1.50575,1.5059,1.20,2.80
2010.06.30 08:26:40.491,1.5057,1.5059,1.20,4.40
2010.06.30 08:26:40.656,1.5057,1.5059,2.00,7.70
2010.06.30 08:26:40.823,1.5057,1.5059,1.00,6.90
2010.06.30 08:26:40.989,1.5057,1.5059,1.00,8.50
2010.06.30 08:26:41.147,1.5057,1.5059,1.00,10.90
2010.06.30 08:26:41.681,1.5057,1.5059,1.00,11.20
2010.06.30 08:26:41.947,1.5057,1.50585,2.40,1.10
2010.06.30 08:26:42.212,1.5057,1.50585,1.00,1.10
2010.06.30 08:26:42.483,1.5057,1.5059,1.00,5.30
2010.06.30 08:26:43.428,1.5057,1.5059,1.00,5.20
2010.06.30 08:26:44.072,1.5057,1.5059,1.00,5.30
2010.06.30 08:26:44.317,1.5057,1.5059,1.00,6.10
2010.06.30 08:26:44.568,1.5057,1.50585,1.00,1.00
2010.06.30 08:26:44.949,1.50565,1.50585,2.80,1.60
2010.06.30 08:26:45.516,1.5056,1.50585,2.80,4.80
2010.06.30 08:26:45.821,1.50555,1.5058,9.10,1.00
2010.06.30 08:26:46.394,1.5056,1.5058,1.60,3.20
2010.06.30 08:26:46.651,1.5055,1.50575,6.80,3.20
2010.06.30 08:26:46.894,1.5055,1.50575,2.80,4.00
2010.06.30 08:26:48.111,1.50555,1.50575,1.00,5.70
2010.06.30 08:26:50.802,1.50555,1.50575,1.00,7.70
2010.06.30 08:26:50.970,1.50555,1.50575,1.00,10.10
2010.06.30 08:26:52.614,1.50555,1.50565,1.00,2.80
2010.06.30 08:26:53.158,1.50545,1.5056,4.40,2.40
2010.06.30 08:26:53.391,1.50545,1.50565,2.40,2.40
2010.06.30 08:26:53.613,1.50545,1.50565,2.40,3.70
2010.06.30 08:26:53.834,1.50545,1.50565,2.40,1.00
2010.06.30 08:26:55.681,1.50545,1.50565,1.20,1.00
2010.06.30 08:26:56.277,1.50545,1.50565,1.00,2.50
2010.06.30 08:27:01.246,1.5055,1.50565,1.00,1.70
2010.06.30 08:27:01.788,1.50545,1.50565,2.00,1.00
2010.06.30 08:27:04.322,1.50545,1.50565,2.00,1.00
2010.06.30 08:27:05.277,1.5055,1.50565,1.00,1.00
2010.06.30 08:27:06.239,1.5055,1.5057,1.20,1.00
2010.06.30 08:27:06.958,1.5055,1.50565,1.60,1.60
2010.06.30 08:27:07.262,1.50545,1.5057,3.20,3.20
2010.06.30 08:27:07.974,1.50545,1.5057,4.40,3.70
2010.06.30 08:27:08.326,1.50545,1.5057,5.40,1.00
2010.06.30 08:27:08.533,1.5055,1.5057,1.60,2.40
2010.06.30 08:27:08.741,1.50545,1.5057,3.20,3.20
2010.06.30 08:27:09.325,1.5055,1.5057,1.00,1.00
2010.06.30 08:27:09.622,1.50555,1.5057,1.00,2.40
2010.06.30 08:27:09.921,1.5055,1.5057,1.00,1.00
2010.06.30 08:27:10.213,1.5055,1.5057,1.20,3.20
2010.06.30 08:27:10.512,1.5055,1.5057,1.00,2.00
2010.06.30 08:27:10.761,1.5055,1.5057,1.00,4.80
2010.06.30 08:27:11.255,1.5055,1.5057,1.00,1.00
2010.06.30 08:27:11.509,1.50555,1.50575,1.00,3.50
2010.06.30 08:27:11.662,1.5055,1.50575,2.00,6.70
2010.06.30 08:27:11.810,1.50545,1.5057,3.20,1.00
2010.06.30 08:27:12.352,1.5054,1.5056,5.50,1.00
2010.06.30 08:27:12.507,1.50535,1.5056,6.60,2.60
2010.06.30 08:27:12.854,1.50535,1.5056,7.20,2.40
2010.06.30 08:27:13.781,1.50535,1.5056,7.60,2.60
2010.06.30 08:27:14.005,1.50535,1.5056,7.20,2.80
2010.06.30 08:27:15.214,1.50535,1.5056,5.60,3.60
2010.06.30 08:27:15.569,1.5054,1.50555,1.00,1.00
2010.06.30 08:27:15.844,1.5054,1.50555,1.00,1.20
2010.06.30 08:27:16.300,1.5054,1.50555,1.00,3.60
2010.06.30 08:27:16.586,1.5054,1.5055,1.00,1.00
2010.06.30 08:27:17.393,1.50535,1.5055,1.20,1.00
2010.06.30 08:27:17.602,1.5053,1.5055,1.20,2.80
2010.06.30 08:27:18.471,1.5053,1.5054,1.00,2.80
2010.06.30 08:27:18.968,1.50525,1.5054,1.00,2.80
2010.06.30 08:27:19.272,1.50525,1.50545,1.20,4.40
2010.06.30 08:27:20.027,1.5053,1.50545,1.00,2.50
2010.06.30 08:27:21.284,1.5053,1.50545,1.00,2.90
2010.06.30 08:27:21.502,1.5053,1.50545,1.00,2.00
2010.06.30 08:27:22.199,1.5053,1.50545,1.00,4.50
2010.06.30 08:27:24.731,1.5053,1.5054,1.00,1.00
2010.06.30 08:27:25.621,1.50525,1.5054,1.00,1.00
2010.06.30 08:27:25.833,1.5052,1.5054,1.00,2.60
2010.06.30 08:27:26.042,1.5052,1.5053,1.00,1.00
2010.06.30 08:27:26.249,1.5052,1.50535,1.00,1.00
2010.06.30 08:27:27.203,1.5051,1.5053,1.00,1.20
2010.06.30 08:27:27.528,1.5051,1.5053,1.00,4.40
2010.06.30 08:27:27.935,1.5051,1.5053,1.00,4.80
2010.06.30 08:27:28.263,1.5051,1.5053,1.00,4.60
2010.06.30 08:27:28.588,1.5051,1.50525,1.00,1.00
2010.06.30 08:27:29.298,1.50505,1.50525,2.60,1.60
2010.06.30 08:27:29.623,1.5051,1.50525,1.00,1.00
2010.06.30 08:27:29.917,1.50505,1.50525,3.00,2.20
2010.06.30 08:27:30.324,1.50505,1.5052,2.40,2.40
2010.06.30 08:27:30.626,1.50495,1.5051,3.70,1.00
2010.06.30 08:27:31.559,1.50495,1.5051,3.90,1.00
2010.06.30 08:27:31.832,1.50495,1.5051,3.10,1.00
2010.06.30 08:27:34.889,1.505,1.5052,1.00,4.40
2010.06.30 08:27:35.615,1.50505,1.5052,1.00,2.40
2010.06.30 08:27:35.951,1.50505,1.50525,1.20,1.90
2010.06.30 08:27:36.671,1.50505,1.50525,1.40,1.00
2010.06.30 08:27:36.947,1.50515,1.50525,1.00,2.40
2010.06.30 08:27:37.211,1.50505,1.50525,2.40,1.00
2010.06.30 08:27:37.470,1.50505,1.50525,3.20,1.00
2010.06.30 08:27:37.852,1.5051,1.50525,1.00,2.40
2010.06.30 08:27:38.040,1.5051,1.5053,2.40,4.80
2010.06.30 08:27:38.232,1.5051,1.50525,1.60,1.00
2010.06.30 08:27:38.815,1.50515,1.5053,1.00,2.80
2010.06.30 08:27:39.031,1.50515,1.50525,1.00,1.00
2010.06.30 08:27:39.241,1.50515,1.50535,1.20,3.10
2010.06.30 08:27:39.450,1.50515,1.5053,1.00,1.20
2010.06.30 08:27:39.660,1.50515,1.50525,1.00,1.00
2010.06.30 08:27:39.951,1.50515,1.5053,1.00,2.80
2010.06.30 08:27:40.659,1.50515,1.50525,1.00,1.00
2010.06.30 08:27:40.979,1.50515,1.5053,1.00,4.00
2010.06.30 08:27:41.713,1.50505,1.50525,1.20,1.00
2010.06.30 08:27:43.912,1.5051,1.50525,1.60,1.00
2010.06.30 08:27:44.068,1.50515,1.5053,1.00,3.20
2010.06.30 08:27:44.224,1.50515,1.5053,1.00,2.80
2010.06.30 08:27:44.371,1.50515,1.5053,1.00,2.80
2010.06.30 08:27:45.025,1.5051,1.5053,2.40,2.60
2010.06.30 08:27:45.373,1.5051,1.5053,2.40,2.80
2010.06.30 08:27:46.116,1.5051,1.5053,2.40,2.90
2010.06.30 08:27:46.868,1.5051,1.5053,2.40,3.30
2010.06.30 08:27:47.062,1.5051,1.5053,2.40,2.90
2010.06.30 08:27:48.047,1.5051,1.5053,2.40,2.80
2010.06.30 08:27:49.006,1.5051,1.5053,2.40,3.60
2010.06.30 08:27:49.317,1.50505,1.50515,1.00,2.40
2010.06.30 08:27:49.599,1.505,1.50515,1.60,2.40
2010.06.30 08:27:50.010,1.5051,1.50515,1.00,1.60
2010.06.30 08:27:50.289,1.50505,1.50525,1.20,3.20
2010.06.30 08:27:50.630,1.50505,1.50525,1.20,3.20
2010.06.30 08:27:56.833,1.50505,1.50525,1.20,3.40
2010.06.30 08:27:57.581,1.50505,1.5052,1.00,1.00
2010.06.30 08:27:57.930,1.505,1.5052,2.40,3.60
2010.06.30 08:27:58.596,1.50505,1.50525,1.00,6.80
2010.06.30 08:27:58.865,1.50505,1.50525,1.00,3.60
2010.06.30 08:27:59.471,1.50505,1.50525,1.00,3.70
2010.06.30 08:27:59.811,1.50505,1.50525,1.20,3.70
2010.06.30 08:28:00.774,1.505,1.50515,1.60,2.40
2010.06.30 08:28:01.108,1.505,1.50515,1.60,3.20
2010.06.30 08:28:03.441,1.505,1.5051,1.60,2.40
2010.06.30 08:28:03.743,1.50495,1.5051,2.70,2.40
2010.06.30 08:28:04.045,1.50495,1.5051,2.50,2.60
2010.06.30 08:28:04.752,1.5049,1.50505,2.80,1.00
2010.06.30 08:28:05.059,1.50495,1.50505,1.00,1.00
2010.06.30 08:28:05.738,1.505,1.50505,1.20,1.60
2010.06.30 08:28:06.048,1.50495,1.5051,1.00,3.10
2010.06.30 08:28:06.260,1.50495,1.5051,1.00,2.30
2010.06.30 08:28:06.469,1.50495,1.5051,1.00,1.20
2010.06.30 08:28:08.638,1.50495,1.5051,1.00,1.60
2010.06.30 08:28:09.488,1.50495,1.5051,1.00,1.00
2010.06.30 08:28:09.727,1.505,1.50515,1.20,1.00
2010.06.30 08:28:10.075,1.505,1.5052,1.00,3.90
2010.06.30 08:28:10.748,1.505,1.5052,1.00,2.80
2010.06.30 08:28:11.037,1.505,1.50515,1.00,1.00
2010.06.30 08:28:11.326,1.505,1.5052,1.20,3.90
2010.06.30 08:28:11.605,1.50505,1.5052,1.00,1.00
2010.06.30 08:28:12.568,1.50505,1.5052,1.00,1.00
2010.06.30 08:28:12.774,1.50505,1.5052,1.00,1.00
2010.06.30 08:28:13.160,1.50505,1.5052,1.00,3.20
2010.06.30 08:28:13.352,1.50505,1.5052,1.00,1.00
2010.06.30 08:28:13.912,1.50505,1.5052,1.00,1.20
2010.06.30 08:28:14.217,1.50505,1.50515,1.00,1.00
2010.06.30 08:28:14.825,1.50505,1.5052,1.00,3.60
2010.06.30 08:28:15.280,1.50505,1.5052,1.00,1.20
