2009.03.06 05:00:06.687,1.41765,1.4181,1.80,4.80
2009.03.06 05:00:07.276,1.41775,1.41805,1.40,1.00
2009.03.06 05:00:09.705,1.4179,1.41805,1.40,1.00
2009.03.06 05:00:10.046,1.41815,1.4182,4.80,6.80
2009.03.06 05:00:10.105,1.41815,1.41825,4.80,5.60
2009.03.06 05:00:10.216,1.41815,1.41825,4.80,4.80
2009.03.06 05:00:10.336,1.41815,1.4183,4.80,1.00
2009.03.06 05:00:10.596,1.41815,1.41835,6.20,1.00
2009.03.06 05:00:11.425,1.41815,1.4183,4.80,1.00
2009.03.06 05:00:12.115,1.41815,1.4183,12.60,1.00
2009.03.06 05:00:14.395,1.41815,1.41835,12.60,1.00
2009.03.06 05:00:17.674,1.41815,1.41835,6.40,1.00
2009.03.06 05:00:19.333,1.4182,1.41835,12.80,1.00
2009.03.06 05:00:19.684,1.41825,1.4184,4.80,1.00
2009.03.06 05:00:27.771,1.41805,1.4182,1.60,4.80
2009.03.06 05:00:28.211,1.41805,1.4184,1.60,1.00
2009.03.06 05:00:29.181,1.41825,1.41845,1.60,4.00
2009.03.06 05:00:29.701,1.4182,1.4184,1.60,1.00
2009.03.06 05:00:34.090,1.4182,1.41845,1.60,1.00
2009.03.06 05:00:34.210,1.41815,1.4184,1.60,1.00
2009.03.06 05:00:34.450,1.4181,1.41835,1.60,1.00
2009.03.06 05:00:37.239,1.4181,1.41835,1.60,1.60
2009.03.06 05:00:37.409,1.4181,1.41825,1.60,4.80
2009.03.06 05:00:37.759,1.41795,1.41825,1.20,5.60
2009.03.06 05:00:41.638,1.4179,1.4182,1.60,5.60
2009.03.06 05:00:42.578,1.4179,1.4182,1.60,10.40
2009.03.06 05:00:42.818,1.4179,1.41815,1.60,4.80
2009.03.06 05:00:43.098,1.41785,1.41815,1.60,5.60
2009.03.06 05:00:45.957,1.4179,1.41815,1.40,4.80
2009.03.06 05:00:46.067,1.4179,1.4182,1.40,5.60
2009.03.06 05:01:00.013,1.41795,1.41825,1.60,5.60
2009.03.06 05:01:02.373,1.418,1.41825,1.60,5.60
2009.03.06 05:01:03.573,1.41795,1.41825,1.60,5.60
2009.03.06 05:01:04.932,1.418,1.41825,1.60,5.60
2009.03.06 05:01:11.871,1.41795,1.41825,1.60,5.60
2009.03.06 05:01:11.981,1.418,1.41825,1.60,5.60
2009.03.06 05:01:15.590,1.41805,1.41825,1.60,4.80
2009.03.06 05:01:23.738,1.418,1.41825,1.60,5.60
2009.03.06 05:01:27.577,1.41805,1.41825,1.60,4.80
2009.03.06 05:01:28.996,1.418,1.41825,1.40,5.60
2009.03.06 05:01:32.696,1.41795,1.41825,1.40,5.60
2009.03.06 05:01:37.445,1.41795,1.41825,1.60,5.60
2009.03.06 05:01:48.512,1.418,1.4183,1.60,5.60
2009.03.06 05:01:59.509,1.41805,1.4183,1.60,4.80
2009.03.06 05:02:00.039,1.418,1.4183,1.60,5.60
2009.03.06 05:02:19.664,1.41805,1.4183,1.40,5.60
2009.03.06 05:02:19.834,1.41805,1.4183,1.60,5.60
2009.03.06 05:02:20.414,1.41825,1.4183,4.80,5.60
2009.03.06 05:02:20.534,1.41835,1.41855,1.60,2.40
2009.03.06 05:02:21.604,1.41825,1.41845,5.60,1.00
2009.03.06 05:02:21.664,1.41825,1.4184,5.60,4.80
2009.03.06 05:02:21.844,1.4182,1.4184,1.60,5.60
2009.03.06 05:02:23.523,1.4182,1.41845,1.20,1.00
2009.03.06 05:02:31.201,1.4182,1.4184,1.20,4.80
2009.03.06 05:02:31.252,1.41815,1.4184,1.60,5.60
2009.03.06 05:02:32.741,1.4183,1.4184,1.60,1.00
2009.03.06 05:02:35.290,1.41825,1.41845,1.60,1.60
2009.03.06 05:02:36.260,1.4182,1.41845,1.60,1.60
2009.03.06 05:02:37.410,1.41825,1.41845,1.60,1.60
2009.03.06 05:02:38.100,1.41825,1.41845,1.60,1.00
2009.03.06 05:02:39.170,1.41825,1.41845,6.40,1.00
2009.03.06 05:02:39.340,1.4183,1.4185,1.60,1.00
2009.03.06 05:02:45.048,1.41825,1.41845,1.60,1.00
2009.03.06 05:02:49.387,1.4182,1.4184,6.60,1.00
2009.03.06 05:02:55.875,1.4182,1.4184,6.40,1.00
2009.03.06 05:02:56.575,1.4182,1.4184,9.60,1.00
2009.03.06 05:02:57.395,1.41825,1.41845,1.20,1.00
2009.03.06 05:02:59.525,1.4182,1.4184,6.60,1.00
2009.03.06 05:03:01.184,1.4182,1.4184,9.80,1.00
2009.03.06 05:03:01.244,1.4182,1.4184,9.60,1.00
2009.03.06 05:03:16.360,1.4182,1.4184,1.60,1.00
2009.03.06 05:03:28.938,1.41825,1.41845,1.60,1.00
2009.03.06 05:03:30.637,1.41825,1.4184,1.60,1.00
2009.03.06 05:03:30.917,1.41825,1.4184,1.60,5.60
2009.03.06 05:03:35.826,1.41825,1.4184,1.60,4.80
2009.03.06 05:03:58.980,1.41825,1.4184,1.60,5.60
2009.03.06 05:03:59.880,1.41815,1.41835,1.60,1.00
2009.03.06 05:04:00.120,1.41815,1.41835,1.60,5.60
2009.03.06 05:04:09.578,1.41815,1.4183,1.60,5.60
2009.03.06 05:04:10.277,1.4179,1.4182,1.60,1.00
2009.03.06 05:04:18.006,1.41785,1.41815,1.80,1.00
2009.03.06 05:04:18.596,1.41785,1.41815,1.80,1.00
2009.03.06 05:04:19.945,1.41785,1.4181,1.80,1.00
2009.03.06 05:04:20.535,1.418,1.41815,3.40,1.00
2009.03.06 05:04:20.945,1.41805,1.4183,1.40,1.60
2009.03.06 05:04:21.125,1.41805,1.4183,1.40,1.00
2009.03.06 05:04:22.235,1.41795,1.41815,10.40,1.00
2009.03.06 05:04:22.345,1.41785,1.41815,1.80,1.00
2009.03.06 05:04:24.334,1.4179,1.41815,1.40,1.00
2009.03.06 05:04:24.564,1.4181,1.41825,6.40,4.80
2009.03.06 05:04:24.924,1.4181,1.4183,6.40,1.00
2009.03.06 05:04:25.324,1.41805,1.41815,5.60,1.00
2009.03.06 05:04:25.554,1.41785,1.41815,1.80,1.00
2009.03.06 05:04:26.613,1.41785,1.41815,6.60,1.00
2009.03.06 05:04:27.343,1.41785,1.41815,1.80,1.00
2009.03.06 05:04:28.903,1.4181,1.41815,4.80,1.00
2009.03.06 05:04:29.263,1.4181,1.4183,1.60,1.00
2009.03.06 05:04:29.553,1.41785,1.41815,1.80,1.00
2009.03.06 05:04:30.183,1.41785,1.41805,1.80,1.00
2009.03.06 05:04:30.353,1.4178,1.41805,6.60,1.00
2009.03.06 05:04:30.932,1.41785,1.41815,1.60,1.00
2009.03.06 05:04:31.332,1.41785,1.41815,1.80,1.00
2009.03.06 05:04:37.231,1.41785,1.41815,1.60,1.00
2009.03.06 05:04:38.781,1.41785,1.41815,6.40,1.00
2009.03.06 05:04:40.640,1.41785,1.41815,1.60,1.00
2009.03.06 05:04:40.810,1.41785,1.41815,6.40,1.00
2009.03.06 05:04:46.949,1.4179,1.4182,1.60,1.00
2009.03.06 05:04:50.198,1.41785,1.41825,1.60,1.00
2009.03.06 05:04:54.027,1.41785,1.4182,1.60,4.80
2009.03.06 05:04:54.267,1.41785,1.41815,1.60,1.00
2009.03.06 05:04:55.137,1.41785,1.41825,1.60,1.00
2009.03.06 05:04:56.826,1.41785,1.41795,1.60,1.00
2009.03.06 05:04:58.166,1.41785,1.41795,6.40,1.70
2009.03.06 05:04:59.746,1.41785,1.41795,1.60,1.70
2009.03.06 05:05:00.185,1.4179,1.41795,1.60,1.70
2009.03.06 05:05:00.485,1.41775,1.4178,4.10,1.00
2009.03.06 05:05:02.415,1.418,1.41805,1.60,1.30
2009.03.06 05:05:03.045,1.41795,1.4184,1.60,1.00
2009.03.06 05:05:22.590,1.4181,1.41835,1.60,5.60
2009.03.06 05:05:22.870,1.4181,1.41835,1.60,1.00
2009.03.06 05:05:27.589,1.41815,1.4184,1.60,1.00
2009.03.06 05:05:42.545,1.4181,1.41835,1.40,1.00
2009.03.06 05:06:30.723,1.41805,1.4183,1.60,1.00
2009.03.06 05:06:31.174,1.41815,1.4184,1.60,1.20
2009.03.06 05:06:46.720,1.4182,1.41845,1.60,1.00
2009.03.06 05:07:07.215,1.4182,1.41845,3.00,1.00
2009.03.06 05:07:07.325,1.4184,1.41845,6.40,1.00
2009.03.06 05:07:07.725,1.41845,1.41855,4.60,4.80
2009.03.06 05:07:07.895,1.4183,1.41845,2.20,1.00
2009.03.06 05:07:07.955,1.4182,1.41845,1.40,1.00
2009.03.06 05:07:12.004,1.4182,1.41845,3.00,1.00
2009.03.06 05:07:12.183,1.41845,1.41865,1.60,1.00
2009.03.06 05:07:17.152,1.41845,1.41865,1.60,5.60
2009.03.06 05:07:17.432,1.41825,1.4185,1.60,1.00
2009.03.06 05:07:20.372,1.41835,1.4185,8.00,1.00
2009.03.06 05:07:20.602,1.4184,1.4186,1.40,1.00
2009.03.06 05:07:22.871,1.41845,1.41865,3.00,1.00
2009.03.06 05:07:22.931,1.41845,1.41865,4.60,1.00
2009.03.06 05:07:23.031,1.41845,1.41865,6.20,1.00
2009.03.06 05:07:23.541,1.41845,1.41865,3.00,1.00
2009.03.06 05:07:23.841,1.4184,1.4186,3.80,1.00
2009.03.06 05:07:25.720,1.41835,1.41855,10.40,1.00
2009.03.06 05:07:26.061,1.41835,1.41855,5.60,1.00
2009.03.06 05:07:26.170,1.41825,1.4185,1.60,1.00
2009.03.06 05:07:27.150,1.41845,1.4185,8.00,1.00
2009.03.06 05:07:27.740,1.41855,1.41865,4.00,4.80
2009.03.06 05:07:27.960,1.41815,1.4185,1.40,1.00
2009.03.06 05:07:31.569,1.41835,1.4185,3.20,1.00
2009.03.06 05:07:31.919,1.4184,1.4186,1.60,1.00
2009.03.06 05:07:36.728,1.41835,1.4185,8.80,1.00
2009.03.06 05:07:37.128,1.41835,1.4185,7.20,1.00
2009.03.06 05:07:37.187,1.41825,1.4185,1.40,1.00
2009.03.06 05:07:38.917,1.4184,1.4185,5.60,1.00
2009.03.06 05:07:39.087,1.41845,1.4186,2.20,4.80
2009.03.06 05:07:39.267,1.41845,1.41865,4.60,1.00
2009.03.06 05:07:39.387,1.41845,1.41865,6.20,1.00
2009.03.06 05:07:45.945,1.41845,1.41865,6.20,4.00
2009.03.06 05:07:46.065,1.41845,1.41865,6.20,4.80
2009.03.06 05:07:53.273,1.41845,1.41865,4.60,4.80
2009.03.06 05:07:56.403,1.41845,1.41855,4.60,4.80
2009.03.06 05:07:56.983,1.41845,1.41855,4.60,4.80
2009.03.06 05:07:57.103,1.41825,1.4185,1.60,1.00
2009.03.06 05:07:59.492,1.4184,1.4185,8.00,1.00
2009.03.06 05:08:00.122,1.41845,1.41865,5.40,1.00
2009.03.06 05:08:07.990,1.41845,1.41865,6.20,1.00
2009.03.06 05:08:08.100,1.41845,1.41865,9.40,1.00
2009.03.06 05:08:08.370,1.4185,1.41865,2.20,1.00
2009.03.06 05:08:09.140,1.41845,1.41865,15.20,1.00
2009.03.06 05:08:11.619,1.41845,1.41865,10.40,1.00
2009.03.06 05:08:11.779,1.41825,1.4185,1.60,1.00
2009.03.06 05:08:21.717,1.41825,1.4185,3.00,1.00
2009.03.06 05:08:21.827,1.41845,1.4185,4.80,1.00
2009.03.06 05:08:22.057,1.41845,1.4185,8.00,1.00
2009.03.06 05:08:22.117,1.41845,1.41865,9.60,1.00
2009.03.06 05:08:22.176,1.41845,1.41865,15.20,1.00
2009.03.06 05:08:30.984,1.41825,1.4185,3.00,1.00
2009.03.06 05:08:31.144,1.41845,1.4185,8.00,1.00
2009.03.06 05:08:31.315,1.41845,1.41865,9.60,1.00
2009.03.06 05:08:31.664,1.41845,1.41865,15.20,1.00
2009.03.06 05:08:43.972,1.4185,1.4187,14.40,1.00
2009.03.06 05:08:45.411,1.4185,1.4187,15.20,1.00
2009.03.06 05:08:46.242,1.41845,1.41865,15.80,1.00
2009.03.06 05:08:48.990,1.4185,1.4187,15.20,1.00
2009.03.06 05:08:54.399,1.4185,1.4187,13.60,1.00
2009.03.06 05:08:54.459,1.4185,1.4187,2.40,1.00
2009.03.06 05:08:54.579,1.4185,1.4187,2.40,2.40
2009.03.06 05:08:54.699,1.4185,1.4187,1.60,2.40
2009.03.06 05:08:55.039,1.41845,1.41855,8.80,1.00
2009.03.06 05:08:55.159,1.41835,1.41855,1.60,1.00
2009.03.06 05:08:57.528,1.4183,1.4185,1.60,1.00
2009.03.06 05:09:09.965,1.41835,1.41855,1.60,1.00
2009.03.06 05:09:14.484,1.4183,1.4185,3.60,1.00
2009.03.06 05:09:14.894,1.4183,1.4185,1.20,1.00
2009.03.06 05:09:15.474,1.41825,1.41845,1.20,1.00
2009.03.06 05:09:34.429,1.41835,1.4185,13.60,1.00
2009.03.06 05:09:35.099,1.41835,1.4185,10.40,1.00
2009.03.06 05:09:35.489,1.41835,1.4185,13.60,1.00
2009.03.06 05:09:36.368,1.41835,1.4185,8.80,1.00
2009.03.06 05:09:36.589,1.41835,1.4185,14.60,1.00
2009.03.06 05:09:36.929,1.41835,1.41845,14.60,1.00
2009.03.06 05:09:36.988,1.41835,1.4184,5.60,1.00
2009.03.06 05:09:37.039,1.41825,1.4184,5.60,1.00
2009.03.06 05:09:37.328,1.4182,1.4184,1.60,1.00
2009.03.06 05:09:37.489,1.4182,1.41845,2.20,1.00
2009.03.06 05:09:37.958,1.4182,1.41845,1.60,1.00
2009.03.06 05:09:38.898,1.4182,1.41825,1.60,1.20
2009.03.06 05:09:41.048,1.4182,1.4183,1.40,2.40
2009.03.06 05:09:43.297,1.4182,1.4183,1.40,1.20
2009.03.06 05:09:46.116,1.4182,1.4183,1.60,1.20
2009.03.06 05:09:58.314,1.4182,1.41835,1.60,1.20
2009.03.06 05:09:58.593,1.4182,1.41845,1.60,1.00
2009.03.06 05:10:04.192,1.41825,1.4185,1.60,1.00
2009.03.06 05:10:04.492,1.4182,1.41845,1.60,1.00
2009.03.06 05:10:14.750,1.41825,1.4185,1.60,1.00
2009.03.06 05:10:15.099,1.4182,1.41845,1.60,1.00
2009.03.06 05:10:18.578,1.4182,1.41845,1.40,1.00
2009.03.06 05:10:26.907,1.4182,1.4183,1.40,4.80
2009.03.06 05:10:26.966,1.41815,1.4183,1.40,4.80
2009.03.06 05:10:30.636,1.4182,1.41835,1.40,2.40
2009.03.06 05:10:30.805,1.4182,1.4184,1.40,1.00
2009.03.06 05:10:37.044,1.4182,1.41845,1.40,1.20
2009.03.06 05:10:37.194,1.4182,1.41845,1.40,1.00
2009.03.06 05:10:52.660,1.4182,1.41845,1.60,1.00
2009.03.06 05:10:56.879,1.4182,1.4184,1.60,1.00
2009.03.06 05:11:01.108,1.41815,1.4184,1.60,1.20
2009.03.06 05:11:12.755,1.41815,1.4184,1.60,1.00
2009.03.06 05:11:20.204,1.41815,1.4184,1.60,1.20
2009.03.06 05:11:25.742,1.41815,1.41835,1.60,1.00
2009.03.06 05:11:28.122,1.41815,1.4184,1.60,1.20
2009.03.06 05:11:29.871,1.41815,1.4184,1.60,1.00
2009.03.06 05:11:40.579,1.41815,1.4184,1.60,1.20
2009.03.06 05:11:43.548,1.41815,1.41835,1.60,1.00
2009.03.06 05:11:53.955,1.41805,1.4183,7.20,1.00
2009.03.06 05:11:54.356,1.41805,1.41825,7.20,1.00
2009.03.06 05:11:54.765,1.418,1.4182,1.60,1.00
2009.03.06 05:11:55.065,1.418,1.4182,4.80,1.00
2009.03.06 05:11:56.465,1.418,1.41815,3.20,1.00
2009.03.06 05:11:56.565,1.418,1.4182,4.80,1.00
2009.03.06 05:11:56.905,1.418,1.4182,1.60,1.00
2009.03.06 05:11:57.474,1.41805,1.41825,1.60,1.00
2009.03.06 05:11:59.844,1.418,1.4182,4.80,1.00
2009.03.06 05:12:00.394,1.41805,1.41825,1.60,1.00
2009.03.06 05:12:02.143,1.41805,1.4183,1.40,1.00
2009.03.06 05:12:08.852,1.41805,1.4183,1.40,1.00
2009.03.06 05:12:13.911,1.41805,1.4183,1.20,1.00
2009.03.06 05:12:28.427,1.41805,1.41825,1.60,1.00
2009.03.06 05:12:29.007,1.418,1.4182,4.80,1.00
2009.03.06 05:12:29.277,1.41805,1.41825,1.60,1.00
2009.03.06 05:12:29.597,1.418,1.4182,4.80,1.00
2009.03.06 05:12:30.157,1.41805,1.41825,1.60,1.00
2009.03.06 05:12:30.447,1.418,1.4182,4.80,1.00
2009.03.06 05:12:30.686,1.418,1.4182,1.60,1.00
2009.03.06 05:12:32.896,1.41805,1.41825,1.60,1.00
2009.03.06 05:12:43.273,1.41805,1.4182,1.60,1.60
2009.03.06 05:12:43.383,1.41805,1.41815,1.60,4.80
2009.03.06 05:12:43.443,1.41805,1.41815,1.60,8.80
2009.03.06 05:12:44.283,1.418,1.41815,1.60,8.80
2009.03.06 05:12:53.981,1.41805,1.41825,1.60,1.00
2009.03.06 05:12:54.271,1.418,1.4182,1.60,1.00
2009.03.06 05:12:56.591,1.41805,1.41825,1.60,1.00
2009.03.06 05:13:08.487,1.418,1.4182,3.80,1.00
2009.03.06 05:13:16.315,1.418,1.4182,1.40,1.00
2009.03.06 05:13:20.315,1.418,1.4182,1.40,5.60
2009.03.06 05:13:22.814,1.418,1.4182,1.40,4.80
2009.03.06 05:13:23.034,1.4181,1.41825,2.20,3.20
2009.03.06 05:13:23.144,1.4181,1.41825,2.20,1.00
2009.03.06 05:13:24.654,1.41805,1.4182,8.80,1.00
2009.03.06 05:13:24.833,1.418,1.4182,5.40,1.00
2009.03.06 05:13:27.293,1.418,1.4182,2.20,1.00
2009.03.06 05:13:27.413,1.41795,1.418,1.00,5.60
2009.03.06 05:13:27.473,1.4178,1.418,1.60,5.60
2009.03.06 05:13:31.452,1.41785,1.41805,1.40,9.60
2009.03.06 05:13:31.742,1.41785,1.418,1.40,2.40
2009.03.06 05:13:31.972,1.41785,1.41805,12.60,4.00
2009.03.06 05:13:39.170,1.41785,1.41805,3.00,1.00
2009.03.06 05:13:39.550,1.41785,1.4181,1.40,5.60
2009.03.06 05:13:41.300,1.41785,1.418,1.40,4.00
2009.03.06 05:13:41.590,1.41785,1.41795,1.40,4.80
2009.03.06 05:13:41.709,1.4178,1.41795,3.80,4.80
2009.03.06 05:13:44.769,1.41785,1.4181,1.60,7.20
2009.03.06 05:13:44.999,1.41785,1.4181,1.60,5.60
2009.03.06 05:13:48.758,1.4179,1.4181,1.60,4.80
2009.03.06 05:13:48.978,1.4179,1.41815,1.60,5.60
2009.03.06 05:13:49.438,1.4179,1.41815,1.60,8.80
2009.03.06 05:13:49.677,1.41775,1.4179,1.60,4.80
2009.03.06 05:13:49.837,1.41775,1.4179,1.60,7.20
2009.03.06 05:13:53.636,1.41775,1.4179,1.60,8.00
2009.03.06 05:13:56.326,1.41775,1.4179,1.60,7.20
2009.03.06 05:13:59.315,1.4179,1.41795,1.60,2.10
2009.03.06 05:13:59.545,1.4179,1.41815,1.60,10.40
2009.03.06 05:13:59.815,1.4179,1.41815,1.60,5.60
2009.03.06 05:14:00.165,1.4179,1.4181,1.40,5.60
2009.03.06 05:14:00.635,1.4179,1.4181,1.40,4.80
2009.03.06 05:14:00.865,1.4179,1.41815,1.40,12.00
2009.03.06 05:14:01.214,1.4179,1.41815,1.40,10.40
2009.03.06 05:14:02.564,1.4179,1.4181,1.40,4.80
2009.03.06 05:14:02.845,1.41785,1.4181,1.40,5.60
2009.03.06 05:14:33.957,1.41785,1.41805,1.40,4.80
2009.03.06 05:14:34.426,1.4178,1.41805,1.60,1.00
2009.03.06 05:14:34.827,1.41785,1.41805,1.60,5.60
2009.03.06 05:14:35.046,1.4178,1.41805,1.20,5.60
2009.03.06 05:14:35.266,1.41785,1.41805,1.20,4.80
2009.03.06 05:14:35.506,1.41785,1.41805,1.20,5.60
2009.03.06 05:14:36.016,1.41785,1.41805,1.20,4.80
2009.03.06 05:14:36.976,1.41785,1.41805,1.20,5.60
2009.03.06 05:14:37.326,1.41785,1.418,1.20,4.80
2009.03.06 05:14:37.496,1.41785,1.4181,1.20,5.60
2009.03.06 05:14:39.905,1.4178,1.41805,1.20,1.00
2009.03.06 05:14:40.075,1.4178,1.41805,1.20,5.60
2009.03.06 05:14:40.475,1.41785,1.41805,1.20,5.60
2009.03.06 05:14:40.705,1.41785,1.41805,1.60,4.80
2009.03.06 05:14:42.075,1.41785,1.418,1.60,4.80
2009.03.06 05:14:42.245,1.41785,1.4181,1.60,5.60
2009.03.06 05:14:45.015,1.4178,1.41805,1.60,5.60
2009.03.06 05:14:51.303,1.41785,1.41805,1.60,4.80
2009.03.06 05:14:51.753,1.41785,1.4181,1.60,5.60
2009.03.06 05:14:53.202,1.4179,1.4181,1.40,4.80
2009.03.06 05:14:53.494,1.41785,1.4181,1.40,5.60
2009.03.06 05:14:56.721,1.41785,1.4179,1.40,1.00
2009.03.06 05:15:01.500,1.4179,1.41795,1.60,1.50
2009.03.06 05:15:02.030,1.41785,1.4179,1.60,1.00
2009.03.06 05:15:06.729,1.4179,1.41795,1.60,1.50
2009.03.06 05:15:06.839,1.41785,1.4179,1.60,1.00
2009.03.06 05:15:08.828,1.41785,1.4179,1.60,1.00
2009.03.06 05:15:15.167,1.41785,1.4179,1.60,1.00
2009.03.06 05:15:15.976,1.4179,1.41795,1.60,1.50
2009.03.06 05:15:16.187,1.41785,1.4179,1.60,1.00
2009.03.06 05:15:17.656,1.4179,1.41795,1.60,1.50
2009.03.06 05:15:23.735,1.41785,1.4179,1.00,1.00
2009.03.06 05:15:24.015,1.41795,1.41805,1.00,2.10
2009.03.06 05:15:24.315,1.4178,1.4179,2.00,1.00
2009.03.06 05:15:24.544,1.4178,1.4179,2.00,1.00
2009.03.06 05:15:29.903,1.41785,1.4179,2.00,1.00
2009.03.06 05:15:30.533,1.4179,1.41795,1.60,1.00
2009.03.06 05:15:31.123,1.41785,1.4179,1.60,1.00
2009.03.06 05:15:31.543,1.41785,1.4179,1.60,1.00
2009.03.06 05:15:31.842,1.41785,1.4179,1.60,1.00
2009.03.06 05:15:32.023,1.41785,1.4179,1.60,1.00
2009.03.06 05:15:39.571,1.4179,1.41795,1.60,1.00
2009.03.06 05:16:07.294,1.41785,1.4179,1.60,1.00
2009.03.06 05:16:16.222,1.4179,1.41795,1.60,1.00
2009.03.06 05:16:16.342,1.41785,1.4179,1.60,1.00
2009.03.06 05:16:21.001,1.4179,1.41795,1.60,1.00
2009.03.06 05:16:21.401,1.41785,1.4179,1.60,1.00
2009.03.06 05:16:24.990,1.4178,1.4179,4.20,1.00
2009.03.06 05:16:25.340,1.4178,1.4179,1.20,1.00
2009.03.06 05:16:25.510,1.41785,1.4179,1.20,1.00
2009.03.06 05:16:27.909,1.4179,1.41795,1.20,1.00
2009.03.06 05:16:32.538,1.4179,1.41795,1.60,1.00
2009.03.06 05:16:33.798,1.41785,1.4179,1.60,1.00
2009.03.06 05:16:38.906,1.4179,1.41795,1.60,1.00
2009.03.06 05:16:39.366,1.41785,1.4179,1.60,1.00
2009.03.06 05:16:43.975,1.4179,1.41795,1.60,1.00
2009.03.06 05:16:44.495,1.41785,1.4179,1.60,1.00
2009.03.06 05:16:46.155,1.4178,1.4179,2.40,1.00
2009.03.06 05:16:50.304,1.41775,1.4179,2.40,1.00
2009.03.06 05:16:51.153,1.41785,1.4179,1.60,1.00
2009.03.06 05:17:20.586,1.4179,1.41795,1.60,1.00
2009.03.06 05:17:21.096,1.41785,1.4179,1.60,1.00
2009.03.06 05:17:24.916,1.4179,1.41795,1.60,1.00
2009.03.06 05:17:25.385,1.41785,1.4179,1.60,1.00
2009.03.06 05:17:29.974,1.4179,1.41795,1.60,1.00
2009.03.06 05:17:30.664,1.41785,1.4179,1.60,1.00
2009.03.06 05:17:36.093,1.4179,1.41795,1.60,1.00
2009.03.06 05:17:36.883,1.41785,1.4179,1.60,1.00
2009.03.06 05:17:40.132,1.4178,1.4179,1.60,1.00
2009.03.06 05:17:40.302,1.4179,1.41795,1.60,1.00
2009.03.06 05:17:40.932,1.41785,1.4179,1.60,1.00
2009.03.06 05:17:53.728,1.418,1.41805,1.60,1.20
2009.03.06 05:18:01.747,1.4179,1.41795,1.60,1.00
2009.03.06 05:18:02.876,1.4179,1.41795,4.80,1.00
2009.03.06 05:18:03.056,1.418,1.4183,1.60,5.60
2009.03.06 05:18:07.545,1.4179,1.4181,1.60,4.80
2009.03.06 05:18:07.775,1.41785,1.4181,3.20,5.60
2009.03.06 05:18:07.895,1.41785,1.4181,1.60,5.60
2009.03.06 05:18:10.115,1.4178,1.41805,1.60,1.00
2009.03.06 05:18:10.465,1.41785,1.4181,1.60,5.60
2009.03.06 05:18:11.324,1.41785,1.41795,1.60,4.80
2009.03.06 05:18:11.554,1.4178,1.41795,1.60,4.80
2009.03.06 05:18:17.923,1.4178,1.418,1.60,7.20
2009.03.06 05:18:17.973,1.41785,1.4181,1.60,5.60
2009.03.06 05:18:20.692,1.4178,1.418,1.60,4.80
2009.03.06 05:18:21.082,1.4178,1.41805,1.60,5.60
2009.03.06 05:18:22.611,1.41785,1.41805,1.60,4.80
2009.03.06 05:18:23.931,1.41785,1.418,1.60,4.80
2009.03.06 05:18:24.101,1.41785,1.4181,1.60,10.40
2009.03.06 05:18:24.271,1.41785,1.41805,1.60,1.00
2009.03.06 05:18:24.381,1.41785,1.4181,1.60,10.40
2009.03.06 05:18:25.641,1.41795,1.4181,1.60,5.60
2009.03.06 05:18:25.810,1.41795,1.4181,4.80,1.00
2009.03.06 05:18:26.031,1.41795,1.4181,4.80,5.60
2009.03.06 05:18:26.211,1.41785,1.4181,1.60,5.60
2009.03.06 05:18:26.900,1.41785,1.4181,1.60,10.40
2009.03.06 05:18:29.530,1.4178,1.41805,1.60,1.00
2009.03.06 05:18:30.050,1.4178,1.41805,1.60,5.60
2009.03.06 05:19:09.231,1.41785,1.41805,1.60,4.80
2009.03.06 05:19:10.090,1.41785,1.41805,1.60,5.80
2009.03.06 05:19:10.270,1.41785,1.418,1.60,4.80
2009.03.06 05:19:10.790,1.41785,1.4181,1.60,10.60
2009.03.06 05:19:13.519,1.4179,1.4181,1.60,9.60
2009.03.06 05:19:13.629,1.4179,1.4181,1.60,4.80
2009.03.06 05:19:13.859,1.41785,1.4181,1.60,5.80
2009.03.06 05:19:15.079,1.4179,1.4181,1.60,4.80
2009.03.06 05:19:15.899,1.41795,1.4181,1.60,4.80
2009.03.06 05:19:17.218,1.41795,1.41805,1.60,4.80
2009.03.06 05:19:17.618,1.41795,1.4181,1.60,4.80
2009.03.06 05:19:37.393,1.41795,1.41815,1.60,4.80
2009.03.06 05:19:47.641,1.418,1.41815,1.60,4.80
2009.03.06 05:19:48.051,1.41795,1.41815,1.60,4.80
2009.03.06 05:19:51.940,1.418,1.41815,1.20,4.80
2009.03.06 05:19:52.060,1.41795,1.41815,1.20,4.80
2009.03.06 05:20:02.317,1.418,1.41815,1.60,4.80
2009.03.06 05:20:02.957,1.41795,1.41815,1.60,4.80
2009.03.06 05:20:06.496,1.418,1.41815,1.60,4.80
2009.03.06 05:20:07.196,1.41795,1.41815,1.60,4.80
2009.03.06 05:20:11.955,1.418,1.41815,1.60,4.80
2009.03.06 05:20:12.125,1.41795,1.41815,1.60,4.80
2009.03.06 05:20:16.454,1.418,1.41815,1.60,4.80
2009.03.06 05:20:17.084,1.41795,1.41815,1.60,4.80
2009.03.06 05:20:22.242,1.4179,1.4181,2.40,1.20
2009.03.06 05:20:22.722,1.4178,1.4181,1.60,1.20
2009.03.06 05:20:27.311,1.4178,1.4181,1.60,5.80
2009.03.06 05:20:27.731,1.41775,1.41805,1.20,1.20
2009.03.06 05:20:41.018,1.41775,1.41805,1.60,1.20
2009.03.06 05:20:56.014,1.4178,1.4181,1.20,5.80
2009.03.06 05:20:56.594,1.41775,1.41805,1.60,1.20
2009.03.06 05:20:57.764,1.41775,1.4179,1.60,1.00
2009.03.06 05:21:11.390,1.41775,1.4179,1.60,1.00
2009.03.06 05:21:11.961,1.4178,1.4179,1.60,1.00
2009.03.06 05:21:12.640,1.41775,1.4179,1.60,1.00
2009.03.06 05:21:21.698,1.4178,1.4179,1.40,1.00
2009.03.06 05:21:22.038,1.4178,1.4179,1.40,1.00
2009.03.06 05:21:22.708,1.41775,1.4179,1.40,1.00
2009.03.06 05:21:23.169,1.41775,1.4179,1.40,1.00
2009.03.06 05:21:55.970,1.41775,1.4179,1.60,1.00
2009.03.06 05:22:30.701,1.41775,1.4179,1.60,1.00
2009.03.06 05:22:33.251,1.41775,1.4179,1.60,1.20
2009.03.06 05:22:35.280,1.41775,1.4179,1.60,1.00
2009.03.06 05:22:35.400,1.41775,1.41805,1.60,1.20
2009.03.06 05:22:39.419,1.41775,1.41815,1.60,1.20
2009.03.06 05:22:39.529,1.41785,1.41825,1.60,1.20
2009.03.06 05:22:45.548,1.4179,1.4183,1.60,5.80
2009.03.06 05:23:08.982,1.4179,1.41815,1.60,1.00
2009.03.06 05:23:09.162,1.4179,1.4181,1.60,1.00
2009.03.06 05:23:09.892,1.41785,1.4181,1.60,1.00
2009.03.06 05:23:19.090,1.4179,1.4181,1.60,1.00
2009.03.06 05:23:27.208,1.4179,1.4183,1.60,1.20
2009.03.06 05:23:32.716,1.41785,1.41825,1.60,1.20
2009.03.06 05:23:32.877,1.4179,1.4183,1.60,1.20
2009.03.06 05:23:34.096,1.4179,1.41815,1.60,1.00
2009.03.06 05:23:34.266,1.41785,1.4181,1.60,1.00
2009.03.06 05:23:34.816,1.4179,1.4181,1.60,1.00
2009.03.06 05:23:35.047,1.41795,1.4181,1.60,1.00
2009.03.06 05:23:35.516,1.4179,1.4181,1.60,1.00
2009.03.06 05:23:39.285,1.41785,1.4181,6.40,1.00
2009.03.06 05:23:41.954,1.4179,1.4181,1.60,1.00
2009.03.06 05:23:43.654,1.41785,1.41815,6.40,2.00
2009.03.06 05:23:43.714,1.41785,1.4181,6.40,1.00
2009.03.06 05:23:44.993,1.4179,1.4181,1.60,1.00
2009.03.06 05:23:45.455,1.41785,1.41815,6.40,2.00
2009.03.06 05:23:45.913,1.41785,1.4181,6.40,1.00
2009.03.06 05:23:46.363,1.4179,1.4181,1.60,1.00
2009.03.06 05:23:46.863,1.41785,1.4181,1.60,1.00
2009.03.06 05:23:47.203,1.41795,1.4181,1.60,1.00
2009.03.06 05:23:47.493,1.41785,1.41815,6.40,2.00
2009.03.06 05:23:47.653,1.41785,1.4181,1.60,1.00
2009.03.06 05:23:48.063,1.4179,1.4181,1.60,1.00
2009.03.06 05:23:53.941,1.41785,1.4181,6.40,1.00
2009.03.06 05:23:58.180,1.4179,1.4183,1.60,1.20
2009.03.06 05:23:58.810,1.41785,1.41825,1.60,1.20
2009.03.06 05:23:59.260,1.4179,1.4183,1.60,1.20
2009.03.06 05:24:05.089,1.41785,1.41825,1.60,1.20
2009.03.06 05:24:05.249,1.4179,1.4183,1.60,1.20
2009.03.06 05:24:09.258,1.41795,1.41835,1.60,5.80
2009.03.06 05:24:28.313,1.41795,1.41825,1.60,4.80
2009.03.06 05:24:32.742,1.41795,1.41825,1.60,8.00
2009.03.06 05:24:32.922,1.41795,1.418,1.60,4.80
2009.03.06 05:24:33.412,1.41775,1.418,1.60,5.80
2009.03.06 05:24:38.141,1.41775,1.418,1.60,1.20
2009.03.06 05:24:41.340,1.41775,1.4179,1.60,1.40
2009.03.06 05:24:47.918,1.41775,1.41785,1.60,1.20
2009.03.06 05:24:47.978,1.41775,1.4178,1.60,1.20
2009.03.06 05:24:53.667,1.4177,1.4178,1.60,1.20
2009.03.06 05:24:53.777,1.41775,1.4178,1.60,1.20
2009.03.06 05:24:57.936,1.4177,1.4178,1.60,1.20
2009.03.06 05:24:58.496,1.41775,1.4178,1.60,1.20
2009.03.06 05:25:02.505,1.4177,1.4178,3.80,1.20
2009.03.06 05:25:03.455,1.41775,1.4178,1.40,1.20
2009.03.06 05:25:08.643,1.4177,1.4178,1.60,1.20
2009.03.06 05:25:08.763,1.4177,1.4178,1.60,1.20
2009.03.06 05:25:09.513,1.41775,1.4178,1.60,1.20
2009.03.06 05:25:14.032,1.4177,1.4178,1.60,1.20
2009.03.06 05:25:14.432,1.41775,1.4178,1.60,1.20
2009.03.06 05:25:18.521,1.4177,1.4178,1.60,1.20
2009.03.06 05:25:18.631,1.4177,1.4178,1.60,1.20
2009.03.06 05:25:19.181,1.41775,1.4178,1.60,1.20
2009.03.06 05:25:40.336,1.41775,1.4178,1.60,2.40
2009.03.06 05:25:40.865,1.4176,1.4178,1.60,6.60
2009.03.06 05:25:41.215,1.4176,1.4178,1.60,5.80
2009.03.06 05:25:44.155,1.4177,1.4178,1.60,1.20
2009.03.06 05:25:44.914,1.41775,1.4178,1.60,1.20
2009.03.06 05:26:07.719,1.41765,1.4178,1.60,1.20
2009.03.06 05:26:08.129,1.41775,1.4178,1.60,1.20
2009.03.06 05:26:09.598,1.4178,1.41785,1.60,1.80
2009.03.06 05:26:09.769,1.41775,1.4178,1.60,1.20
2009.03.06 05:26:10.158,1.4178,1.41785,1.60,1.80
2009.03.06 05:26:19.066,1.41775,1.4178,1.60,1.20
2009.03.06 05:26:19.336,1.4178,1.41785,1.60,1.80
2009.03.06 05:26:23.725,1.41775,1.4178,1.60,1.20
2009.03.06 05:26:26.035,1.4178,1.41785,1.60,1.80
2009.03.06 05:26:26.514,1.41775,1.4178,1.60,1.20
2009.03.06 05:26:35.932,1.4178,1.41785,1.60,1.80
2009.03.06 05:26:36.332,1.41775,1.4178,1.60,1.20
2009.03.06 05:26:36.502,1.4178,1.41785,1.60,1.80
2009.03.06 05:26:39.681,1.41775,1.4178,1.60,1.20
2009.03.06 05:26:40.561,1.4177,1.4178,1.60,1.20
2009.03.06 05:26:40.791,1.4177,1.4178,1.60,1.20
2009.03.06 05:26:41.491,1.41775,1.4178,1.60,1.20
2009.03.06 05:26:44.350,1.41775,1.4178,1.60,1.20
2009.03.06 05:26:46.060,1.41775,1.4178,1.60,1.20
2009.03.06 05:26:49.039,1.41775,1.4178,1.60,1.20
2009.03.06 05:26:51.469,1.4177,1.4178,1.20,1.20
2009.03.06 05:26:51.938,1.4177,1.4178,1.20,1.20
2009.03.06 05:26:52.348,1.41775,1.4178,1.20,1.20
2009.03.06 05:26:55.017,1.41775,1.4178,1.20,1.20
2009.03.06 05:26:56.567,1.41775,1.4178,1.20,1.20
2009.03.06 05:26:56.857,1.4177,1.4178,1.60,1.20
2009.03.06 05:26:57.147,1.41775,1.4178,1.60,1.20
2009.03.06 05:27:00.396,1.41775,1.4178,1.60,1.20
2009.03.06 05:27:01.986,1.41775,1.4178,1.60,1.20
2009.03.06 05:27:03.875,1.41775,1.4178,1.60,1.20
2009.03.06 05:27:06.755,1.4177,1.4178,1.60,1.20
2009.03.06 05:27:07.495,1.41775,1.4178,1.60,1.20
2009.03.06 05:27:11.813,1.4177,1.4178,1.60,1.20
2009.03.06 05:27:25.210,1.41765,1.4178,1.60,1.20
2009.03.06 05:27:49.294,1.4176,1.41785,1.60,7.80
2009.03.06 05:27:49.735,1.41755,1.4178,1.60,2.00
2009.03.06 05:27:50.324,1.41745,1.4177,5.60,1.20
2009.03.06 05:27:51.024,1.4174,1.41765,1.20,1.20
2009.03.06 05:27:51.544,1.4174,1.4176,1.20,5.80
2009.03.06 05:27:52.184,1.4174,1.4175,1.20,1.00
2009.03.06 05:27:57.152,1.4173,1.4175,1.60,5.80
2009.03.06 05:27:59.912,1.41725,1.4175,4.00,5.80
2009.03.06 05:28:00.202,1.41725,1.4175,1.60,5.80
2009.03.06 05:28:00.412,1.4173,1.4175,1.60,5.80
2009.03.06 05:28:05.970,1.41725,1.4175,1.40,5.80
2009.03.06 05:28:19.307,1.4172,1.41745,3.60,1.20
2009.03.06 05:28:19.747,1.4172,1.4173,1.20,1.00
2009.03.06 05:28:22.256,1.41715,1.4173,1.60,1.00
2009.03.06 05:28:27.025,1.41715,1.4173,1.40,1.00
2009.03.06 05:28:29.355,1.41715,1.41735,1.40,1.00
2009.03.06 05:28:29.475,1.41715,1.4174,1.40,3.40
2009.03.06 05:28:31.594,1.4172,1.4174,1.40,3.40
2009.03.06 05:28:32.284,1.41715,1.4174,1.40,3.40
2009.03.06 05:28:36.703,1.4172,1.4174,1.20,3.40
2009.03.06 05:28:37.383,1.4172,1.4174,1.20,1.20
2009.03.06 05:28:37.963,1.41725,1.41745,1.20,5.80
2009.03.06 05:28:38.293,1.4173,1.41745,1.20,5.80
2009.03.06 05:28:39.023,1.41735,1.41745,1.20,5.80
2009.03.06 05:28:39.423,1.4174,1.41745,1.20,5.80
2009.03.06 05:28:39.942,1.41745,1.4175,1.20,5.80
2009.03.06 05:28:41.552,1.41745,1.4175,1.60,4.80
2009.03.06 05:28:43.741,1.41745,1.41755,1.60,9.40
2009.03.06 05:28:44.201,1.4175,1.4176,1.40,5.80
2009.03.06 05:28:46.801,1.4175,1.4176,1.40,4.80
2009.03.06 05:28:51.869,1.41745,1.4176,1.60,4.80
2009.03.06 05:28:52.099,1.41745,1.4176,1.60,9.60
2009.03.06 05:28:52.379,1.41745,1.4176,1.60,4.80
2009.03.06 05:28:55.039,1.4174,1.4176,1.60,5.80
2009.03.06 05:28:56.708,1.4174,1.4175,1.60,4.80
2009.03.06 05:28:56.998,1.41735,1.4175,1.60,4.80
2009.03.06 05:29:01.467,1.41735,1.4175,3.80,4.80
2009.03.06 05:29:02.497,1.41745,1.41755,1.40,4.80
2009.03.06 05:29:02.847,1.41745,1.41765,1.40,1.80
2009.03.06 05:29:03.126,1.41745,1.41765,1.40,3.40
2009.03.06 05:29:09.305,1.41735,1.4174,2.80,4.80
2009.03.06 05:29:09.885,1.41725,1.4174,1.60,9.80
2009.03.06 05:29:14.164,1.41725,1.4174,1.60,5.00
2009.03.06 05:29:14.224,1.41725,1.4174,1.60,1.20
2009.03.06 05:29:14.744,1.4173,1.41745,1.40,5.80
2009.03.06 05:29:17.533,1.4173,1.41745,1.60,4.80
2009.03.06 05:29:17.823,1.4173,1.41745,1.60,2.40
2009.03.06 05:29:17.943,1.4173,1.4175,1.60,1.20
2009.03.06 05:29:24.321,1.41735,1.41755,1.20,3.40
2009.03.06 05:29:24.781,1.41735,1.41755,1.20,1.20
2009.03.06 05:29:24.841,1.41735,1.41755,1.20,9.40
2009.03.06 05:29:24.961,1.41735,1.4175,1.20,4.80
2009.03.06 05:29:25.291,1.41735,1.4175,1.20,5.80
2009.03.06 05:29:26.621,1.41735,1.4175,1.20,4.80
2009.03.06 05:29:27.661,1.41735,1.41755,1.20,5.80
2009.03.06 05:29:28.831,1.4173,1.4175,1.60,1.20
2009.03.06 05:29:29.910,1.4173,1.4175,1.60,3.40
2009.03.06 05:29:36.108,1.41725,1.41745,1.60,1.20
2009.03.06 05:29:38.578,1.4172,1.4174,1.60,1.20
2009.03.06 05:29:40.058,1.4172,1.4174,1.20,1.20
2009.03.06 05:29:40.238,1.41715,1.41735,14.80,1.20
2009.03.06 05:29:42.177,1.41715,1.4173,5.60,1.20
2009.03.06 05:29:42.417,1.41705,1.41725,7.20,2.60
2009.03.06 05:29:42.937,1.41705,1.41725,1.60,5.00
2009.03.06 05:29:43.107,1.41705,1.41725,8.40,5.00
2009.03.06 05:29:43.837,1.41715,1.41735,1.20,2.60
2009.03.06 05:29:43.957,1.41715,1.41735,1.20,1.20
2009.03.06 05:29:49.985,1.41715,1.4174,1.40,1.20
2009.03.06 05:29:50.336,1.4172,1.41745,1.40,1.20
2009.03.06 05:29:50.975,1.41725,1.4175,1.40,1.20
2009.03.06 05:29:51.455,1.41735,1.4177,1.40,7.40
2009.03.06 05:29:51.695,1.41735,1.41765,1.40,2.60
2009.03.06 05:29:53.214,1.41735,1.41765,1.60,1.60
2009.03.06 05:29:54.534,1.41735,1.4177,1.60,2.60
2009.03.06 05:30:00.433,1.4173,1.4177,1.60,2.60
2009.03.06 05:30:00.995,1.41725,1.41765,6.00,1.20
2009.03.06 05:30:11.170,1.41725,1.41765,6.40,1.20
2009.03.06 05:30:11.640,1.41735,1.41765,1.60,4.80
2009.03.06 05:30:11.810,1.41735,1.4177,1.60,7.40
2009.03.06 05:30:20.678,1.4174,1.4177,1.60,4.80
2009.03.06 05:30:21.398,1.41735,1.4177,1.60,4.80
2009.03.06 05:30:21.847,1.4173,1.4177,6.40,1.20
2009.03.06 05:30:22.127,1.41735,1.41775,1.60,2.60
2009.03.06 05:30:22.537,1.4174,1.41775,1.60,2.60
2009.03.06 05:30:22.767,1.4174,1.41775,1.60,7.40
2009.03.06 05:30:32.485,1.41735,1.41775,1.60,7.40
2009.03.06 05:30:33.105,1.41745,1.41775,1.60,6.40
2009.03.06 05:30:33.505,1.4174,1.41775,1.60,6.40
2009.03.06 05:30:38.983,1.4174,1.41775,1.60,4.80
2009.03.06 05:30:39.103,1.4174,1.4177,1.60,4.80
2009.03.06 05:30:39.793,1.4174,1.41775,1.60,4.80
2009.03.06 05:30:47.401,1.4173,1.4176,1.40,1.20
2009.03.06 05:30:48.351,1.4173,1.4176,1.40,5.80
2009.03.06 05:30:50.291,1.41725,1.41755,1.60,1.20
2009.03.06 05:30:50.801,1.41725,1.41755,1.60,5.80
2009.03.06 05:30:53.440,1.4173,1.4175,1.60,4.80
2009.03.06 05:30:53.740,1.4172,1.41745,1.60,5.80
2009.03.06 05:30:58.389,1.4172,1.41745,1.20,5.80
2009.03.06 05:30:59.528,1.41715,1.4174,1.20,1.20
2009.03.06 05:30:59.589,1.41715,1.4174,1.20,10.60
2009.03.06 05:31:07.736,1.4172,1.4174,1.60,4.80
2009.03.06 05:31:07.978,1.4172,1.41745,1.60,5.80
2009.03.06 05:31:09.246,1.41725,1.41755,1.60,1.20
2009.03.06 05:31:09.596,1.4173,1.4176,1.60,1.20
2009.03.06 05:31:09.936,1.41735,1.4177,1.60,4.80
2009.03.06 05:31:10.056,1.41735,1.41775,1.60,5.80
2009.03.06 05:31:11.905,1.41735,1.4177,1.60,4.80
2009.03.06 05:31:14.405,1.41725,1.41765,1.60,1.20
2009.03.06 05:31:16.335,1.4172,1.4176,1.40,1.20
2009.03.06 05:31:17.074,1.41725,1.41765,1.40,1.20
2009.03.06 05:31:18.674,1.41735,1.4177,1.40,4.80
2009.03.06 05:31:18.794,1.41725,1.41765,1.40,1.20
2009.03.06 05:31:19.754,1.4172,1.4176,1.40,1.20
2009.03.06 05:31:20.054,1.41725,1.41765,1.40,5.80
2009.03.06 05:31:20.223,1.41725,1.41765,1.40,1.20
2009.03.06 05:31:20.613,1.4172,1.4176,1.40,1.20
2009.03.06 05:31:21.233,1.4172,1.4176,1.40,5.80
2009.03.06 05:31:21.653,1.4172,1.4176,1.40,1.20
2009.03.06 05:31:22.803,1.41715,1.41755,1.60,1.20
2009.03.06 05:31:25.572,1.4172,1.4176,1.60,5.80
2009.03.06 05:31:25.682,1.4172,1.4176,1.60,1.20
2009.03.06 05:31:26.082,1.41715,1.41755,1.60,1.20
2009.03.06 05:31:27.382,1.4171,1.4175,1.60,1.20
2009.03.06 05:31:27.611,1.41705,1.41745,6.40,1.20
2009.03.06 05:31:27.902,1.41705,1.41745,1.60,1.20
2009.03.06 05:31:28.831,1.41705,1.41745,1.60,5.80
2009.03.06 05:31:29.401,1.41705,1.41745,1.40,5.80
2009.03.06 05:31:30.501,1.417,1.4174,1.20,1.20
2009.03.06 05:31:30.841,1.41705,1.4174,1.20,4.80
2009.03.06 05:31:31.301,1.41705,1.41735,1.20,4.80
2009.03.06 05:31:31.771,1.417,1.41735,1.20,4.80
2009.03.06 05:31:31.931,1.41715,1.41745,1.20,6.60
2009.03.06 05:31:32.440,1.41715,1.41745,1.20,1.20
2009.03.06 05:31:35.630,1.41715,1.41745,1.60,1.20
2009.03.06 05:31:36.759,1.41715,1.41745,1.40,1.20
2009.03.06 05:31:40.918,1.41705,1.41745,6.40,1.20
2009.03.06 05:31:41.158,1.41705,1.41745,1.60,7.40
2009.03.06 05:31:41.788,1.41705,1.4174,1.60,4.80
2009.03.06 05:31:43.508,1.41705,1.41745,1.60,1.20
2009.03.06 05:31:45.197,1.417,1.4174,1.20,5.80
2009.03.06 05:31:47.617,1.417,1.4174,1.20,1.20
2009.03.06 05:31:49.446,1.41705,1.41745,1.60,5.80
2009.03.06 05:31:59.684,1.417,1.4174,1.40,1.20
2009.03.06 05:32:12.381,1.41695,1.4174,4.80,1.20
2009.03.06 05:32:15.150,1.417,1.4174,1.60,1.20
2009.03.06 05:32:16.920,1.41705,1.41745,1.60,5.80
2009.03.06 05:32:26.147,1.41715,1.41745,1.40,5.80
2009.03.06 05:32:28.137,1.41705,1.41745,1.40,5.80
2009.03.06 05:32:30.517,1.41715,1.41745,1.60,5.80
2009.03.06 05:32:31.267,1.41705,1.41745,1.60,5.80
2009.03.06 05:32:38.685,1.41715,1.41745,1.60,5.80
2009.03.06 05:32:39.085,1.41705,1.41745,1.60,5.80
2009.03.06 05:32:43.123,1.41705,1.4172,1.60,1.00
2009.03.06 05:32:43.303,1.41705,1.4172,1.60,1.00
2009.03.06 05:32:51.781,1.4171,1.4172,1.40,1.00
2009.03.06 05:32:52.621,1.41705,1.4172,1.40,1.00
2009.03.06 05:32:54.750,1.417,1.4172,1.60,1.00
2009.03.06 05:32:59.010,1.417,1.4172,1.40,1.00
2009.03.06 05:32:59.349,1.417,1.4172,6.20,1.00
2009.03.06 05:32:59.469,1.41705,1.4172,1.40,1.00
2009.03.06 05:33:00.859,1.41705,1.4172,6.20,1.00
2009.03.06 05:33:01.649,1.4171,1.4172,1.40,1.00
2009.03.06 05:33:02.289,1.41705,1.4172,1.40,1.00
2009.03.06 05:33:02.709,1.41705,1.4172,4.80,1.00
2009.03.06 05:33:11.607,1.41705,1.4174,4.80,1.20
2009.03.06 05:33:11.896,1.41705,1.4172,1.60,1.00
2009.03.06 05:33:12.076,1.417,1.4172,1.60,1.00
2009.03.06 05:33:12.816,1.41705,1.4172,4.80,1.00
2009.03.06 05:33:16.655,1.417,1.4172,6.40,1.00
2009.03.06 05:33:23.364,1.41705,1.4172,4.80,1.00
2009.03.06 05:33:32.451,1.41705,1.4174,4.80,1.20
2009.03.06 05:33:32.751,1.41705,1.4172,1.60,1.00
2009.03.06 05:33:33.052,1.41705,1.41715,1.60,1.00
2009.03.06 05:33:33.401,1.417,1.41705,1.60,1.00
2009.03.06 05:33:33.571,1.41705,1.41715,4.80,1.00
2009.03.06 05:33:36.880,1.41705,1.41715,4.80,1.00
2009.03.06 05:33:41.119,1.41705,1.4173,4.80,1.20
2009.03.06 05:33:41.510,1.417,1.4173,1.60,1.20
2009.03.06 05:33:41.569,1.417,1.4174,1.60,1.20
2009.03.06 05:33:41.629,1.41705,1.41745,1.60,1.20
2009.03.06 05:33:54.016,1.417,1.4174,1.60,1.20
2009.03.06 05:34:08.763,1.41695,1.41725,1.60,1.00
2009.03.06 05:34:08.873,1.41695,1.4172,1.60,1.00
2009.03.06 05:34:09.452,1.41695,1.4172,1.40,1.00
2009.03.06 05:34:17.180,1.41695,1.41725,1.60,2.00
2009.03.06 05:34:18.291,1.41695,1.41725,1.60,1.80
2009.03.06 05:34:18.520,1.41695,1.41725,1.60,2.00
2009.03.06 05:34:19.660,1.41695,1.41725,1.60,1.40
2009.03.06 05:34:20.280,1.41695,1.41725,1.60,2.00
2009.03.06 05:34:21.379,1.4169,1.4172,1.60,1.40
2009.03.06 05:34:23.249,1.41675,1.4171,12.00,1.20
2009.03.06 05:34:23.539,1.41675,1.4171,5.60,1.20
2009.03.06 05:34:23.769,1.4167,1.4171,1.40,1.20
2009.03.06 05:34:24.229,1.41665,1.41705,1.40,1.20
2009.03.06 05:34:24.969,1.41665,1.41705,1.40,1.20
2009.03.06 05:34:29.038,1.41665,1.41695,1.20,1.20
2009.03.06 05:34:31.187,1.41655,1.41695,1.60,6.40
2009.03.06 05:34:31.707,1.41655,1.4169,1.60,4.80
2009.03.06 05:34:32.067,1.4166,1.4169,1.60,4.80
2009.03.06 05:34:32.127,1.4166,1.41695,1.60,6.40
2009.03.06 05:34:32.397,1.41655,1.41695,1.60,6.40
2009.03.06 05:34:32.457,1.41655,1.4169,1.60,4.80
2009.03.06 05:34:33.637,1.41655,1.41695,1.60,6.40
2009.03.06 05:34:34.408,1.4166,1.41695,1.60,5.40
2009.03.06 05:34:34.856,1.4166,1.41695,1.60,5.00
2009.03.06 05:34:35.246,1.4166,1.41695,1.60,4.80
2009.03.06 05:34:35.546,1.4166,1.4167,1.60,3.20
2009.03.06 05:34:35.726,1.41645,1.4165,4.80,3.80
2009.03.06 05:34:36.006,1.4163,1.4165,1.60,10.60
2009.03.06 05:34:37.466,1.4163,1.41645,1.60,5.00
2009.03.06 05:34:37.766,1.4163,1.41645,1.60,2.60
2009.03.06 05:34:37.936,1.41635,1.4165,1.60,4.20
2009.03.06 05:34:38.276,1.4164,1.4166,1.60,4.80
2009.03.06 05:34:38.456,1.4166,1.41685,1.60,10.40
2009.03.06 05:34:38.855,1.4166,1.41685,1.60,4.80
2009.03.06 05:34:39.405,1.41665,1.41695,1.60,5.80
2009.03.06 05:34:39.815,1.41665,1.4169,1.60,4.80
2009.03.06 05:34:40.135,1.41655,1.41685,1.60,1.20
2009.03.06 05:34:40.435,1.41655,1.41695,1.60,6.00
2009.03.06 05:34:41.935,1.41655,1.41695,1.60,6.20
2009.03.06 05:34:42.165,1.4166,1.41695,1.60,5.00
2009.03.06 05:34:42.395,1.4166,1.41695,1.60,4.80
2009.03.06 05:34:47.313,1.41655,1.41685,1.40,1.20
2009.03.06 05:34:47.543,1.41655,1.41685,1.40,5.80
2009.03.06 05:34:48.823,1.41655,1.41685,1.40,1.20
2009.03.06 05:34:49.453,1.4166,1.4169,1.60,1.20
2009.03.06 05:34:51.432,1.4165,1.41675,1.60,1.20
2009.03.06 05:34:51.902,1.41655,1.4168,1.60,1.20
2009.03.06 05:34:57.011,1.41655,1.4168,1.60,3.40
2009.03.06 05:35:02.440,1.4166,1.4168,1.60,2.60
2009.03.06 05:35:03.210,1.41665,1.4169,1.60,1.80
2009.03.06 05:35:03.440,1.41665,1.41685,1.60,1.60
2009.03.06 05:35:03.679,1.41665,1.4169,1.60,1.00
2009.03.06 05:35:12.257,1.41675,1.41705,1.40,5.80
2009.03.06 05:35:23.295,1.41675,1.41705,1.60,1.20
2009.03.06 05:35:23.884,1.41675,1.41715,1.60,5.80
2009.03.06 05:35:24.164,1.4167,1.4171,1.60,1.20
2009.03.06 05:35:25.864,1.41675,1.41715,1.60,5.80
2009.03.06 05:35:27.234,1.4168,1.4172,1.60,5.80
2009.03.06 05:35:27.713,1.41675,1.41715,1.60,1.20
2009.03.06 05:35:31.863,1.4168,1.4172,1.60,5.80
2009.03.06 05:35:31.973,1.4168,1.4172,1.60,1.20
2009.03.06 05:35:32.482,1.41675,1.41715,1.60,1.20
2009.03.06 05:35:39.631,1.41675,1.41715,1.60,5.80
2009.03.06 05:35:40.160,1.4168,1.41715,1.60,4.80
2009.03.06 05:35:40.850,1.41675,1.41715,1.60,1.20
2009.03.06 05:35:41.090,1.41675,1.41715,1.60,5.80
2009.03.06 05:35:45.829,1.4168,1.41715,1.60,4.80
2009.03.06 05:35:46.129,1.4168,1.4172,1.60,5.80
2009.03.06 05:35:46.869,1.41675,1.41715,1.60,5.80
2009.03.06 05:35:51.068,1.4168,1.41715,1.60,4.80
2009.03.06 05:35:51.248,1.4168,1.4172,1.60,5.80
2009.03.06 05:35:51.538,1.41675,1.41715,1.60,5.80
2009.03.06 05:35:55.767,1.4168,1.41715,1.60,4.80
2009.03.06 05:35:56.207,1.41675,1.41715,1.60,1.20
2009.03.06 05:35:59.696,1.4168,1.4172,1.60,1.20
2009.03.06 05:36:01.836,1.4168,1.4172,1.60,5.80
2009.03.06 05:36:06.564,1.4168,1.4172,1.60,1.20
2009.03.06 05:36:13.632,1.4169,1.41725,1.60,4.80
2009.03.06 05:36:14.362,1.4168,1.4172,1.60,1.20
2009.03.06 05:36:15.392,1.4169,1.4172,1.60,4.80
2009.03.06 05:36:17.661,1.41695,1.4172,1.60,4.80
2009.03.06 05:36:17.781,1.41695,1.41725,1.60,4.80
2009.03.06 05:36:22.321,1.4169,1.4173,1.60,5.80
2009.03.06 05:36:22.500,1.41695,1.41725,1.60,5.60
2009.03.06 05:36:22.681,1.41695,1.41725,1.60,4.80
2009.03.06 05:36:22.910,1.417,1.41725,1.60,4.80
2009.03.06 05:36:23.090,1.41695,1.41725,1.60,4.80
2009.03.06 05:36:23.750,1.4169,1.4173,1.60,5.80
2009.03.06 05:36:24.030,1.4169,1.41725,1.60,4.80
2009.03.06 05:36:25.170,1.41695,1.41725,1.60,4.80
2009.03.06 05:36:28.559,1.41695,1.41725,1.60,5.80
2009.03.06 05:36:28.729,1.41695,1.41725,1.60,1.20
2009.03.06 05:36:28.849,1.41695,1.4173,1.60,4.80
2009.03.06 05:36:29.029,1.41695,1.4172,1.60,1.00
2009.03.06 05:36:29.359,1.417,1.4172,1.60,1.00
2009.03.06 05:36:29.909,1.41715,1.4172,1.60,1.00
2009.03.06 05:36:30.258,1.41705,1.4172,1.60,1.00
2009.03.06 05:36:30.938,1.41715,1.4172,1.60,1.00
2009.03.06 05:36:31.998,1.41715,1.4172,1.60,1.00
2009.03.06 05:36:32.368,1.41715,1.4172,1.20,1.00
2009.03.06 05:36:32.838,1.4171,1.4172,1.20,1.00
2009.03.06 05:36:38.427,1.417,1.4172,1.60,1.00
2009.03.06 05:36:38.776,1.4171,1.4172,1.60,1.00
2009.03.06 05:36:40.466,1.41715,1.4172,1.60,1.00
2009.03.06 05:36:43.895,1.4171,1.4172,1.60,1.00
2009.03.06 05:36:47.594,1.4171,1.41745,1.20,4.80
2009.03.06 05:36:47.824,1.41715,1.41745,1.20,4.80
2009.03.06 05:36:48.324,1.4172,1.4174,1.20,4.80
2009.03.06 05:36:48.894,1.4172,1.4175,1.20,4.80
2009.03.06 05:36:49.114,1.41715,1.4175,1.20,4.80
2009.03.06 05:36:51.283,1.41725,1.4175,1.60,4.80
2009.03.06 05:36:51.843,1.41725,1.41755,1.60,4.80
2009.03.06 05:36:52.243,1.41735,1.41755,1.60,4.80
2009.03.06 05:36:52.813,1.41725,1.4176,1.60,6.40
2009.03.06 05:36:53.103,1.41725,1.4176,1.60,4.80
2009.03.06 05:36:55.213,1.41725,1.4175,1.60,4.80
2009.03.06 05:36:55.542,1.41725,1.41765,1.60,7.40
2009.03.06 05:36:56.352,1.41735,1.41765,1.20,7.40
2009.03.06 05:37:00.021,1.41735,1.41765,1.20,10.60
2009.03.06 05:37:00.222,1.4172,1.41745,1.60,1.20
2009.03.06 05:37:00.621,1.4172,1.41745,1.60,5.80
2009.03.06 05:37:06.910,1.4172,1.41745,1.60,1.20
2009.03.06 05:37:10.609,1.41735,1.41765,1.60,7.40
2009.03.06 05:37:10.788,1.41735,1.41765,1.60,1.20
2009.03.06 05:37:12.908,1.41735,1.4175,1.60,4.80
2009.03.06 05:37:13.078,1.4172,1.41745,1.60,1.20
2009.03.06 05:37:17.607,1.41725,1.4175,1.60,5.80
2009.03.06 05:37:23.615,1.41725,1.41745,8.00,1.20
2009.03.06 05:37:23.786,1.4173,1.41745,8.00,1.20
2009.03.06 05:37:24.195,1.41735,1.41745,5.60,1.20
2009.03.06 05:37:24.375,1.41735,1.41755,8.60,7.40
2009.03.06 05:37:26.375,1.4175,1.41755,1.20,4.80
2009.03.06 05:37:26.495,1.4175,1.41755,1.20,1.60
2009.03.06 05:37:26.965,1.4175,1.41775,1.20,6.60
2009.03.06 05:37:27.024,1.4175,1.41775,1.20,1.20
2009.03.06 05:37:27.994,1.4175,1.41775,1.20,5.80
2009.03.06 05:37:28.354,1.41735,1.4176,7.20,1.20
2009.03.06 05:37:28.574,1.4173,1.4176,1.60,1.20
2009.03.06 05:37:34.383,1.41735,1.4176,1.60,5.80
2009.03.06 05:37:34.733,1.41735,1.41765,1.60,5.80
2009.03.06 05:37:35.882,1.41735,1.4175,1.60,4.80
2009.03.06 05:37:36.323,1.4172,1.41745,1.60,1.20
2009.03.06 05:37:36.552,1.4172,1.41745,1.60,5.80
2009.03.06 05:37:38.612,1.41725,1.41745,1.60,5.80
2009.03.06 05:37:39.882,1.4173,1.41745,1.60,5.80
2009.03.06 05:37:40.051,1.4173,1.4175,1.60,10.60
2009.03.06 05:37:40.572,1.41735,1.4175,1.60,10.60
2009.03.06 05:37:40.922,1.41725,1.4175,1.60,10.60
2009.03.06 05:37:42.181,1.4173,1.4175,1.60,10.60
2009.03.06 05:37:42.501,1.41725,1.4175,1.60,10.60
2009.03.06 05:38:00.696,1.4172,1.41745,1.40,1.20
2009.03.06 05:38:00.977,1.4173,1.4175,1.40,10.60
2009.03.06 05:38:03.926,1.4172,1.41745,1.40,1.20
2009.03.06 05:38:05.305,1.4172,1.41735,1.40,4.80
2009.03.06 05:38:05.415,1.41715,1.41735,1.60,5.80
2009.03.06 05:38:08.794,1.4172,1.41735,1.40,5.80
2009.03.06 05:38:09.195,1.41715,1.41735,3.80,5.80
2009.03.06 05:38:10.564,1.4173,1.41735,1.40,5.60
2009.03.06 05:38:10.684,1.4173,1.41735,1.40,2.40
2009.03.06 05:38:11.024,1.4173,1.41745,1.40,5.60
2009.03.06 05:38:11.194,1.41735,1.41765,1.40,5.80
2009.03.06 05:38:11.524,1.41735,1.41765,1.60,5.80
2009.03.06 05:38:16.223,1.41735,1.41765,1.60,1.20
2009.03.06 05:38:18.852,1.41725,1.41765,1.60,1.20
2009.03.06 05:38:20.692,1.41735,1.41765,1.60,1.20
2009.03.06 05:38:20.802,1.41725,1.41765,1.60,1.20
2009.03.06 05:38:23.851,1.41735,1.41775,1.60,5.80
2009.03.06 05:38:25.101,1.41745,1.41775,1.60,1.20
2009.03.06 05:38:29.839,1.4175,1.4178,1.60,2.00
2009.03.06 05:38:30.760,1.41755,1.41785,1.60,3.00
2009.03.06 05:38:31.389,1.4175,1.4178,1.60,2.00
2009.03.06 05:38:32.759,1.41745,1.41775,1.60,1.20
2009.03.06 05:38:35.578,1.41745,1.41785,1.40,3.00
2009.03.06 05:38:36.038,1.41745,1.41775,1.40,1.20
2009.03.06 05:38:42.916,1.41745,1.41785,1.60,3.00
2009.03.06 05:38:43.256,1.41745,1.41775,1.60,1.20
2009.03.06 05:38:47.835,1.41745,1.41785,1.60,3.00
2009.03.06 05:38:57.373,1.41745,1.41775,1.60,1.20
2009.03.06 05:38:57.973,1.41745,1.41785,1.60,3.00
2009.03.06 05:38:58.303,1.41745,1.41775,1.60,1.20
2009.03.06 05:39:04.151,1.41745,1.41775,1.20,1.20
2009.03.06 05:39:04.611,1.4174,1.4177,1.20,1.20
2009.03.06 05:39:05.641,1.41745,1.41775,1.20,1.20
2009.03.06 05:39:06.031,1.4174,1.41765,1.20,1.20
2009.03.06 05:39:06.911,1.4174,1.4177,1.20,1.20
2009.03.06 05:39:07.730,1.4174,1.41765,1.20,1.20
2009.03.06 05:39:08.920,1.41735,1.4176,1.20,1.20
2009.03.06 05:39:09.310,1.4173,1.41755,9.40,1.20
2009.03.06 05:39:09.600,1.4173,1.41755,6.00,1.20
2009.03.06 05:39:15.739,1.41735,1.4176,1.60,1.20
2009.03.06 05:39:26.016,1.4173,1.41755,9.80,1.20
2009.03.06 05:39:26.546,1.4173,1.41755,6.40,1.20
2009.03.06 05:39:28.175,1.4173,1.4175,6.40,1.20
2009.03.06 05:39:28.405,1.41735,1.4176,1.60,1.20
2009.03.06 05:39:28.765,1.4173,1.41755,6.40,1.20
2009.03.06 05:39:29.125,1.4173,1.4175,6.40,1.20
2009.03.06 05:39:29.585,1.4174,1.41765,1.60,3.40
2009.03.06 05:39:29.985,1.41735,1.4176,1.60,1.20
2009.03.06 05:39:30.685,1.4173,1.41755,6.40,1.20
2009.03.06 05:39:31.734,1.4174,1.41765,1.40,1.20
2009.03.06 05:39:32.294,1.4174,1.4177,1.40,1.20
2009.03.06 05:39:32.924,1.4173,1.4175,6.60,1.20
2009.03.06 05:39:33.154,1.41735,1.4175,2.00,1.20
2009.03.06 05:39:33.444,1.41735,1.41745,2.00,1.20
2009.03.06 05:39:34.184,1.4173,1.41745,4.80,1.20
2009.03.06 05:39:34.684,1.4173,1.4174,4.80,1.20
2009.03.06 05:39:35.364,1.41725,1.4174,13.60,1.20
2009.03.06 05:39:35.833,1.41725,1.41745,15.20,3.40
2009.03.06 05:39:39.593,1.4173,1.41745,4.80,3.40
2009.03.06 05:39:42.212,1.4173,1.4175,6.40,3.40
2009.03.06 05:39:42.452,1.4173,1.41745,4.80,1.20
2009.03.06 05:39:42.942,1.4173,1.4175,6.40,3.40
2009.03.06 05:39:43.342,1.41725,1.4175,7.20,1.20
2009.03.06 05:39:43.572,1.41725,1.4175,1.60,1.20
2009.03.06 05:39:45.031,1.41685,1.41735,1.60,1.20
2009.03.06 05:39:45.421,1.41685,1.4173,1.60,4.80
2009.03.06 05:39:46.041,1.417,1.4173,1.60,5.80
2009.03.06 05:39:46.211,1.4169,1.4173,1.60,1.20
2009.03.06 05:39:46.551,1.4169,1.4173,1.60,5.80
2009.03.06 05:39:46.841,1.4168,1.4172,1.60,1.20
2009.03.06 05:39:47.191,1.41675,1.41715,1.80,1.20
2009.03.06 05:39:47.491,1.41675,1.41715,1.60,5.80
2009.03.06 05:39:48.541,1.4169,1.41715,1.60,4.80
2009.03.06 05:39:48.881,1.41675,1.41715,1.60,5.80
2009.03.06 05:39:51.230,1.4168,1.41715,1.60,4.80
2009.03.06 05:39:51.680,1.41675,1.41715,1.60,5.80
2009.03.06 05:39:53.629,1.4168,1.41715,1.20,4.80
2009.03.06 05:39:54.169,1.417,1.41725,1.20,9.00
2009.03.06 05:39:54.759,1.41705,1.41735,1.20,4.80
2009.03.06 05:39:55.269,1.417,1.4173,1.20,4.80
2009.03.06 05:39:55.679,1.417,1.41735,1.20,4.80
2009.03.06 05:39:56.899,1.41695,1.41735,1.20,5.80
2009.03.06 05:39:57.408,1.41695,1.4173,1.20,4.80
2009.03.06 05:39:58.728,1.41695,1.4172,1.60,4.80
2009.03.06 05:39:59.248,1.41695,1.4173,1.60,4.80
2009.03.06 05:39:59.588,1.4169,1.4173,1.60,5.80
2009.03.06 05:39:59.878,1.4169,1.4172,1.60,4.80
2009.03.06 05:40:00.278,1.4169,1.41725,1.60,4.80
2009.03.06 05:40:00.987,1.4169,1.41715,1.60,4.80
2009.03.06 05:40:01.327,1.41685,1.41715,1.60,5.80
2009.03.06 05:40:04.607,1.4168,1.4171,1.20,5.80
2009.03.06 05:40:16.284,1.4168,1.4171,1.60,5.80
2009.03.06 05:40:25.012,1.41705,1.4171,1.40,5.80
2009.03.06 05:40:26.241,1.41705,1.4171,1.60,5.80
2009.03.06 05:40:26.471,1.41705,1.4172,1.60,10.60
2009.03.06 05:40:27.112,1.41705,1.41715,1.60,1.20
2009.03.06 05:40:27.581,1.41705,1.4172,1.60,4.80
2009.03.06 05:40:30.750,1.4171,1.4172,1.60,4.80
2009.03.06 05:40:31.220,1.41705,1.4172,1.60,4.80
2009.03.06 05:40:34.069,1.417,1.4172,1.60,5.80
2009.03.06 05:40:34.989,1.417,1.4172,1.60,10.60
2009.03.06 05:40:35.349,1.41705,1.4172,1.60,4.80
2009.03.06 05:40:35.459,1.41705,1.41725,1.60,5.80
2009.03.06 05:40:37.069,1.417,1.41725,1.60,5.80
2009.03.06 05:40:37.589,1.417,1.41725,1.60,1.20
2009.03.06 05:40:42.467,1.41705,1.4173,1.60,3.40
2009.03.06 05:40:44.537,1.4171,1.4173,1.60,3.40
2009.03.06 05:40:45.107,1.4171,1.4173,1.60,1.20
2009.03.06 05:40:48.856,1.41705,1.4173,1.60,3.40
2009.03.06 05:40:49.366,1.41705,1.4173,1.60,5.80
2009.03.06 05:40:49.766,1.417,1.41725,1.60,1.20
2009.03.06 05:40:50.056,1.417,1.41725,1.60,5.80
2009.03.06 05:40:52.715,1.417,1.41725,1.60,1.20
2009.03.06 05:40:59.004,1.41705,1.4173,1.60,3.40
2009.03.06 05:41:05.312,1.4171,1.4173,1.60,3.40
2009.03.06 05:41:05.902,1.41705,1.4173,1.60,3.40
2009.03.06 05:41:10.641,1.4171,1.4173,1.60,3.40
2009.03.06 05:41:11.030,1.41705,1.4173,1.60,3.40
2009.03.06 05:41:14.660,1.4171,1.4173,1.60,1.20
2009.03.06 05:41:15.909,1.41715,1.41735,1.60,5.80
2009.03.06 05:41:17.539,1.4171,1.4173,1.60,1.20
2009.03.06 05:41:18.259,1.41715,1.41735,1.60,5.80
2009.03.06 05:41:18.668,1.4171,1.4173,1.60,1.20
2009.03.06 05:41:23.977,1.41715,1.4173,1.60,4.80
2009.03.06 05:41:26.577,1.41715,1.41735,1.60,10.60
2009.03.06 05:41:26.697,1.41715,1.41735,1.60,5.80
2009.03.06 05:41:35.076,1.4171,1.4173,1.60,1.20
2009.03.06 05:41:48.342,1.4171,1.4173,1.60,3.40
2009.03.06 05:41:50.881,1.4171,1.4173,1.60,5.80
2009.03.06 05:41:51.451,1.4171,1.4173,1.60,10.60
2009.03.06 05:42:04.088,1.4171,1.4173,1.60,3.40
2009.03.06 05:42:39.509,1.4171,1.4173,1.60,1.20
2009.03.06 05:42:48.267,1.4171,1.4173,1.60,3.40
2009.03.06 05:43:26.588,1.417,1.4172,10.00,1.20
2009.03.06 05:43:26.758,1.4171,1.4173,1.60,3.40
2009.03.06 05:43:26.928,1.4171,1.4172,1.60,1.60
2009.03.06 05:43:27.278,1.417,1.4172,9.60,2.60
2009.03.06 05:43:27.388,1.4169,1.4172,1.60,1.20
2009.03.06 05:43:27.747,1.417,1.4172,1.60,5.80
2009.03.06 05:43:27.858,1.417,1.4172,1.60,7.40
2009.03.06 05:43:28.847,1.417,1.4172,1.60,1.60
2009.03.06 05:43:59.330,1.41685,1.41715,2.40,1.20
2009.03.06 05:43:59.750,1.41675,1.41715,1.60,5.80
2009.03.06 05:44:00.070,1.41675,1.41715,1.60,7.40
2009.03.06 05:44:00.250,1.41675,1.41705,1.60,1.20
2009.03.06 05:44:00.539,1.41675,1.41705,1.60,4.80
2009.03.06 05:44:00.590,1.41675,1.4171,1.60,5.80
2009.03.06 05:44:02.079,1.41675,1.41705,1.60,1.20
2009.03.06 05:44:02.319,1.41675,1.417,1.60,9.60
2009.03.06 05:44:02.679,1.4167,1.41695,1.60,2.60
2009.03.06 05:44:02.839,1.41675,1.417,1.60,4.80
2009.03.06 05:44:02.959,1.41675,1.4171,1.60,7.40
2009.03.06 05:44:04.159,1.41675,1.41705,1.60,1.20
2009.03.06 05:44:04.628,1.41675,1.4171,1.60,1.60
2009.03.06 05:44:10.667,1.41675,1.417,1.60,4.80
2009.03.06 05:44:11.027,1.41675,1.417,1.60,9.60
2009.03.06 05:44:11.137,1.41675,1.41695,1.60,6.40
2009.03.06 05:44:11.477,1.4167,1.41695,1.60,5.80
2009.03.06 05:44:13.196,1.4167,1.41695,1.60,1.20
2009.03.06 05:44:15.506,1.4166,1.4169,1.20,1.20
2009.03.06 05:44:17.935,1.41665,1.4169,1.60,1.20
2009.03.06 05:44:18.285,1.4167,1.41695,1.60,1.20
2009.03.06 05:44:25.963,1.41675,1.417,1.60,3.40
2009.03.06 05:44:31.862,1.4167,1.41695,1.60,1.20
2009.03.06 05:44:32.022,1.4167,1.41695,1.60,5.80
2009.03.06 05:44:39.410,1.4167,1.41695,1.60,1.20
2009.03.06 05:44:54.187,1.4167,1.41695,1.60,1.00
2009.03.06 05:44:55.066,1.41675,1.417,1.60,1.20
2009.03.06 05:44:56.356,1.4168,1.41705,1.40,1.20
2009.03.06 05:44:59.075,1.41685,1.41705,4.80,1.20
2009.03.06 05:44:59.176,1.41695,1.41715,1.60,6.60
2009.03.06 05:45:06.813,1.417,1.4172,1.60,2.60
2009.03.06 05:45:07.093,1.417,1.4172,1.60,5.80
2009.03.06 05:45:07.263,1.41685,1.4171,7.20,1.20
2009.03.06 05:45:07.383,1.41685,1.4171,1.60,1.20
2009.03.06 05:45:08.233,1.4169,1.41715,1.60,5.80
2009.03.06 05:45:11.232,1.4169,1.41715,1.20,5.80
2009.03.06 05:45:14.062,1.41705,1.41715,1.20,4.80
2009.03.06 05:45:14.292,1.41705,1.41725,2.80,6.60
2009.03.06 05:45:14.651,1.41705,1.41725,4.40,6.60
2009.03.06 05:45:15.331,1.41705,1.4172,1.60,1.20
2009.03.06 05:45:15.691,1.4169,1.4172,1.60,1.20
2009.03.06 05:45:15.911,1.4169,1.4172,1.60,5.80
2009.03.06 05:45:17.191,1.41695,1.4172,1.60,5.80
2009.03.06 05:45:21.360,1.41695,1.4172,1.60,1.20
2009.03.06 05:45:21.750,1.4169,1.4172,1.60,1.20
2009.03.06 05:45:21.930,1.4169,1.4172,1.60,10.60
2009.03.06 05:45:22.110,1.4169,1.41715,1.60,5.80
2009.03.06 05:45:22.570,1.417,1.41715,1.60,4.80
2009.03.06 05:45:22.949,1.417,1.4172,1.60,1.20
2009.03.06 05:45:31.478,1.4169,1.417,4.40,4.80
2009.03.06 05:45:31.827,1.41685,1.417,6.40,5.80
2009.03.06 05:45:31.948,1.4168,1.417,1.60,5.80
2009.03.06 05:45:32.707,1.4168,1.417,1.60,1.20
2009.03.06 05:45:33.107,1.4169,1.41705,1.60,4.00
2009.03.06 05:45:33.227,1.4169,1.4172,1.60,5.80
2009.03.06 05:45:35.467,1.4169,1.4172,1.60,1.20
2009.03.06 05:45:42.805,1.41705,1.4173,1.60,5.80
2009.03.06 05:45:42.975,1.41705,1.4173,1.60,3.40
2009.03.06 05:45:45.354,1.417,1.4172,1.60,1.20
2009.03.06 05:45:45.994,1.417,1.4172,1.60,5.80
2009.03.06 05:45:46.104,1.4169,1.41715,3.20,1.20
2009.03.06 05:45:46.334,1.4169,1.41715,1.60,1.20
2009.03.06 05:46:07.599,1.41705,1.41725,1.60,5.80
2009.03.06 05:46:08.229,1.41705,1.41725,1.60,6.60
2009.03.06 05:46:20.696,1.41705,1.41725,1.60,3.40
2009.03.06 05:46:20.815,1.4171,1.41725,1.60,1.60
2009.03.06 05:46:21.106,1.4171,1.4173,1.60,3.40
2009.03.06 05:46:31.753,1.41685,1.4171,1.60,4.80
2009.03.06 05:46:31.993,1.4168,1.4171,1.60,5.80
2009.03.06 05:46:39.371,1.41675,1.41705,1.60,1.20
2009.03.06 05:46:47.199,1.41675,1.41715,1.60,5.80
2009.03.06 05:46:52.258,1.41675,1.41705,1.60,1.20
2009.03.06 05:46:56.097,1.4169,1.41715,1.60,1.20
2009.03.06 05:46:57.387,1.41675,1.41705,12.00,1.20
2009.03.06 05:46:57.687,1.41675,1.41705,7.20,1.20
2009.03.06 05:46:57.917,1.41675,1.41705,1.60,1.20
2009.03.06 05:47:14.792,1.41695,1.41705,4.80,1.20
2009.03.06 05:47:15.212,1.41705,1.41725,1.60,6.60
2009.03.06 05:47:22.670,1.41705,1.41715,7.20,1.20
2009.03.06 05:47:23.091,1.41695,1.41715,5.60,1.20
2009.03.06 05:47:23.210,1.41675,1.41715,1.60,5.80
2009.03.06 05:47:24.250,1.4168,1.41715,1.40,5.80
2009.03.06 05:47:24.650,1.417,1.41715,4.80,5.80
2009.03.06 05:47:24.830,1.4171,1.4173,1.60,3.40
2009.03.06 05:47:28.669,1.4171,1.4173,1.60,5.80
2009.03.06 05:47:28.789,1.41705,1.4172,3.20,1.20
2009.03.06 05:47:28.909,1.41695,1.4172,1.60,1.20
2009.03.06 05:47:29.029,1.4168,1.41715,4.80,1.20
2009.03.06 05:47:29.569,1.41675,1.417,1.60,1.00
2009.03.06 05:47:35.787,1.41675,1.41705,1.60,1.20
2009.03.06 05:47:38.127,1.4168,1.4171,1.60,1.20
2009.03.06 05:47:50.954,1.4169,1.4171,5.60,1.20
2009.03.06 05:47:51.064,1.4169,1.4171,8.80,1.20
2009.03.06 05:47:51.184,1.4169,1.4171,10.40,1.20
2009.03.06 05:47:51.723,1.417,1.4172,1.60,3.40
2009.03.06 05:47:55.123,1.41695,1.41715,1.60,1.20
2009.03.06 05:47:55.532,1.4169,1.41715,1.60,1.20
2009.03.06 05:47:55.652,1.41685,1.41715,1.60,1.20
2009.03.06 05:47:56.872,1.41705,1.41715,1.00,1.20
2009.03.06 05:47:56.992,1.4171,1.41715,1.00,1.20
2009.03.06 05:47:57.512,1.4171,1.4172,1.00,1.20
2009.03.06 05:48:00.722,1.4168,1.4172,1.60,1.20
2009.03.06 05:48:00.831,1.41675,1.41725,1.60,5.80
2009.03.06 05:48:01.381,1.41685,1.4173,6.40,1.20
2009.03.06 05:48:01.491,1.4169,1.4173,4.80,1.20
2009.03.06 05:48:01.841,1.41695,1.4175,6.40,4.80
2009.03.06 05:48:07.240,1.41695,1.4175,6.40,9.60
2009.03.06 05:48:07.410,1.41695,1.4173,4.80,1.20
2009.03.06 05:48:07.520,1.4169,1.4173,1.60,1.20
2009.03.06 05:48:11.938,1.41685,1.41725,6.40,1.20
2009.03.06 05:48:12.159,1.41685,1.41725,1.60,5.80
2009.03.06 05:48:26.385,1.4169,1.41725,1.60,4.80
2009.03.06 05:48:26.625,1.4169,1.4173,1.60,5.80
2009.03.06 05:48:27.475,1.4169,1.4173,1.60,10.60
2009.03.06 05:48:28.305,1.41675,1.41715,1.60,5.80
2009.03.06 05:48:29.764,1.4168,1.41715,1.00,5.80
2009.03.06 05:48:29.924,1.41705,1.41715,4.80,1.20
2009.03.06 05:48:30.034,1.41715,1.41735,8.00,4.00
2009.03.06 05:48:30.314,1.41715,1.41735,1.60,6.60
2009.03.06 05:48:32.314,1.41715,1.41735,1.60,5.80
2009.03.06 05:48:32.424,1.41705,1.4171,5.60,1.00
2009.03.06 05:48:36.733,1.41715,1.4172,3.20,1.60
2009.03.06 05:48:37.133,1.4169,1.4171,1.60,1.00
2009.03.06 05:48:37.363,1.41675,1.41715,6.40,1.80
2009.03.06 05:48:37.532,1.41675,1.41715,1.60,6.60
2009.03.06 05:48:38.522,1.41675,1.417,1.60,1.00
2009.03.06 05:48:50.419,1.4168,1.417,8.00,1.00
2009.03.06 05:48:50.539,1.4169,1.417,1.60,1.00
2009.03.06 05:48:50.839,1.4169,1.4172,1.60,1.20
2009.03.06 05:48:55.988,1.4169,1.4172,1.60,5.80
2009.03.06 05:48:56.228,1.4169,1.41715,1.60,1.20
2009.03.06 05:49:12.204,1.4169,1.4172,1.60,1.20
2009.03.06 05:49:22.902,1.4169,1.41715,1.60,1.20
2009.03.06 05:49:33.609,1.41685,1.4171,1.60,1.20
2009.03.06 05:49:36.898,1.41685,1.4171,1.60,5.80
2009.03.06 05:49:37.078,1.4167,1.417,1.60,1.20
2009.03.06 05:49:37.198,1.4167,1.417,1.60,5.80
2009.03.06 05:49:38.268,1.4167,1.41695,1.60,3.20
2009.03.06 05:49:38.428,1.4167,1.4168,1.40,4.80
2009.03.06 05:49:38.778,1.4166,1.4168,3.80,5.80
2009.03.06 05:49:39.218,1.4167,1.4168,1.40,4.80
2009.03.06 05:49:40.427,1.4167,1.41685,1.40,5.80
2009.03.06 05:49:40.717,1.41685,1.417,1.40,5.80
2009.03.06 05:49:41.177,1.41685,1.417,1.40,4.80
2009.03.06 05:49:42.217,1.41685,1.41705,1.40,4.80
2009.03.06 05:49:43.057,1.4169,1.41705,1.60,4.80
2009.03.06 05:49:43.486,1.4169,1.4171,1.60,10.60
2009.03.06 05:49:44.766,1.4169,1.4171,1.60,5.80
2009.03.06 05:49:45.176,1.4169,1.4172,1.60,5.80
2009.03.06 05:49:45.476,1.41695,1.4172,1.60,5.80
2009.03.06 05:49:45.936,1.417,1.4172,1.60,4.80
2009.03.06 05:49:47.256,1.417,1.41715,1.60,4.80
2009.03.06 05:49:47.435,1.417,1.41725,1.60,9.00
2009.03.06 05:49:47.776,1.4169,1.4171,1.60,5.80
2009.03.06 05:49:51.295,1.41685,1.4171,4.00,5.80
2009.03.06 05:49:51.685,1.4169,1.4171,1.60,5.80
2009.03.06 05:49:52.194,1.4169,1.41705,1.60,4.80
2009.03.06 05:49:52.514,1.4169,1.4171,1.60,10.60
2009.03.06 05:49:53.444,1.4169,1.4171,1.60,5.80
2009.03.06 05:49:54.024,1.41695,1.4172,1.60,5.80
2009.03.06 05:49:55.913,1.41695,1.41715,1.60,4.80
2009.03.06 05:49:56.073,1.41695,1.4172,1.60,1.20
2009.03.06 05:49:56.493,1.41695,1.4172,1.60,5.80
2009.03.06 05:49:56.723,1.4169,1.41715,1.60,1.20
2009.03.06 05:49:56.883,1.4169,1.41715,1.60,5.80
2009.03.06 05:49:59.463,1.41685,1.417,1.60,4.80
2009.03.06 05:50:01.142,1.4168,1.417,1.60,5.80
2009.03.06 05:50:06.921,1.4168,1.417,1.60,10.60
2009.03.06 05:50:09.210,1.4168,1.417,1.60,5.80
2009.03.06 05:50:15.199,1.4168,1.417,1.60,10.60
2009.03.06 05:50:18.968,1.41685,1.417,1.60,9.60
2009.03.06 05:50:20.247,1.41685,1.417,1.60,4.80
2009.03.06 05:50:33.145,1.4169,1.417,1.60,4.80
2009.03.06 05:50:33.494,1.41685,1.417,1.60,4.80
2009.03.06 05:50:35.354,1.4169,1.417,1.60,4.80
2009.03.06 05:50:38.383,1.41685,1.417,1.60,4.80
2009.03.06 05:50:38.793,1.41685,1.417,1.60,9.60
2009.03.06 05:50:39.023,1.41685,1.417,1.60,4.80
2009.03.06 05:50:43.892,1.4168,1.417,1.60,5.80
2009.03.06 05:50:44.002,1.4168,1.417,1.60,10.60
2009.03.06 05:50:50.270,1.4168,1.417,1.60,5.80
2009.03.06 05:50:52.800,1.4168,1.417,1.60,10.60
2009.03.06 05:51:02.397,1.4168,1.417,1.60,5.80
2009.03.06 05:51:06.327,1.4168,1.417,1.60,10.60
2009.03.06 05:51:08.546,1.4168,1.417,1.60,5.80
2009.03.06 05:51:08.996,1.4168,1.417,1.60,1.20
2009.03.06 05:51:09.116,1.41685,1.41705,1.60,1.20
2009.03.06 05:51:09.236,1.4169,1.4172,1.60,5.80
2009.03.06 05:51:11.375,1.4169,1.4171,1.60,4.80
2009.03.06 05:51:11.665,1.4169,1.4171,1.60,9.60
2009.03.06 05:51:12.355,1.4168,1.41705,1.60,5.80
2009.03.06 05:51:12.705,1.41685,1.41705,1.60,4.80
2009.03.06 05:51:13.735,1.4169,1.41705,1.60,4.80
2009.03.06 05:51:14.204,1.4169,1.4171,1.60,10.60
2009.03.06 05:51:17.664,1.41695,1.4171,1.60,5.80
2009.03.06 05:51:17.764,1.41695,1.4172,1.60,5.80
2009.03.06 05:51:20.413,1.4169,1.4172,1.60,1.20
2009.03.06 05:51:20.533,1.41685,1.41715,1.60,1.20
2009.03.06 05:51:20.873,1.41685,1.4171,1.60,4.80
2009.03.06 05:51:21.343,1.41685,1.41715,1.60,5.80
2009.03.06 05:51:23.463,1.4168,1.4171,4.00,1.20
2009.03.06 05:51:24.042,1.41685,1.4171,1.60,5.80
2009.03.06 05:51:26.272,1.41685,1.4171,1.60,1.20
2009.03.06 05:51:26.442,1.4169,1.4171,1.60,4.80
2009.03.06 05:51:26.731,1.4168,1.41705,1.60,1.20
2009.03.06 05:51:27.031,1.4168,1.41705,1.60,5.80
2009.03.06 05:51:27.821,1.41675,1.417,3.80,1.20
2009.03.06 05:51:28.351,1.41675,1.417,1.40,1.20
2009.03.06 05:51:28.511,1.4167,1.417,1.40,1.20
2009.03.06 05:51:29.211,1.41665,1.41695,1.40,1.20
2009.03.06 05:51:29.731,1.4167,1.417,1.40,1.20
2009.03.06 05:51:30.121,1.4168,1.41705,1.40,5.80
2009.03.06 05:51:30.980,1.4167,1.417,1.40,1.20
2009.03.06 05:51:32.940,1.4166,1.41685,6.40,1.20
2009.03.06 05:51:33.120,1.4166,1.41685,1.60,1.20
2009.03.06 05:51:35.479,1.4166,1.4168,1.60,3.20
2009.03.06 05:51:35.580,1.4165,1.4166,3.20,13.60
2009.03.06 05:51:35.969,1.41645,1.41655,15.00,6.40
2009.03.06 05:51:36.149,1.41645,1.41655,1.40,8.00
2009.03.06 05:51:36.489,1.4164,1.41655,4.80,1.00
2009.03.06 05:51:36.839,1.4164,1.41695,9.60,1.20
2009.03.06 05:51:38.449,1.41665,1.4169,1.40,4.80
2009.03.06 05:51:38.729,1.41665,1.41705,1.40,5.80
2009.03.06 05:51:39.359,1.41665,1.4168,1.40,3.20
2009.03.06 05:51:39.479,1.4166,1.41665,4.80,21.40
2009.03.06 05:51:39.778,1.4164,1.4166,1.40,4.80
2009.03.06 05:51:40.308,1.41635,1.4166,1.40,4.80
2009.03.06 05:51:40.918,1.41645,1.41665,1.60,4.80
2009.03.06 05:51:41.328,1.4165,1.4168,1.60,2.60
2009.03.06 05:51:41.558,1.4165,1.41675,1.60,1.20
2009.03.06 05:51:42.068,1.4165,1.4167,1.60,4.80
2009.03.06 05:51:42.308,1.4165,1.41675,1.60,5.80
2009.03.06 05:51:46.557,1.4165,1.41675,1.60,1.20
2009.03.06 05:51:47.026,1.4165,1.41675,1.60,5.80
2009.03.06 05:51:48.236,1.4164,1.4167,1.60,1.20
2009.03.06 05:51:48.766,1.41645,1.4167,1.60,1.20
2009.03.06 05:51:51.336,1.4164,1.4167,1.40,1.20
2009.03.06 05:51:52.385,1.4164,1.4167,1.60,1.20
2009.03.06 05:51:53.715,1.41645,1.4167,1.60,1.20
2009.03.06 05:51:55.435,1.4164,1.4167,1.60,1.20
2009.03.06 05:51:55.835,1.41645,1.4167,1.60,1.20
2009.03.06 05:51:59.973,1.4164,1.4167,1.00,1.20
2009.03.06 05:52:01.583,1.4165,1.4169,1.00,1.20
2009.03.06 05:52:02.053,1.41655,1.4169,4.80,1.20
2009.03.06 05:52:02.803,1.4166,1.417,1.00,1.20
2009.03.06 05:52:04.493,1.41655,1.4169,4.80,1.20
2009.03.06 05:52:04.832,1.4165,1.4168,1.00,1.20
2009.03.06 05:52:05.882,1.41645,1.41675,1.60,1.20
2009.03.06 05:52:09.611,1.4165,1.4168,1.20,1.20
2009.03.06 05:52:09.891,1.41645,1.41675,1.60,1.20
2009.03.06 05:52:10.231,1.4165,1.4168,1.60,1.20
2009.03.06 05:52:15.080,1.41655,1.4168,1.20,1.20
2009.03.06 05:52:19.999,1.4165,1.4168,1.60,1.20
2009.03.06 05:52:23.618,1.4166,1.417,1.60,2.60
2009.03.06 05:52:24.068,1.4166,1.417,1.60,1.20
2009.03.06 05:52:24.238,1.4166,1.417,6.40,1.20
2009.03.06 05:52:26.597,1.4166,1.41685,4.80,1.20
2009.03.06 05:52:26.827,1.41655,1.41685,1.60,1.20
2009.03.06 05:52:38.454,1.4166,1.4169,1.60,1.20
2009.03.06 05:52:41.463,1.4165,1.41675,1.60,1.20
2009.03.06 05:52:42.353,1.4165,1.41675,1.60,5.80
2009.03.06 05:52:42.983,1.41645,1.4167,1.60,1.20
2009.03.06 05:52:44.193,1.4165,1.4167,1.60,1.20
2009.03.06 05:52:44.593,1.4165,1.4167,1.60,5.80
2009.03.06 05:52:45.292,1.41655,1.4167,1.60,4.80
2009.03.06 05:52:48.702,1.4165,1.41665,1.60,4.80
2009.03.06 05:52:49.532,1.4165,1.41665,1.60,5.80
2009.03.06 05:52:54.810,1.4167,1.41685,1.40,4.80
2009.03.06 05:52:54.930,1.4167,1.41695,1.40,1.20
2009.03.06 05:52:55.391,1.41665,1.4169,1.40,1.20
2009.03.06 05:52:56.130,1.4166,1.41685,1.40,1.20
2009.03.06 05:52:57.879,1.41655,1.4168,1.40,1.20
2009.03.06 05:53:00.928,1.41655,1.4168,2.20,1.20
2009.03.06 05:53:01.049,1.41655,1.4168,1.60,1.20
2009.03.06 05:53:02.648,1.41655,1.4168,6.40,1.20
2009.03.06 05:53:05.378,1.4166,1.4169,1.60,1.20
2009.03.06 05:53:11.496,1.4166,1.4169,1.60,5.80
2009.03.06 05:53:11.956,1.4166,1.41685,1.60,1.20
2009.03.06 05:53:16.035,1.4166,1.41685,4.60,1.20
2009.03.06 05:53:16.445,1.4166,1.4168,3.20,1.20
2009.03.06 05:53:19.684,1.4165,1.4167,7.00,1.20
2009.03.06 05:53:20.384,1.4165,1.4167,5.40,1.20
2009.03.06 05:53:20.774,1.41645,1.4166,4.30,9.00
2009.03.06 05:53:21.004,1.4164,1.4166,3.60,10.60
2009.03.06 05:53:22.883,1.4164,1.4166,3.60,10.60
2009.03.06 05:53:23.283,1.4164,1.4166,6.00,7.40
2009.03.06 05:53:23.403,1.4165,1.4167,1.20,1.20
2009.03.06 05:53:27.792,1.4165,1.4167,1.20,5.80
2009.03.06 05:53:28.652,1.41645,1.4167,1.60,5.80
2009.03.06 05:53:29.582,1.4164,1.41665,1.60,1.20
2009.03.06 05:53:29.802,1.4164,1.4166,1.60,1.20
2009.03.06 05:53:32.131,1.4164,1.4166,1.60,8.20
2009.03.06 05:53:32.302,1.41635,1.41655,1.60,4.20
2009.03.06 05:53:32.481,1.4164,1.4166,1.40,8.20
2009.03.06 05:53:32.811,1.41635,1.41655,3.80,4.20
2009.03.06 05:53:32.981,1.41635,1.41655,1.40,4.20
2009.03.06 05:53:33.711,1.41635,1.41655,3.80,4.20
2009.03.06 05:53:35.620,1.41635,1.41655,3.80,4.20
2009.03.06 05:53:35.860,1.41625,1.41635,3.80,5.80
2009.03.06 05:53:36.310,1.4163,1.41635,1.40,5.80
2009.03.06 05:53:39.769,1.41625,1.4163,2.60,4.80
2009.03.06 05:53:39.939,1.4163,1.41635,1.40,5.40
2009.03.06 05:53:41.379,1.4163,1.41635,1.40,5.40
2009.03.06 05:53:42.139,1.4163,1.41635,1.40,8.60
2009.03.06 05:53:42.429,1.4159,1.4161,1.00,3.20
2009.03.06 05:53:42.829,1.4163,1.41635,1.40,28.10
2009.03.06 05:53:43.179,1.4162,1.4163,1.40,4.80
2009.03.06 05:53:43.338,1.416,1.41625,1.40,3.40
2009.03.06 05:53:43.669,1.416,1.4162,1.40,1.00
2009.03.06 05:53:43.839,1.41605,1.4162,8.00,1.00
2009.03.06 05:53:44.128,1.41645,1.41655,4.80,3.00
2009.03.06 05:53:44.348,1.41625,1.41685,4.80,1.20
2009.03.06 05:53:44.908,1.4163,1.41685,4.80,1.20
2009.03.06 05:53:45.258,1.4162,1.4168,4.80,3.20
2009.03.06 05:53:45.618,1.4163,1.41645,1.60,1.20
2009.03.06 05:53:45.898,1.4163,1.4164,1.60,4.80
2009.03.06 05:53:46.188,1.4163,1.41645,1.60,4.80
2009.03.06 05:53:46.638,1.41635,1.41645,1.60,4.80
2009.03.06 05:53:47.048,1.4163,1.41645,1.60,4.80
2009.03.06 05:53:47.678,1.41625,1.4164,1.60,9.60
2009.03.06 05:53:47.969,1.41625,1.41635,1.60,4.80
2009.03.06 05:53:48.677,1.4162,1.41635,1.60,9.60
2009.03.06 05:53:48.917,1.4162,1.4163,1.60,4.80
2009.03.06 05:53:50.307,1.41595,1.4162,6.80,4.00
2009.03.06 05:53:50.807,1.41595,1.41605,10.40,4.80
2009.03.06 05:53:50.987,1.4159,1.41605,5.60,1.00
2009.03.06 05:53:51.486,1.41605,1.41615,1.60,1.00
2009.03.06 05:53:51.997,1.4161,1.41615,1.60,1.00
2009.03.06 05:53:52.336,1.4159,1.416,10.00,1.00
2009.03.06 05:53:52.576,1.416,1.41625,1.60,1.00
2009.03.06 05:53:55.895,1.41595,1.416,1.60,1.00
2009.03.06 05:53:56.365,1.41605,1.41625,1.60,9.50
2009.03.06 05:53:56.535,1.41595,1.416,8.60,1.00
2009.03.06 05:53:58.295,1.416,1.41615,1.60,1.00
2009.03.06 05:54:03.064,1.41605,1.4162,1.60,2.40
2009.03.06 05:54:03.364,1.41605,1.41625,1.40,6.60
2009.03.06 05:54:03.534,1.41605,1.41625,1.40,8.20
2009.03.06 05:54:04.004,1.4161,1.41625,1.40,8.20
2009.03.06 05:54:04.473,1.41605,1.41625,3.80,8.20
2009.03.06 05:54:06.223,1.4161,1.41615,1.40,1.60
2009.03.06 05:54:06.563,1.4161,1.4163,1.40,13.00
2009.03.06 05:54:06.733,1.4161,1.4163,1.40,2.60
2009.03.06 05:54:06.853,1.41615,1.4164,1.40,1.40
2009.03.06 05:54:08.063,1.41605,1.4164,1.40,1.20
2009.03.06 05:54:12.741,1.41595,1.4162,7.20,5.80
2009.03.06 05:54:12.981,1.416,1.4162,1.60,10.60
2009.03.06 05:54:13.212,1.41595,1.4162,1.60,10.60
2009.03.06 05:54:15.201,1.416,1.4162,1.60,10.60
2009.03.06 05:54:17.480,1.4161,1.41615,1.60,4.80
2009.03.06 05:54:18.340,1.41615,1.4162,1.60,4.80
2009.03.06 05:54:20.430,1.4162,1.41625,1.20,5.40
2009.03.06 05:54:20.710,1.4158,1.41615,1.20,1.20
2009.03.06 05:54:21.050,1.4158,1.41615,5.20,1.20
2009.03.06 05:54:21.169,1.4159,1.4162,1.20,1.20
2009.03.06 05:54:22.249,1.41605,1.4163,1.60,4.20
2009.03.06 05:54:22.489,1.4161,1.4164,1.60,5.80
2009.03.06 05:54:22.719,1.4161,1.4164,1.60,1.20
2009.03.06 05:54:23.639,1.4163,1.4164,1.00,1.20
2009.03.06 05:54:24.629,1.416,1.41635,1.60,4.80
2009.03.06 05:54:25.038,1.416,1.4164,1.60,1.00
2009.03.06 05:54:26.258,1.41615,1.4164,1.60,1.00
2009.03.06 05:54:26.788,1.41635,1.4166,1.60,1.00
2009.03.06 05:54:27.008,1.41635,1.4166,6.40,1.00
2009.03.06 05:54:27.588,1.41635,1.4166,11.20,1.00
2009.03.06 05:54:28.178,1.41645,1.4166,2.00,1.00
2009.03.06 05:54:30.007,1.41645,1.4167,2.00,1.20
2009.03.06 05:54:30.707,1.41655,1.41695,1.60,5.40
2009.03.06 05:54:31.397,1.41655,1.41695,1.60,1.00
2009.03.06 05:54:34.466,1.4166,1.417,1.60,1.00
2009.03.06 05:54:46.543,1.4166,1.417,1.60,1.20
2009.03.06 05:54:46.653,1.41665,1.41705,1.60,5.80
2009.03.06 05:54:47.543,1.41665,1.417,1.60,4.80
2009.03.06 05:54:47.883,1.41665,1.41695,1.60,4.80
2009.03.06 05:54:48.053,1.4166,1.4169,1.60,1.20
2009.03.06 05:54:53.852,1.41665,1.4169,1.00,1.20
2009.03.06 05:54:56.361,1.4167,1.41695,1.60,5.80
2009.03.06 05:54:58.350,1.41665,1.4169,1.60,1.20
2009.03.06 05:55:00.930,1.4167,1.41695,1.60,5.80
2009.03.06 05:55:01.510,1.41665,1.4169,1.60,1.20
2009.03.06 05:55:03.529,1.4169,1.417,1.60,4.80
2009.03.06 05:55:03.879,1.41695,1.41705,1.60,4.80
2009.03.06 05:55:04.059,1.41695,1.4172,1.60,11.40
2009.03.06 05:55:04.419,1.41695,1.4172,1.60,10.60
2009.03.06 05:55:04.599,1.4166,1.41705,8.00,5.80
2009.03.06 05:55:05.009,1.41655,1.41705,1.20,5.80
2009.03.06 05:55:05.529,1.41665,1.41705,1.20,5.80
2009.03.06 05:55:06.079,1.4168,1.41705,1.40,4.80
2009.03.06 05:55:07.478,1.4168,1.417,1.40,4.80
2009.03.06 05:55:07.878,1.41675,1.417,1.40,10.60
2009.03.06 05:55:09.499,1.4167,1.41695,1.60,1.20
2009.03.06 05:55:09.907,1.4168,1.41705,1.60,4.80
2009.03.06 05:55:10.657,1.4168,1.4171,1.60,5.80
2009.03.06 05:55:11.938,1.41675,1.41705,1.60,1.20
2009.03.06 05:55:12.567,1.41675,1.41705,1.60,5.80
2009.03.06 05:55:14.526,1.4166,1.417,1.60,1.20
2009.03.06 05:55:14.867,1.41665,1.417,1.60,4.80
2009.03.06 05:55:15.326,1.41665,1.41705,1.60,1.20
2009.03.06 05:55:18.556,1.41675,1.41705,1.60,1.20
2009.03.06 05:55:18.606,1.4168,1.4171,1.60,5.80
2009.03.06 05:55:20.165,1.41685,1.4171,1.60,5.80
2009.03.06 05:55:20.385,1.4169,1.4171,1.60,4.80
2009.03.06 05:55:20.735,1.41685,1.4171,1.60,5.80
2009.03.06 05:55:21.085,1.4168,1.4171,1.60,5.80
2009.03.06 05:55:27.773,1.41675,1.41705,1.60,1.20
2009.03.06 05:55:29.033,1.4168,1.4171,1.60,5.80
2009.03.06 05:55:31.482,1.41675,1.41705,1.40,1.20
2009.03.06 05:55:49.868,1.41675,1.41705,1.20,1.20
2009.03.06 05:55:53.147,1.41675,1.41705,1.60,1.20
2009.03.06 05:55:54.327,1.41665,1.41705,1.60,1.20
2009.03.06 05:55:54.837,1.41675,1.41705,1.60,1.20
2009.03.06 05:55:55.257,1.41665,1.41705,1.60,1.20
2009.03.06 05:55:55.556,1.41675,1.41705,1.60,1.20
2009.03.06 05:55:56.146,1.4168,1.4171,1.60,5.80
2009.03.06 05:55:56.706,1.41685,1.4171,1.60,5.80
2009.03.06 05:55:57.176,1.4169,1.4171,1.60,4.80
2009.03.06 05:55:59.345,1.4169,1.41715,1.60,5.80
2009.03.06 05:55:59.516,1.41685,1.4171,1.60,1.20
2009.03.06 05:56:03.525,1.4168,1.4171,1.60,1.20
2009.03.06 05:56:04.104,1.4168,1.4171,1.60,5.80
2009.03.06 05:56:04.794,1.4168,1.4171,1.60,1.20
2009.03.06 05:56:10.543,1.41685,1.41715,1.60,1.20
2009.03.06 05:56:12.573,1.41675,1.41715,6.40,1.20
2009.03.06 05:56:13.032,1.41685,1.41715,1.60,1.20
2009.03.06 05:56:13.632,1.41685,1.41715,1.60,1.20
2009.03.06 05:56:13.972,1.4169,1.4172,1.60,1.20
2009.03.06 05:56:18.851,1.4169,1.41715,1.60,1.20
2009.03.06 05:56:22.320,1.41685,1.4171,1.60,1.20
2009.03.06 05:56:25.019,1.4169,1.41715,1.60,5.80
2009.03.06 05:56:33.197,1.4169,1.41715,1.60,1.20
2009.03.06 05:56:37.466,1.4169,1.41715,1.60,4.20
2009.03.06 05:56:37.567,1.4169,1.41705,1.60,4.80
2009.03.06 05:56:37.916,1.41685,1.41695,1.60,4.80
2009.03.06 05:56:38.376,1.4168,1.4169,3.80,4.80
2009.03.06 05:56:38.616,1.41695,1.417,1.40,6.40
2009.03.06 05:56:39.256,1.4169,1.41715,1.40,1.20
2009.03.06 05:56:43.715,1.4169,1.41715,1.60,1.20
2009.03.06 05:56:50.713,1.41695,1.4172,1.60,4.20
2009.03.06 05:56:53.982,1.417,1.4172,1.60,4.20
2009.03.06 05:56:55.002,1.417,1.4172,1.60,1.80
2009.03.06 05:56:55.462,1.41705,1.41725,1.60,7.00
2009.03.06 05:56:55.862,1.4172,1.41725,1.60,1.00
2009.03.06 05:56:56.652,1.4172,1.41735,1.60,4.80
2009.03.06 05:56:57.132,1.41725,1.41745,7.80,5.60
2009.03.06 05:56:57.492,1.4176,1.418,4.80,2.60
2009.03.06 05:56:57.951,1.41775,1.41805,4.80,2.60
2009.03.06 05:56:58.511,1.4178,1.41795,4.80,2.60
2009.03.06 05:56:59.151,1.4178,1.418,4.80,2.60
2009.03.06 05:56:59.391,1.4178,1.418,4.80,1.40
2009.03.06 05:57:00.481,1.41765,1.418,4.80,1.40
2009.03.06 05:57:00.941,1.41765,1.41805,6.20,2.00
2009.03.06 05:57:01.631,1.4177,1.418,4.80,1.40
2009.03.06 05:57:02.270,1.4177,1.41805,4.80,1.20
2009.03.06 05:57:02.570,1.41765,1.41805,1.20,1.20
2009.03.06 05:57:03.540,1.41765,1.41805,1.40,1.20
2009.03.06 05:57:03.840,1.4176,1.418,6.20,1.20
2009.03.06 05:57:09.350,1.4177,1.41795,1.60,5.80
2009.03.06 05:57:11.538,1.4177,1.41795,1.60,1.20
2009.03.06 05:57:13.108,1.41775,1.418,1.40,10.60
2009.03.06 05:57:14.327,1.41775,1.41795,1.40,4.80
2009.03.06 05:57:14.607,1.4177,1.41795,1.40,1.20
2009.03.06 05:57:15.537,1.41775,1.418,1.40,10.60
2009.03.06 05:57:16.097,1.41775,1.41795,1.40,4.80
2009.03.06 05:57:16.337,1.41775,1.41795,1.60,5.80
2009.03.06 05:57:17.047,1.4178,1.41795,1.60,1.20
2009.03.06 05:57:17.167,1.4178,1.418,1.60,10.60
2009.03.06 05:57:18.257,1.41785,1.418,1.20,10.60
2009.03.06 05:57:18.667,1.4178,1.418,1.20,10.60
2009.03.06 05:57:19.136,1.4178,1.418,3.20,10.60
2009.03.06 05:57:19.306,1.4178,1.418,3.20,5.80
2009.03.06 05:57:22.776,1.4178,1.418,3.20,1.20
2009.03.06 05:57:22.885,1.4179,1.41815,1.40,11.40
2009.03.06 05:57:23.355,1.4179,1.41815,1.40,1.20
2009.03.06 05:57:24.555,1.4178,1.41805,1.60,1.20
2009.03.06 05:57:27.324,1.41785,1.4182,1.60,5.80
2009.03.06 05:57:27.664,1.41785,1.4181,1.60,4.80
2009.03.06 05:57:28.134,1.4179,1.41815,4.80,1.20
2009.03.06 05:57:28.574,1.41805,1.41835,1.60,1.20
2009.03.06 05:57:29.264,1.4182,1.41835,6.40,1.20
2009.03.06 05:57:29.424,1.41825,1.4183,3.80,6.90
2009.03.06 05:57:29.813,1.4184,1.4185,1.00,6.60
2009.03.06 05:57:29.984,1.41825,1.41845,1.40,4.80
2009.03.06 05:57:32.833,1.41845,1.41885,5.60,8.20
2009.03.06 05:57:33.113,1.4184,1.4188,1.60,5.20
2009.03.06 05:57:36.822,1.41855,1.41875,1.40,4.80
2009.03.06 05:57:37.162,1.41855,1.41885,1.40,1.00
2009.03.06 05:57:48.919,1.41845,1.4187,11.20,1.00
2009.03.06 05:57:49.189,1.41845,1.41865,9.60,1.00
2009.03.06 05:57:52.418,1.41845,1.4187,11.20,1.00
2009.03.06 05:57:52.878,1.41845,1.4187,6.40,1.00
2009.03.06 05:57:55.338,1.4185,1.4188,1.60,1.00
2009.03.06 05:57:55.798,1.4185,1.41875,1.60,1.00
2009.03.06 05:57:56.307,1.4185,1.4188,1.60,1.00
2009.03.06 05:57:56.647,1.4185,1.41875,1.60,1.00
2009.03.06 05:57:59.687,1.4185,1.4188,1.60,1.00
2009.03.06 05:58:03.556,1.4185,1.41875,1.60,1.00
2009.03.06 05:58:04.176,1.41845,1.4187,6.40,1.00
2009.03.06 05:58:04.696,1.4185,1.41875,1.60,1.00
2009.03.06 05:58:08.974,1.4185,1.4188,1.40,1.00
2009.03.06 05:58:16.352,1.4185,1.4188,6.20,1.00
2009.03.06 05:58:19.941,1.4186,1.4188,1.40,1.00
2009.03.06 05:58:22.221,1.4189,1.4191,23.20,6.20
2009.03.06 05:58:22.451,1.4189,1.4191,23.20,5.40
2009.03.06 05:58:24.871,1.4189,1.4191,18.40,5.40
2009.03.06 05:58:26.060,1.4188,1.4189,21.60,1.00
2009.03.06 05:58:26.280,1.4184,1.41885,6.40,1.00
2009.03.06 05:58:29.569,1.41865,1.419,4.80,1.00
2009.03.06 05:58:31.439,1.4187,1.41905,4.80,1.00
2009.03.06 05:58:34.398,1.4187,1.41905,9.60,1.00
2009.03.06 05:58:34.618,1.41875,1.419,1.60,1.00
2009.03.06 05:58:35.658,1.41875,1.419,6.40,1.00
2009.03.06 05:58:40.027,1.41875,1.419,1.60,1.00
2009.03.06 05:58:40.487,1.41875,1.419,6.40,1.00
2009.03.06 05:58:41.996,1.4188,1.419,6.40,3.20
2009.03.06 05:58:42.216,1.41875,1.419,6.40,3.20
2009.03.06 05:58:43.806,1.41875,1.419,6.40,3.20
2009.03.06 05:58:56.263,1.4188,1.419,4.80,3.20
2009.03.06 05:58:56.483,1.4188,1.419,9.60,1.00
2009.03.06 05:58:56.653,1.4188,1.4191,11.00,1.00
2009.03.06 05:58:57.062,1.4188,1.4191,6.20,1.00
2009.03.06 05:58:57.822,1.41875,1.41905,1.60,1.00
2009.03.06 05:59:04.121,1.41875,1.41905,1.60,10.40
2009.03.06 05:59:04.521,1.4187,1.41895,6.40,1.00
2009.03.06 05:59:06.670,1.4187,1.41895,1.60,1.00
2009.03.06 05:59:07.060,1.4187,1.41895,1.60,5.60
2009.03.06 05:59:07.180,1.4186,1.4189,1.20,1.00
2009.03.06 05:59:07.590,1.41865,1.4189,1.00,1.00
2009.03.06 05:59:10.770,1.41865,1.4189,1.60,1.00
2009.03.06 05:59:11.109,1.41855,1.41875,1.60,1.00
2009.03.06 05:59:11.289,1.41855,1.41875,1.60,4.00
2009.03.06 05:59:12.129,1.4185,1.4187,3.80,1.00
2009.03.06 05:59:14.388,1.4185,1.4187,6.20,1.00
2009.03.06 05:59:15.398,1.4185,1.4187,4.80,1.00
2009.03.06 05:59:15.688,1.41845,1.4187,5.60,1.00
2009.03.06 05:59:16.488,1.41845,1.4187,6.40,3.20
2009.03.06 05:59:17.488,1.41845,1.4187,6.20,3.20
2009.03.06 05:59:18.297,1.41845,1.4187,6.20,1.00
2009.03.06 05:59:18.647,1.4185,1.4187,1.40,1.00
2009.03.06 05:59:19.447,1.41845,1.4187,6.00,1.00
2009.03.06 05:59:19.677,1.41845,1.4187,6.00,3.20
2009.03.06 05:59:21.657,1.41845,1.4187,6.00,1.00
2009.03.06 05:59:21.946,1.4185,1.4187,1.20,1.00
2009.03.06 05:59:22.487,1.41845,1.4187,6.00,3.20
2009.03.06 05:59:22.776,1.41845,1.4187,3.60,5.60
2009.03.06 05:59:23.126,1.41845,1.4187,1.60,5.60
2009.03.06 05:59:25.746,1.4184,1.41865,4.00,1.00
2009.03.06 05:59:25.985,1.4184,1.41865,1.60,5.60
2009.03.06 05:59:28.415,1.41845,1.41865,1.40,5.60
2009.03.06 05:59:29.105,1.4184,1.41865,1.40,5.60
2009.03.06 05:59:29.445,1.4184,1.41865,1.40,1.00
2009.03.06 05:59:29.605,1.4184,1.41865,1.40,5.60
2009.03.06 05:59:32.274,1.4185,1.41865,1.40,4.80
2009.03.06 05:59:32.624,1.41845,1.41865,1.40,4.80
2009.03.06 05:59:32.854,1.4184,1.41865,1.60,1.00
2009.03.06 05:59:33.354,1.4184,1.41865,1.60,5.60
2009.03.06 05:59:36.053,1.41845,1.4186,1.40,4.80
2009.03.06 05:59:36.683,1.4184,1.4186,1.00,4.80
2009.03.06 05:59:37.293,1.4184,1.41865,1.00,5.60
2009.03.06 05:59:41.002,1.41845,1.41865,1.00,4.80
2009.03.06 05:59:41.942,1.4185,1.41865,1.60,4.80
2009.03.06 05:59:42.122,1.4185,1.4187,1.60,5.60
2009.03.06 05:59:43.231,1.4185,1.4187,1.60,10.40
2009.03.06 05:59:52.609,1.41845,1.41865,1.40,4.80
2009.03.06 05:59:53.070,1.4185,1.41865,1.40,4.80
2009.03.06 05:59:54.049,1.41845,1.41865,1.40,4.80
2009.03.06 05:59:56.608,1.4184,1.41865,1.40,5.60
2009.03.06 05:59:57.868,1.41835,1.4186,1.60,1.00
2009.03.06 05:59:58.108,1.4184,1.41865,1.60,5.60
