2016.01.10 23:00:00.220,1.45038,1.45066,1.75,1.37
2016.01.10 23:00:00.278,1.45038,1.45066,1.00,1.37
2016.01.10 23:00:00.330,1.45034,1.45055,1.00,1.37
2016.01.10 23:00:00.431,1.45028,1.45054,1.00,1.37
2016.01.10 23:00:00.533,1.45028,1.45054,1.00,1.00
2016.01.10 23:00:00.634,1.45025,1.45054,1.12,1.37
2016.01.10 23:00:00.735,1.45027,1.45054,1.00,1.37
2016.01.10 23:00:00.837,1.45024,1.45055,1.00,1.37
2016.01.10 23:00:00.888,1.45034,1.45055,1.00,1.37
2016.01.10 23:00:01.111,1.45021,1.45054,1.37,1.37
2016.01.10 23:00:01.437,1.45017,1.45055,1.37,1.37
2016.01.10 23:00:01.641,1.45018,1.4506,1.00,1.00
2016.01.10 23:00:01.894,1.45016,1.45059,1.10,1.00
2016.01.10 23:00:02.147,1.45014,1.45053,1.50,1.00
2016.01.10 23:00:02.494,1.45014,1.45051,1.50,1.00
2016.01.10 23:00:02.653,1.45014,1.45053,1.50,1.00
2016.01.10 23:00:02.856,1.45014,1.45046,1.87,1.00
2016.01.10 23:00:03.159,1.45014,1.45044,1.12,1.00
2016.01.10 23:00:03.745,1.45014,1.45045,1.12,1.00
2016.01.10 23:00:04.149,1.45014,1.45043,1.12,1.00
2016.01.10 23:00:04.452,1.45014,1.45049,1.12,1.00
2016.01.10 23:00:05.032,1.45014,1.45039,1.12,1.00
2016.01.10 23:00:05.445,1.45014,1.45041,1.12,1.00
2016.01.10 23:00:06.235,1.45014,1.45042,1.50,1.00
2016.01.10 23:00:07.331,1.45014,1.45038,1.50,1.00
2016.01.10 23:00:07.635,1.44995,1.4502,1.20,1.37
2016.01.10 23:00:08.183,1.44995,1.45021,1.20,1.37
2016.01.10 23:00:09.989,1.44995,1.4502,1.20,1.37
2016.01.10 23:00:11.996,1.44999,1.45019,1.00,1.37
2016.01.10 23:00:12.097,1.45001,1.45019,1.00,1.00
2016.01.10 23:00:12.603,1.44995,1.45019,1.20,1.00
2016.01.10 23:00:15.042,1.44995,1.45025,1.20,1.50
2016.01.10 23:00:15.345,1.44996,1.45029,1.12,1.00
2016.01.10 23:00:15.547,1.44997,1.45034,1.10,1.00
2016.01.10 23:00:17.027,1.44996,1.45033,1.12,1.00
2016.01.10 23:00:18.319,1.44996,1.45031,1.50,1.00
2016.01.10 23:00:18.724,1.44998,1.45034,1.20,1.00
2016.01.10 23:00:18.839,1.44998,1.45034,1.57,1.00
2016.01.10 23:00:20.067,1.44998,1.45034,1.20,1.00
2016.01.10 23:00:21.249,1.44998,1.45039,1.20,1.00
2016.01.10 23:00:22.222,1.44998,1.4504,1.20,1.12
2016.01.10 23:00:22.774,1.44998,1.45041,1.20,1.00
2016.01.10 23:00:23.007,1.44998,1.45039,1.20,1.00
2016.01.10 23:00:23.520,1.44998,1.45035,1.20,1.00
2016.01.10 23:00:24.668,1.45,1.45035,1.00,1.00
2016.01.10 23:00:25.735,1.44999,1.45035,1.37,1.00
2016.01.10 23:00:26.601,1.44998,1.45035,1.20,1.00
2016.01.10 23:00:26.654,1.44998,1.45037,1.20,1.00
2016.01.10 23:00:27.129,1.44999,1.45034,1.00,1.00
2016.01.10 23:00:27.634,1.44998,1.45035,1.20,1.00
2016.01.10 23:00:28.009,1.45,1.45035,1.00,1.00
2016.01.10 23:00:29.989,1.45,1.45034,1.00,1.00
2016.01.10 23:00:30.856,1.45002,1.45034,1.00,1.00
2016.01.10 23:00:31.117,1.45,1.45034,1.00,1.00
2016.01.10 23:00:31.654,1.45,1.45035,1.00,1.50
2016.01.10 23:00:32.180,1.45,1.45034,1.00,1.00
2016.01.10 23:00:34.583,1.45,1.45033,1.00,1.00
2016.01.10 23:00:35.150,1.45001,1.45033,1.00,1.00
2016.01.10 23:00:35.548,1.45001,1.45036,1.00,1.00
2016.01.10 23:00:35.949,1.45001,1.45038,1.00,1.87
2016.01.10 23:00:36.001,1.45003,1.45038,1.00,1.00
2016.01.10 23:00:36.334,1.45002,1.45051,1.52,1.00
2016.01.10 23:00:37.153,1.45002,1.4502,1.15,1.87
2016.01.10 23:00:37.254,1.44989,1.45018,1.12,1.87
2016.01.10 23:00:37.408,1.45008,1.45022,0.15,1.00
2016.01.10 23:00:37.461,1.45008,1.45024,0.15,1.00
2016.01.10 23:00:37.512,1.4499,1.45047,1.50,1.00
2016.01.10 23:00:37.563,1.44973,1.45047,1.50,1.00
2016.01.10 23:00:37.614,1.44998,1.45033,0.15,1.00
2016.01.10 23:00:38.000,1.44998,1.45039,0.15,1.50
2016.01.10 23:00:38.153,1.44985,1.45036,1.65,1.00
2016.01.10 23:00:38.508,1.45,1.4504,1.00,1.00
2016.01.10 23:00:38.711,1.45005,1.4504,1.00,1.00
2016.01.10 23:00:38.913,1.45007,1.45044,1.00,1.00
2016.01.10 23:00:39.015,1.45009,1.45044,1.00,1.00
2016.01.10 23:00:39.267,1.45006,1.45047,2.62,1.00
2016.01.10 23:00:39.792,1.45005,1.45046,1.37,1.00
2016.01.10 23:00:40.323,1.45009,1.45048,1.00,1.00
2016.01.10 23:00:40.938,1.44999,1.45048,1.52,1.00
2016.01.10 23:00:41.352,1.44999,1.45046,1.52,1.00
2016.01.10 23:00:42.219,1.44999,1.45048,1.52,1.00
2016.01.10 23:00:43.154,1.44999,1.45046,1.52,1.00
2016.01.10 23:00:43.861,1.45008,1.45052,1.27,1.00
2016.01.10 23:00:43.912,1.45008,1.45025,1.27,0.75
2016.01.10 23:00:44.014,1.45005,1.45023,1.00,1.00
2016.01.10 23:00:44.065,1.45002,1.45032,1.00,1.00
2016.01.10 23:00:44.116,1.44999,1.45032,1.00,1.00
2016.01.10 23:00:44.437,1.44998,1.45029,1.00,1.00
2016.01.10 23:00:44.842,1.44998,1.45033,1.00,1.00
2016.01.10 23:00:45.749,1.44998,1.45031,1.00,1.00
2016.01.10 23:00:46.048,1.44998,1.45035,1.00,1.00
2016.01.10 23:00:46.430,1.44998,1.45031,1.00,1.00
2016.01.10 23:00:46.989,1.44998,1.45039,1.00,1.37
2016.01.10 23:00:47.201,1.44998,1.45031,1.00,1.00
2016.01.10 23:00:50.792,1.44998,1.45034,1.00,1.00
2016.01.10 23:00:51.330,1.44996,1.45033,1.12,1.00
2016.01.10 23:00:51.432,1.44993,1.45033,1.00,1.00
2016.01.10 23:00:51.615,1.44997,1.45032,1.00,1.00
2016.01.10 23:00:54.687,1.44991,1.45007,1.00,1.87
2016.01.10 23:00:54.789,1.44988,1.45007,1.12,1.87
2016.01.10 23:00:54.890,1.44987,1.45012,1.37,1.00
2016.01.10 23:00:54.942,1.44987,1.45014,1.37,1.00
2016.01.10 23:00:54.993,1.44988,1.45024,1.37,1.50
2016.01.10 23:00:55.795,1.4499,1.45026,1.00,1.00
2016.01.10 23:00:55.896,1.44992,1.45026,1.00,1.00
2016.01.10 23:00:56.048,1.44992,1.45029,1.00,1.37
2016.01.10 23:00:56.501,1.44994,1.45031,1.00,1.00
2016.01.10 23:00:56.703,1.44996,1.45033,1.00,1.50
2016.01.10 23:00:58.231,1.44996,1.45029,1.00,1.00
2016.01.10 23:00:58.383,1.44959,1.44993,1.00,0.75
2016.01.10 23:00:58.434,1.44965,1.44993,1.50,0.75
2016.01.10 23:00:58.586,1.44949,1.44998,1.50,1.00
2016.01.10 23:00:58.637,1.44949,1.44992,1.50,1.00
2016.01.10 23:00:58.688,1.44938,1.44988,1.87,1.00
2016.01.10 23:00:58.789,1.44952,1.44988,1.00,1.00
2016.01.10 23:00:58.991,1.44944,1.44995,1.37,1.00
2016.01.10 23:00:59.092,1.44968,1.44995,1.00,1.00
2016.01.10 23:00:59.194,1.44969,1.45011,1.00,1.00
2016.01.10 23:00:59.295,1.44961,1.45004,1.00,1.00
2016.01.10 23:00:59.397,1.44961,1.44999,1.00,1.00
2016.01.10 23:00:59.717,1.44953,1.44999,1.50,1.50
2016.01.10 23:00:59.820,1.44953,1.44995,1.50,1.00
2016.01.10 23:01:00.123,1.44946,1.44962,1.12,1.87
2016.01.10 23:01:00.174,1.4493,1.44953,1.00,1.87
2016.01.10 23:01:00.275,1.44938,1.4496,1.00,1.00
2016.01.10 23:01:00.377,1.4493,1.44967,1.37,1.50
2016.01.10 23:01:00.479,1.44943,1.44968,0.60,1.00
2016.01.10 23:01:00.634,1.44931,1.44982,2.10,1.00
2016.01.10 23:01:00.685,1.44939,1.44983,1.12,1.00
2016.01.10 23:01:00.786,1.4494,1.44986,1.00,1.00
2016.01.10 23:01:01.192,1.44942,1.44988,1.00,1.00
2016.01.10 23:01:01.503,1.44944,1.4499,1.50,1.00
2016.01.10 23:01:01.840,1.44946,1.44992,1.50,1.00
2016.01.10 23:01:02.144,1.44977,1.45009,0.75,1.37
2016.01.10 23:01:02.195,1.44975,1.45013,1.00,1.57
2016.01.10 23:01:02.246,1.44975,1.45008,1.00,1.00
2016.01.10 23:01:02.297,1.44961,1.45007,1.50,1.00
2016.01.10 23:01:02.399,1.44959,1.45005,1.00,1.00
2016.01.10 23:01:02.718,1.44954,1.44999,1.00,1.00
2016.01.10 23:01:03.082,1.44954,1.44996,1.00,1.00
2016.01.10 23:01:03.223,1.44955,1.44999,1.00,1.00
2016.01.10 23:01:03.324,1.44954,1.44995,1.00,1.00
2016.01.10 23:01:03.426,1.4495,1.44994,1.00,1.00
2016.01.10 23:01:03.477,1.44951,1.44992,1.00,1.00
2016.01.10 23:01:03.680,1.44948,1.44991,1.00,1.00
2016.01.10 23:01:03.983,1.44948,1.44989,1.00,1.00
2016.01.10 23:01:04.200,1.44949,1.44993,1.00,1.00
2016.01.10 23:01:04.301,1.4495,1.44996,1.00,1.00
2016.01.10 23:01:04.617,1.44956,1.44997,1.00,1.50
2016.01.10 23:01:04.727,1.44954,1.44997,1.00,1.00
2016.01.10 23:01:04.779,1.44952,1.44992,1.00,1.00
2016.01.10 23:01:04.881,1.44954,1.44997,1.00,1.00
2016.01.10 23:01:04.983,1.44945,1.44999,1.65,1.50
2016.01.10 23:01:05.387,1.44945,1.44996,1.65,1.00
2016.01.10 23:01:05.606,1.44946,1.44999,1.65,1.00
2016.01.10 23:01:05.759,1.44945,1.44999,1.65,1.87
2016.01.10 23:01:06.012,1.44946,1.45,1.65,1.12
2016.01.10 23:01:06.714,1.44947,1.44998,1.65,1.50
2016.01.10 23:01:07.057,1.44943,1.44996,2.02,1.00
2016.01.10 23:01:07.484,1.44943,1.44998,2.02,1.00
2016.01.10 23:01:08.085,1.44945,1.44997,1.65,1.50
2016.01.10 23:01:08.670,1.44945,1.44998,1.65,1.00
2016.01.10 23:01:10.089,1.44952,1.44998,1.00,1.50
2016.01.10 23:01:10.984,1.44952,1.44997,1.00,1.00
2016.01.10 23:01:11.035,1.4495,1.44996,1.00,1.00
2016.01.10 23:01:11.137,1.44952,1.44997,1.00,1.12
2016.01.10 23:01:11.610,1.44949,1.44995,1.00,1.00
2016.01.10 23:01:11.711,1.44948,1.44992,1.20,1.00
2016.01.10 23:01:12.428,1.44941,1.44993,1.12,1.00
2016.01.10 23:01:12.832,1.44951,1.44986,1.00,1.00
2016.01.10 23:01:16.401,1.44952,1.44989,1.12,1.00
2016.01.10 23:01:17.448,1.44953,1.4499,1.12,1.00
2016.01.10 23:01:17.825,1.44955,1.44992,1.00,1.00
2016.01.10 23:01:18.422,1.44942,1.44989,1.12,1.00
2016.01.10 23:01:18.523,1.44955,1.44992,1.00,1.00
2016.01.10 23:01:18.905,1.44953,1.4499,1.00,1.00
2016.01.10 23:01:19.506,1.44942,1.4499,1.12,1.00
2016.01.10 23:01:20.040,1.44941,1.44988,1.87,1.00
2016.01.10 23:01:20.545,1.44958,1.44995,1.50,1.00
2016.01.10 23:01:20.646,1.44965,1.44995,1.00,1.00
2016.01.10 23:01:20.849,1.44967,1.44999,1.00,1.00
2016.01.10 23:01:20.950,1.44967,1.45002,1.00,1.87
2016.01.10 23:01:21.478,1.44967,1.45002,1.00,1.87
2016.01.10 23:01:21.529,1.44955,1.44992,1.00,1.00
2016.01.10 23:01:21.630,1.4495,1.44987,1.00,1.00
2016.01.10 23:01:21.938,1.44947,1.44984,1.00,1.00
2016.01.10 23:01:22.548,1.44962,1.44984,1.00,1.00
2016.01.10 23:01:22.657,1.44962,1.44987,1.00,1.00
2016.01.10 23:01:23.191,1.44963,1.44987,1.00,1.00
2016.01.10 23:01:23.574,1.44959,1.44987,1.00,1.00
2016.01.10 23:01:23.777,1.44962,1.44986,1.00,1.00
2016.01.10 23:01:24.030,1.4496,1.44986,1.00,1.00
2016.01.10 23:01:24.583,1.44961,1.44986,1.00,1.00
2016.01.10 23:01:24.816,1.4496,1.44973,1.00,0.15
2016.01.10 23:01:25.537,1.44946,1.44983,1.50,1.00
2016.01.10 23:01:25.639,1.44948,1.44983,1.00,1.00
2016.01.10 23:01:27.661,1.44945,1.44982,1.12,1.00
2016.01.10 23:01:28.190,1.44946,1.44981,1.00,1.00
2016.01.10 23:01:28.522,1.44941,1.44989,1.00,1.15
2016.01.10 23:01:28.623,1.44939,1.44983,1.00,1.15
2016.01.10 23:01:29.024,1.44937,1.4497,1.00,1.00
2016.01.10 23:01:29.126,1.44932,1.44969,1.00,1.00
2016.01.10 23:01:29.447,1.44934,1.44971,1.00,1.00
2016.01.10 23:01:29.993,1.44921,1.44971,2.25,1.00
2016.01.10 23:01:30.145,1.44936,1.44973,1.00,1.00
2016.01.10 23:01:30.247,1.44938,1.44975,1.12,1.00
2016.01.10 23:01:30.771,1.44939,1.44974,1.12,1.00
2016.01.10 23:01:31.466,1.44938,1.44975,1.00,1.00
2016.01.10 23:01:31.769,1.44938,1.44989,1.50,1.27
2016.01.10 23:01:32.277,1.44939,1.44983,1.00,1.15
2016.01.10 23:01:32.862,1.4494,1.44985,1.00,1.27
2016.01.10 23:01:33.651,1.44939,1.44963,1.00,0.15
2016.01.10 23:01:33.753,1.44936,1.44963,1.87,0.15
2016.01.10 23:01:34.289,1.44936,1.44963,1.50,0.15
2016.01.10 23:01:34.834,1.44936,1.44963,1.37,0.15
2016.01.10 23:01:35.386,1.44937,1.44962,1.00,0.15
2016.01.10 23:01:35.558,1.44939,1.44975,1.00,1.00
2016.01.10 23:01:35.660,1.44942,1.44979,1.00,1.00
2016.01.10 23:01:35.862,1.44945,1.44979,1.00,1.00
2016.01.10 23:01:35.963,1.44945,1.44982,1.50,1.00
2016.01.10 23:01:36.065,1.44949,1.44993,1.00,1.15
2016.01.10 23:01:36.166,1.44947,1.44993,1.00,1.15
2016.01.10 23:01:37.588,1.44948,1.44992,1.50,1.15
2016.01.10 23:01:37.792,1.44951,1.44985,1.00,1.00
2016.01.10 23:01:37.843,1.44954,1.44991,1.00,1.00
2016.01.10 23:01:38.045,1.44957,1.44999,1.00,1.27
2016.01.10 23:01:38.350,1.44959,1.44999,1.00,1.27
2016.01.10 23:01:38.695,1.44962,1.44999,0.75,1.27
2016.01.10 23:01:39.026,1.44967,1.45002,0.75,1.65
2016.01.10 23:01:39.178,1.44972,1.45002,1.50,3.15
2016.01.10 23:01:39.698,1.44973,1.45007,0.75,1.90
2016.01.10 23:01:39.850,1.44975,1.45005,0.75,1.87
2016.01.10 23:01:40.190,1.44977,1.45007,0.75,1.52
2016.01.10 23:01:42.157,1.44978,1.45008,0.75,1.37
2016.01.10 23:01:42.656,1.4498,1.45011,0.75,1.50
2016.01.10 23:01:42.959,1.44986,1.45012,0.75,1.75
2016.01.10 23:01:43.193,1.44988,1.45017,0.75,1.75
2016.01.10 23:01:43.374,1.4499,1.45017,0.75,2.25
2016.01.10 23:01:43.697,1.44995,1.45017,0.75,1.75
2016.01.10 23:01:44.238,1.44996,1.45016,0.75,1.50
2016.01.10 23:01:44.491,1.44996,1.45018,0.75,1.12
2016.01.10 23:01:45.013,1.44995,1.4502,0.75,1.75
2016.01.10 23:01:45.896,1.44994,1.4502,1.12,1.50
2016.01.10 23:01:45.957,1.44994,1.4502,1.12,1.50
2016.01.10 23:01:46.288,1.44991,1.45018,0.75,1.37
2016.01.10 23:01:46.638,1.44994,1.45018,0.75,1.37
2016.01.10 23:01:46.789,1.44995,1.45018,0.75,1.37
2016.01.10 23:01:47.328,1.44996,1.4502,0.75,1.87
2016.01.10 23:01:48.677,1.44995,1.45021,0.75,1.37
2016.01.10 23:01:50.679,1.44996,1.45023,1.00,1.57
2016.01.10 23:01:51.404,1.44995,1.45021,1.00,1.37
2016.01.10 23:01:52.909,1.44991,1.45022,1.00,1.47
2016.01.10 23:01:53.112,1.44989,1.45021,1.00,1.37
2016.01.10 23:01:54.528,1.44988,1.45021,1.00,1.37
2016.01.10 23:01:55.078,1.44987,1.45022,1.00,1.95
2016.01.10 23:02:08.705,1.44987,1.45022,1.00,1.95
2016.01.10 23:02:10.205,1.44987,1.4502,1.00,1.37
2016.01.10 23:02:11.529,1.44988,1.45022,1.00,1.47
2016.01.10 23:02:12.077,1.44987,1.45022,1.00,1.47
2016.01.10 23:02:14.738,1.44986,1.45022,1.00,1.47
2016.01.10 23:02:15.269,1.44987,1.45022,1.00,1.47
2016.01.10 23:02:15.941,1.44986,1.45021,1.00,1.87
2016.01.10 23:02:21.001,1.44986,1.45022,1.00,1.10
2016.01.10 23:02:21.596,1.44987,1.45022,1.00,1.10
2016.01.10 23:02:22.137,1.44987,1.45021,1.00,1.00
2016.01.10 23:02:22.339,1.44986,1.45021,1.50,1.37
2016.01.10 23:02:22.692,1.44984,1.45019,1.00,1.37
2016.01.10 23:02:22.793,1.44981,1.45012,1.00,1.87
2016.01.10 23:02:23.051,1.44964,1.44999,1.37,1.87
2016.01.10 23:02:24.383,1.44962,1.44995,1.37,1.37
2016.01.10 23:02:24.914,1.44962,1.44997,1.37,1.87
2016.01.10 23:02:25.166,1.44962,1.44995,1.15,1.37
2016.01.10 23:02:25.277,1.44969,1.44995,1.00,1.37
2016.01.10 23:02:25.530,1.44973,1.45004,1.00,1.00
2016.01.10 23:02:25.581,1.44975,1.45013,1.00,1.37
2016.01.10 23:02:25.632,1.44975,1.45019,1.00,1.00
2016.01.10 23:02:25.683,1.44978,1.45024,1.00,1.12
2016.01.10 23:02:25.785,1.44985,1.4502,1.00,1.00
2016.01.10 23:02:25.886,1.44986,1.45023,1.50,1.00
2016.01.10 23:02:26.390,1.44989,1.45026,1.00,1.00
2016.01.10 23:02:26.919,1.4499,1.45025,1.00,1.00
2016.01.10 23:02:27.426,1.4499,1.45026,1.00,1.00
2016.01.10 23:02:27.915,1.44991,1.45028,1.00,1.00
2016.01.10 23:02:29.275,1.44991,1.45019,1.00,1.37
2016.01.10 23:02:29.477,1.44971,1.45008,1.52,1.37
2016.01.10 23:02:29.579,1.44971,1.45008,1.15,1.37
2016.01.10 23:02:30.118,1.44971,1.45008,1.15,1.87
2016.01.10 23:02:30.728,1.44971,1.45005,1.15,1.37
2016.01.10 23:02:31.275,1.44971,1.45005,1.15,1.37
2016.01.10 23:02:31.801,1.44978,1.45005,1.00,1.37
2016.01.10 23:02:32.327,1.44972,1.45007,1.15,1.87
2016.01.10 23:02:33.725,1.44979,1.45008,1.00,1.37
2016.01.10 23:02:33.826,1.44977,1.45009,1.20,1.37
2016.01.10 23:02:34.999,1.44978,1.45008,1.20,1.37
2016.01.10 23:02:35.533,1.44977,1.45012,1.65,1.37
2016.01.10 23:02:36.250,1.44979,1.45011,1.37,1.37
2016.01.10 23:02:36.302,1.44979,1.45011,1.50,1.00
2016.01.10 23:02:36.352,1.44984,1.45015,1.37,1.00
2016.01.10 23:02:36.555,1.44988,1.45027,1.00,1.00
2016.01.10 23:02:36.809,1.44991,1.45028,1.00,1.00
2016.01.10 23:02:37.017,1.44987,1.45029,1.00,1.00
2016.01.10 23:02:37.106,1.44989,1.45031,1.50,1.00
2016.01.10 23:02:37.546,1.44991,1.45031,1.00,1.00
2016.01.10 23:02:38.059,1.44991,1.45033,1.50,1.00
2016.01.10 23:02:38.657,1.44991,1.45032,1.50,1.00
2016.01.10 23:02:39.744,1.44991,1.45033,1.50,1.50
2016.01.10 23:02:41.052,1.44991,1.45031,1.00,1.00
2016.01.10 23:02:42.745,1.44991,1.45033,1.50,1.00
2016.01.10 23:02:43.355,1.44992,1.45032,1.50,1.00
2016.01.10 23:02:43.893,1.44991,1.45031,1.00,1.00
2016.01.10 23:02:44.318,1.44991,1.45033,1.00,1.00
2016.01.10 23:02:44.369,1.44993,1.45034,1.00,1.00
2016.01.10 23:02:44.470,1.44991,1.45033,1.00,1.00
2016.01.10 23:02:44.672,1.44993,1.45034,1.00,1.00
2016.01.10 23:02:45.014,1.44993,1.45032,1.00,1.00
2016.01.10 23:02:45.486,1.44994,1.45034,1.50,1.00
2016.01.10 23:02:45.537,1.44995,1.45036,1.00,1.00
2016.01.10 23:02:46.043,1.44996,1.45036,1.00,1.50
2016.01.10 23:02:46.216,1.44996,1.45032,1.00,1.00
2016.01.10 23:02:46.267,1.44993,1.45032,1.00,1.00
2016.01.10 23:02:46.797,1.44994,1.45032,1.50,1.00
2016.01.10 23:02:46.973,1.44995,1.45037,1.00,1.00
2016.01.10 23:02:47.334,1.44995,1.45031,1.00,1.00
2016.01.10 23:02:47.487,1.44991,1.45031,1.00,1.00
2016.01.10 23:02:47.588,1.44993,1.45031,1.00,1.00
2016.01.10 23:02:47.876,1.44995,1.45037,1.00,1.00
2016.01.10 23:02:48.545,1.44997,1.45038,1.00,1.00
2016.01.10 23:02:50.136,1.44997,1.45035,1.00,1.00
2016.01.10 23:02:50.717,1.44997,1.45039,1.00,1.50
2016.01.10 23:02:50.967,1.44995,1.45037,1.00,1.00
2016.01.10 23:02:51.273,1.44997,1.45034,1.00,1.00
2016.01.10 23:02:51.374,1.44995,1.45034,1.50,1.00
2016.01.10 23:02:51.578,1.44998,1.45034,1.00,1.00
2016.01.10 23:02:51.637,1.44998,1.45038,1.00,1.50
2016.01.10 23:02:53.060,1.44997,1.45038,1.50,1.00
2016.01.10 23:02:53.561,1.44998,1.45038,1.00,1.50
2016.01.10 23:02:53.775,1.45,1.4504,1.00,1.00
2016.01.10 23:02:54.079,1.45005,1.4504,1.00,1.00
2016.01.10 23:02:54.382,1.45005,1.45046,1.37,1.00
2016.01.10 23:02:54.749,1.45008,1.45048,1.00,1.00
2016.01.10 23:02:54.800,1.45012,1.45055,1.00,1.15
2016.01.10 23:02:57.296,1.45015,1.45053,1.00,1.00
2016.01.10 23:02:57.498,1.4502,1.45061,1.50,1.12
2016.01.10 23:02:58.226,1.45023,1.45061,1.00,1.00
2016.01.10 23:02:58.754,1.45022,1.45061,1.00,1.00
2016.01.10 23:02:59.092,1.45022,1.45063,1.00,1.00
2016.01.10 23:02:59.635,1.45025,1.45065,1.00,1.00
2016.01.10 23:03:00.147,1.45024,1.45062,1.00,1.00
2016.01.10 23:03:00.704,1.45024,1.45066,1.00,1.50
2016.01.10 23:03:01.318,1.45025,1.45064,1.00,1.00
2016.01.10 23:03:01.593,1.45024,1.45066,1.00,1.50
2016.01.10 23:03:02.123,1.45027,1.45066,1.00,1.50
2016.01.10 23:03:02.692,1.45027,1.45067,1.00,1.50
2016.01.10 23:03:03.017,1.45027,1.45065,1.00,1.00
2016.01.10 23:03:03.455,1.45026,1.45067,1.00,1.00
2016.01.10 23:03:03.506,1.45028,1.45069,1.00,1.00
2016.01.10 23:03:03.809,1.45031,1.45068,1.00,1.00
2016.01.10 23:03:04.011,1.45028,1.45068,1.00,1.00
2016.01.10 23:03:04.336,1.4503,1.45068,1.00,1.00
2016.01.10 23:03:04.865,1.4503,1.45069,1.00,1.00
2016.01.10 23:03:04.916,1.45031,1.45071,1.50,1.00
2016.01.10 23:03:05.646,1.4503,1.45071,1.00,1.00
2016.01.10 23:03:05.747,1.4503,1.45069,1.00,1.00
2016.01.10 23:03:06.561,1.4503,1.45071,1.00,1.00
2016.01.10 23:03:07.428,1.45032,1.45071,1.00,1.00
2016.01.10 23:03:07.756,1.4503,1.45067,1.00,1.00
2016.01.10 23:03:07.857,1.45027,1.45066,1.00,1.50
2016.01.10 23:03:08.406,1.45026,1.45065,1.00,1.00
2016.01.10 23:03:08.759,1.45024,1.45065,1.00,1.00
2016.01.10 23:03:09.264,1.45024,1.45066,1.00,1.00
2016.01.10 23:03:09.623,1.45025,1.45064,1.00,1.00
2016.01.10 23:03:10.131,1.45025,1.45065,1.00,1.00
2016.01.10 23:03:10.585,1.45024,1.45063,1.00,1.00
2016.01.10 23:03:10.838,1.45027,1.45067,1.00,1.00
2016.01.10 23:03:10.939,1.45027,1.45065,1.50,1.00
2016.01.10 23:03:11.360,1.45027,1.45067,1.00,1.00
2016.01.10 23:03:11.562,1.45027,1.45065,1.00,1.00
2016.01.10 23:03:12.036,1.45027,1.45067,1.00,1.00
2016.01.10 23:03:13.175,1.45027,1.45069,1.00,1.50
2016.01.10 23:03:13.277,1.45024,1.45066,1.00,1.50
2016.01.10 23:03:13.649,1.45025,1.45062,1.00,1.00
2016.01.10 23:03:13.911,1.45025,1.45065,1.00,1.50
2016.01.10 23:03:14.456,1.45024,1.45066,1.00,1.50
2016.01.10 23:03:14.924,1.45024,1.45064,1.50,1.00
2016.01.10 23:03:15.284,1.45024,1.45066,1.00,1.00
2016.01.10 23:03:15.536,1.45028,1.45069,1.50,1.00
2016.01.10 23:03:15.861,1.45035,1.45072,1.50,1.00
2016.01.10 23:03:15.970,1.45035,1.45077,1.50,1.75
2016.01.10 23:03:16.021,1.45039,1.45075,0.75,1.00
2016.01.10 23:03:16.173,1.45037,1.45078,1.00,1.37
2016.01.10 23:03:16.680,1.45037,1.45076,1.50,1.00
2016.01.10 23:03:16.999,1.45037,1.45079,1.00,1.00
2016.01.10 23:03:17.258,1.45039,1.45081,1.00,1.12
2016.01.10 23:03:17.572,1.45037,1.45079,1.00,1.87
2016.01.10 23:03:17.674,1.45035,1.45077,1.00,1.37
2016.01.10 23:03:18.078,1.45038,1.45078,1.00,1.37
2016.01.10 23:03:18.230,1.45038,1.45078,1.00,1.00
2016.01.10 23:03:18.472,1.45033,1.45079,1.12,1.00
2016.01.10 23:03:18.574,1.45041,1.45081,1.50,1.87
2016.01.10 23:03:18.624,1.45041,1.45081,1.50,1.87
2016.01.10 23:03:19.154,1.45041,1.45083,2.25,1.37
2016.01.10 23:03:19.474,1.45043,1.45083,1.37,1.37
2016.01.10 23:03:20.287,1.45043,1.45088,1.52,2.02
2016.01.10 23:03:20.617,1.45046,1.4509,1.52,1.52
2016.01.10 23:03:21.201,1.45046,1.4509,1.52,1.52
2016.01.10 23:03:21.769,1.45057,1.4509,1.00,1.52
2016.01.10 23:03:22.073,1.45058,1.45095,1.00,1.65
2016.01.10 23:03:22.276,1.45056,1.45096,1.00,1.75
2016.01.10 23:03:22.377,1.45058,1.45098,1.20,1.75
2016.01.10 23:03:22.688,1.45061,1.45098,1.00,1.12
2016.01.10 23:03:22.941,1.45061,1.45099,1.00,1.75
2016.01.10 23:03:22.992,1.45066,1.45101,1.00,1.75
2016.01.10 23:03:23.297,1.45062,1.45101,1.00,1.37
2016.01.10 23:03:23.841,1.45063,1.451,1.00,1.37
2016.01.10 23:03:23.993,1.45065,1.45101,1.00,1.37
2016.01.10 23:03:24.544,1.45062,1.45099,1.50,1.37
2016.01.10 23:03:24.595,1.45062,1.45094,1.00,1.87
2016.01.10 23:03:25.051,1.45061,1.451,0.75,2.25
2016.01.10 23:03:25.102,1.45058,1.45099,1.12,1.37
2016.01.10 23:03:25.204,1.4506,1.45101,1.00,1.75
2016.01.10 23:03:25.608,1.45063,1.45099,1.00,1.37
2016.01.10 23:03:26.155,1.45062,1.45099,1.00,1.75
2016.01.10 23:03:26.206,1.4506,1.45099,1.00,1.75
2016.01.10 23:03:26.621,1.45063,1.45098,1.00,1.37
2016.01.10 23:03:26.975,1.45061,1.45098,1.00,1.12
2016.01.10 23:03:27.379,1.45059,1.45098,1.20,1.87
2016.01.10 23:03:27.631,1.45062,1.45099,1.00,1.75
2016.01.10 23:03:27.992,1.45064,1.45101,1.00,2.25
2016.01.10 23:03:28.308,1.45091,1.45103,1.00,1.50
2016.01.10 23:03:28.359,1.4507,1.45103,1.15,1.12
2016.01.10 23:03:28.411,1.45071,1.45103,1.00,1.12
2016.01.10 23:03:28.614,1.45076,1.45103,1.00,1.12
2016.01.10 23:03:28.816,1.45068,1.45104,1.32,2.70
2016.01.10 23:03:28.917,1.45065,1.45104,1.00,1.95
2016.01.10 23:03:29.120,1.45064,1.45101,1.00,1.37
2016.01.10 23:03:29.473,1.45061,1.45099,1.00,1.37
2016.01.10 23:03:29.524,1.45061,1.45099,1.50,1.37
2016.01.10 23:03:29.726,1.45058,1.45096,1.20,1.37
2016.01.10 23:03:30.272,1.45058,1.45096,1.65,1.37
2016.01.10 23:03:31.030,1.45062,1.45098,1.00,1.37
2016.01.10 23:03:31.081,1.4506,1.45098,1.00,1.37
2016.01.10 23:03:31.283,1.45062,1.45099,1.00,1.75
2016.01.10 23:03:31.587,1.45066,1.45099,1.50,1.75
2016.01.10 23:03:31.688,1.45064,1.45099,1.00,1.50
2016.01.10 23:03:31.890,1.45062,1.45098,1.00,1.37
2016.01.10 23:03:32.092,1.45065,1.45099,1.00,1.50
2016.01.10 23:03:32.395,1.45078,1.45102,1.00,1.12
2016.01.10 23:03:32.446,1.45076,1.45102,1.00,1.12
2016.01.10 23:03:32.497,1.45076,1.45103,1.00,1.85
2016.01.10 23:03:32.548,1.45078,1.45103,1.00,1.85
2016.01.10 23:03:32.851,1.45083,1.45103,1.00,1.57
2016.01.10 23:03:33.206,1.45089,1.45103,1.00,1.45
2016.01.10 23:03:33.307,1.45085,1.45103,1.00,1.85
2016.01.10 23:03:33.662,1.45083,1.45103,1.00,1.85
2016.01.10 23:03:33.764,1.4508,1.45102,1.00,1.10
2016.01.10 23:03:34.277,1.45081,1.45103,1.00,1.45
2016.01.10 23:03:34.378,1.45085,1.45103,1.00,1.07
2016.01.10 23:03:34.580,1.45084,1.45117,1.12,1.50
2016.01.10 23:03:34.631,1.4509,1.4512,1.00,1.87
2016.01.10 23:03:34.936,1.45102,1.4513,1.00,1.00
2016.01.10 23:03:34.987,1.45104,1.4513,1.00,1.00
2016.01.10 23:03:35.448,1.45102,1.45133,1.00,1.95
2016.01.10 23:03:35.600,1.45103,1.45133,1.00,1.85
2016.01.10 23:03:35.715,1.45103,1.45132,1.00,1.12
2016.01.10 23:03:35.766,1.45107,1.45132,1.00,1.12
2016.01.10 23:03:35.918,1.45107,1.45133,1.00,1.47
2016.01.10 23:03:35.969,1.45107,1.45141,1.00,1.37
2016.01.10 23:03:36.070,1.45107,1.45143,1.00,1.37
2016.01.10 23:03:36.121,1.45107,1.45143,1.00,1.00
2016.01.10 23:03:36.172,1.45103,1.45143,1.50,1.00
2016.01.10 23:03:36.223,1.45109,1.45147,1.00,1.00
2016.01.10 23:03:36.324,1.45109,1.45149,1.00,1.00
2016.01.10 23:03:36.375,1.45112,1.45149,1.00,1.00
2016.01.10 23:03:36.678,1.45117,1.4515,1.00,1.37
2016.01.10 23:03:36.981,1.45129,1.45149,0.75,1.37
2016.01.10 23:03:37.235,1.45114,1.45156,1.00,1.87
2016.01.10 23:03:37.336,1.45122,1.45156,1.00,1.37
2016.01.10 23:03:37.673,1.45135,1.45163,1.00,1.45
2016.01.10 23:03:38.003,1.45128,1.45161,1.00,1.37
2016.01.10 23:03:38.306,1.45125,1.45158,1.00,1.37
2016.01.10 23:03:38.357,1.45125,1.45158,1.00,1.37
2016.01.10 23:03:38.408,1.45122,1.45158,1.00,1.37
2016.01.10 23:03:38.560,1.45119,1.45157,1.00,1.37
2016.01.10 23:03:38.813,1.45121,1.45157,1.00,1.37
2016.01.10 23:03:38.864,1.45126,1.4516,1.00,1.37
2016.01.10 23:03:39.167,1.45128,1.45162,1.00,2.70
2016.01.10 23:03:39.320,1.45129,1.45162,1.00,1.47
2016.01.10 23:03:39.547,1.45131,1.45162,1.00,1.87
2016.01.10 23:03:39.850,1.45135,1.45163,1.00,1.85
2016.01.10 23:03:40.153,1.45137,1.45163,1.00,1.85
2016.01.10 23:03:40.305,1.45134,1.45163,1.00,1.95
2016.01.10 23:03:40.356,1.45131,1.45163,1.00,1.95
2016.01.10 23:03:40.407,1.45131,1.45163,1.00,1.95
2016.01.10 23:03:40.609,1.45129,1.4516,1.50,1.37
2016.01.10 23:03:40.761,1.45127,1.45161,1.00,1.37
2016.01.10 23:03:40.913,1.45121,1.45161,1.00,1.37
2016.01.10 23:03:41.444,1.45119,1.45161,1.37,1.37
2016.01.10 23:03:43.287,1.45112,1.45159,1.52,1.37
2016.01.10 23:03:43.490,1.45112,1.45159,1.52,1.37
2016.01.10 23:03:43.641,1.4511,1.45156,1.52,1.37
2016.01.10 23:03:43.947,1.45106,1.45155,1.52,1.37
2016.01.10 23:03:44.474,1.45102,1.45152,1.52,1.37
2016.01.10 23:03:44.526,1.45103,1.45152,1.52,1.37
2016.01.10 23:03:44.627,1.45103,1.45151,1.90,1.37
2016.01.10 23:03:45.427,1.45102,1.45149,1.65,1.37
2016.01.10 23:03:45.528,1.45105,1.45146,1.12,1.37
2016.01.10 23:03:45.579,1.45105,1.45146,1.50,1.37
2016.01.10 23:03:45.933,1.45112,1.45146,1.00,1.37
2016.01.10 23:03:46.214,1.4511,1.45152,1.50,1.37
2016.01.10 23:03:46.266,1.45113,1.45152,1.00,1.37
2016.01.10 23:03:46.680,1.45113,1.45156,1.00,1.75
2016.01.10 23:03:47.030,1.45111,1.45148,1.50,1.37
2016.01.10 23:03:47.418,1.4511,1.45144,1.00,1.00
2016.01.10 23:03:47.851,1.45109,1.45149,1.87,1.37
2016.01.10 23:03:48.656,1.45111,1.45149,1.00,1.37
2016.01.10 23:03:49.109,1.45109,1.45147,1.12,1.37
2016.01.10 23:03:50.238,1.45109,1.4515,1.00,1.37
2016.01.10 23:03:50.625,1.4512,1.45147,1.00,1.12
2016.01.10 23:03:50.726,1.45111,1.45147,1.00,1.12
2016.01.10 23:03:50.783,1.45109,1.45147,1.50,1.12
2016.01.10 23:03:51.189,1.45112,1.45149,1.00,1.37
2016.01.10 23:03:51.492,1.45116,1.45155,1.00,1.12
2016.01.10 23:03:51.593,1.45114,1.45153,1.00,1.50
2016.01.10 23:03:51.645,1.45116,1.45154,1.00,1.87
2016.01.10 23:03:51.987,1.45113,1.45155,1.50,1.87
2016.01.10 23:03:52.091,1.45115,1.45155,1.00,1.37
2016.01.10 23:03:52.599,1.45117,1.45154,1.00,1.87
2016.01.10 23:03:52.852,1.45113,1.45152,1.00,1.00
2016.01.10 23:03:52.953,1.45114,1.45152,1.00,2.25
2016.01.10 23:03:53.156,1.45112,1.45151,1.00,1.37
2016.01.10 23:03:53.782,1.45111,1.45152,1.00,2.25
2016.01.10 23:03:54.096,1.45114,1.45152,1.00,1.87
2016.01.10 23:03:54.197,1.45111,1.45151,1.00,1.37
2016.01.10 23:03:56.776,1.45112,1.45149,1.00,1.37
2016.01.10 23:03:57.101,1.45109,1.45145,1.65,1.00
2016.01.10 23:03:58.301,1.45108,1.45145,1.20,1.00
2016.01.10 23:03:58.911,1.45109,1.45145,1.20,1.00
2016.01.10 23:03:59.222,1.45109,1.45147,1.20,1.12
2016.01.10 23:03:59.272,1.45116,1.45147,1.00,1.12
2016.01.10 23:04:00.105,1.45116,1.45147,1.37,1.12
2016.01.10 23:04:00.514,1.45121,1.45149,1.00,1.37
2016.01.10 23:04:00.775,1.45116,1.45149,1.37,1.37
2016.01.10 23:04:05.567,1.45129,1.45152,1.00,1.50
2016.01.10 23:04:05.618,1.45129,1.45151,1.00,1.00
2016.01.10 23:04:05.669,1.45119,1.45151,1.37,1.00
2016.01.10 23:04:05.821,1.45119,1.45153,1.37,1.00
2016.01.10 23:04:05.973,1.45119,1.45153,1.12,1.37
2016.01.10 23:04:06.934,1.45119,1.4515,1.12,1.00
2016.01.10 23:04:07.243,1.45117,1.4515,1.12,1.00
2016.01.10 23:04:07.754,1.45126,1.4515,1.00,1.12
2016.01.10 23:04:07.856,1.45121,1.45153,1.00,1.37
2016.01.10 23:04:08.395,1.45117,1.45149,1.37,1.00
2016.01.10 23:04:11.974,1.45115,1.45149,1.37,1.37
2016.01.10 23:04:13.183,1.45115,1.45149,1.00,1.37
2016.01.10 23:04:13.798,1.45115,1.45149,1.00,1.37
2016.01.10 23:04:15.694,1.45119,1.4515,1.00,2.25
2016.01.10 23:04:15.796,1.45115,1.4515,1.00,3.00
2016.01.10 23:04:16.313,1.45116,1.4515,1.00,3.00
2016.01.10 23:04:32.944,1.45118,1.4515,1.00,1.37
2016.01.10 23:04:33.248,1.45116,1.45148,1.00,1.52
2016.01.10 23:04:33.363,1.45107,1.45148,2.62,1.52
2016.01.10 23:04:34.267,1.45111,1.45142,1.00,1.87
2016.01.10 23:04:34.819,1.45111,1.45141,1.00,1.00
2016.01.10 23:04:35.353,1.45111,1.45142,1.00,1.87
2016.01.10 23:04:36.343,1.45109,1.45142,1.00,1.12
2016.01.10 23:04:36.445,1.45107,1.4514,1.00,1.00
2016.01.10 23:04:36.748,1.45101,1.45133,1.00,1.65
2016.01.10 23:04:37.266,1.45101,1.45134,1.00,1.00
2016.01.10 23:04:37.803,1.45101,1.45133,1.00,1.00
2016.01.10 23:04:38.685,1.45101,1.45132,1.00,1.00
2016.01.10 23:04:39.224,1.451,1.45129,1.00,1.00
2016.01.10 23:04:39.762,1.451,1.4513,1.00,1.00
2016.01.10 23:04:41.406,1.451,1.45129,1.00,1.00
2016.01.10 23:04:41.954,1.451,1.4513,1.00,1.50
2016.01.10 23:04:42.755,1.45101,1.4513,1.00,1.00
2016.01.10 23:04:44.495,1.45101,1.45129,1.00,1.00
2016.01.10 23:04:47.152,1.45101,1.4513,1.00,1.00
2016.01.10 23:04:47.471,1.45099,1.45128,1.50,1.00
2016.01.10 23:04:48.010,1.45099,1.45127,1.50,1.00
2016.01.10 23:04:48.536,1.451,1.45127,1.00,1.00
2016.01.10 23:04:48.854,1.451,1.45131,1.00,1.00
2016.01.10 23:04:49.207,1.45102,1.45131,1.00,1.00
2016.01.10 23:04:49.781,1.45101,1.45131,1.00,1.00
2016.01.10 23:04:53.538,1.45103,1.45131,1.00,1.00
2016.01.10 23:05:00.174,1.45103,1.45132,1.00,1.12
2016.01.10 23:05:01.652,1.45097,1.45133,1.85,1.37
2016.01.10 23:05:01.753,1.45097,1.4513,1.12,1.50
2016.01.10 23:05:01.855,1.45091,1.45129,1.00,1.50
2016.01.10 23:05:02.008,1.45088,1.45129,1.00,1.50
2016.01.10 23:05:02.059,1.45088,1.45127,1.00,1.00
2016.01.10 23:05:03.188,1.45111,1.45142,1.00,2.25
2016.01.10 23:05:03.239,1.45111,1.45142,1.00,2.02
2016.01.10 23:05:03.290,1.45115,1.45145,1.00,1.52
2016.01.10 23:05:03.391,1.45111,1.45148,1.00,1.52
2016.01.10 23:05:03.445,1.45111,1.45131,1.00,1.00
2016.01.10 23:05:03.546,1.45088,1.45129,1.00,1.00
2016.01.10 23:05:04.056,1.45089,1.45129,1.00,1.00
2016.01.10 23:05:04.581,1.45088,1.45129,1.00,1.00
2016.01.10 23:05:05.349,1.4509,1.45129,1.00,1.00
2016.01.10 23:05:05.597,1.45088,1.45129,1.12,1.00
2016.01.10 23:05:05.699,1.45097,1.45129,1.00,1.00
2016.01.10 23:05:05.800,1.45095,1.45129,1.00,1.00
2016.01.10 23:05:06.006,1.45099,1.45129,1.00,1.00
2016.01.10 23:05:06.359,1.45101,1.45129,1.00,1.00
2016.01.10 23:05:06.886,1.45101,1.4513,1.00,1.00
2016.01.10 23:05:07.214,1.45103,1.4513,1.00,1.00
2016.01.10 23:05:08.211,1.45101,1.4513,1.00,1.00
2016.01.10 23:05:08.426,1.45104,1.4513,1.00,1.00
2016.01.10 23:05:08.952,1.45104,1.45132,1.00,1.00
2016.01.10 23:05:12.941,1.45105,1.45132,1.00,1.00
2016.01.10 23:05:13.866,1.45105,1.45143,1.00,1.90
2016.01.10 23:05:14.168,1.45116,1.45139,1.00,1.00
2016.01.10 23:05:14.296,1.45116,1.45142,1.00,1.12
2016.01.10 23:05:14.650,1.45114,1.45148,1.00,1.75
2016.01.10 23:05:18.505,1.45115,1.45147,1.00,1.37
2016.01.10 23:05:18.607,1.45118,1.45149,1.00,1.37
2016.01.10 23:05:20.883,1.4512,1.4515,1.00,1.37
2016.01.10 23:05:22.133,1.45116,1.4515,1.00,1.87
2016.01.10 23:05:23.987,1.45112,1.45149,1.00,1.87
2016.01.10 23:05:25.279,1.45121,1.45148,1.00,1.37
2016.01.10 23:05:25.483,1.45115,1.45147,1.00,1.37
2016.01.10 23:05:26.081,1.45113,1.45145,1.00,1.37
2016.01.10 23:05:26.291,1.45109,1.45145,1.00,1.37
2016.01.10 23:05:26.392,1.45111,1.45145,1.00,1.37
2016.01.10 23:05:26.745,1.45114,1.45145,1.00,1.37
2016.01.10 23:05:27.344,1.45112,1.45145,1.00,1.37
2016.01.10 23:05:28.558,1.45109,1.45143,1.00,1.37
2016.01.10 23:05:28.711,1.45111,1.45144,1.00,1.87
2016.01.10 23:05:28.812,1.45108,1.45144,1.00,1.87
2016.01.10 23:05:30.764,1.45107,1.45144,1.00,1.87
2016.01.10 23:05:31.012,1.45109,1.45144,1.00,1.37
2016.01.10 23:05:32.236,1.45102,1.45144,3.00,1.37
2016.01.10 23:05:33.840,1.45102,1.45144,1.12,1.37
2016.01.10 23:05:36.263,1.45102,1.45144,1.12,1.75
2016.01.10 23:05:36.466,1.45099,1.45139,1.50,1.00
2016.01.10 23:05:37.137,1.45099,1.45139,1.50,1.12
2016.01.10 23:05:41.990,1.451,1.45142,1.00,1.12
2016.01.10 23:05:42.515,1.451,1.45142,1.37,1.12
2016.01.10 23:05:42.799,1.451,1.4514,1.00,1.12
2016.01.10 23:05:43.316,1.451,1.45142,1.00,1.87
2016.01.10 23:05:44.098,1.451,1.45141,1.00,1.00
2016.01.10 23:05:44.200,1.45107,1.45145,1.00,1.37
2016.01.10 23:05:44.503,1.45116,1.45146,1.00,1.37
2016.01.10 23:05:45.976,1.45113,1.45146,1.00,1.37
2016.01.10 23:05:46.963,1.45115,1.45145,1.00,1.37
2016.01.10 23:05:47.064,1.45113,1.45145,1.50,1.37
2016.01.10 23:05:48.051,1.45108,1.45144,1.12,1.37
2016.01.10 23:05:48.153,1.45107,1.45135,1.75,1.00
2016.01.10 23:05:48.255,1.45106,1.45135,1.00,1.00
2016.01.10 23:05:48.306,1.45102,1.45135,1.00,1.00
2016.01.10 23:05:48.357,1.45102,1.45138,1.00,1.50
2016.01.10 23:05:48.509,1.45086,1.45137,1.37,1.12
2016.01.10 23:05:49.113,1.45089,1.45138,1.37,2.25
2016.01.10 23:05:53.011,1.45102,1.45137,1.00,1.50
2016.01.10 23:05:53.435,1.45104,1.45133,1.00,1.37
2016.01.10 23:05:53.536,1.45101,1.45133,1.00,1.37
2016.01.10 23:05:53.923,1.45115,1.45133,1.00,1.37
2016.01.10 23:05:54.075,1.45115,1.45144,1.37,1.00
2016.01.10 23:05:54.428,1.45121,1.45149,3.00,1.00
2016.01.10 23:05:56.622,1.45123,1.45153,1.87,1.00
2016.01.10 23:05:56.723,1.45127,1.45153,1.12,1.20
2016.01.10 23:05:56.890,1.45129,1.45153,1.00,1.00
2016.01.10 23:05:56.941,1.45129,1.45156,1.50,1.00
2016.01.10 23:05:57.042,1.45129,1.45154,1.00,1.00
2016.01.10 23:05:57.093,1.45126,1.45154,1.37,1.00
2016.01.10 23:05:57.583,1.45126,1.45154,1.37,1.00
2016.01.10 23:05:57.735,1.45127,1.45154,1.00,1.00
2016.01.10 23:05:58.044,1.45126,1.45154,1.37,1.37
2016.01.10 23:05:58.358,1.45125,1.45154,1.00,1.37
2016.01.10 23:05:59.067,1.45126,1.45154,1.00,1.37
2016.01.10 23:05:59.233,1.45126,1.45154,1.37,1.37
2016.01.10 23:05:59.915,1.45129,1.45154,1.00,1.37
2016.01.10 23:06:00.117,1.4513,1.45158,1.12,1.00
2016.01.10 23:06:00.218,1.45127,1.45153,1.37,1.00
2016.01.10 23:06:00.349,1.45127,1.45153,1.00,1.00
2016.01.10 23:06:00.674,1.4513,1.45153,1.00,1.00
2016.01.10 23:06:00.827,1.45128,1.45153,1.00,1.00
2016.01.10 23:06:01.114,1.45128,1.45155,1.87,1.00
2016.01.10 23:06:01.215,1.45129,1.45155,1.00,1.00
2016.01.10 23:06:01.719,1.45125,1.45154,1.37,1.00
2016.01.10 23:06:02.572,1.45126,1.45154,1.00,1.00
2016.01.10 23:06:02.675,1.4513,1.45154,1.00,1.00
2016.01.10 23:06:02.785,1.45128,1.45156,1.87,1.00
2016.01.10 23:06:02.962,1.45128,1.45154,1.37,1.00
2016.01.10 23:06:03.316,1.45122,1.45151,1.37,1.12
2016.01.10 23:06:03.559,1.4512,1.45151,3.00,1.00
2016.01.10 23:06:04.537,1.45123,1.45151,1.37,1.00
2016.01.10 23:06:04.866,1.45127,1.45155,1.37,1.00
2016.01.10 23:06:05.068,1.45129,1.45153,1.00,1.00
2016.01.10 23:06:06.085,1.45126,1.45153,1.00,1.00
2016.01.10 23:06:07.936,1.45125,1.45153,1.00,1.00
2016.01.10 23:06:08.486,1.45124,1.45153,1.12,1.00
2016.01.10 23:06:08.974,1.45126,1.45153,1.00,1.00
2016.01.10 23:06:09.603,1.45124,1.45153,1.12,1.00
2016.01.10 23:06:09.803,1.45126,1.45153,1.00,1.00
2016.01.10 23:06:11.886,1.45126,1.45153,1.87,1.00
2016.01.10 23:06:11.988,1.45125,1.45155,1.87,1.00
2016.01.10 23:06:12.074,1.4513,1.45155,1.00,1.00
2016.01.10 23:06:12.126,1.45128,1.45155,1.00,1.00
2016.01.10 23:06:12.637,1.45127,1.45155,1.12,1.00
2016.01.10 23:06:13.238,1.4513,1.45155,1.00,1.00
2016.01.10 23:06:13.693,1.45127,1.45155,1.12,1.00
2016.01.10 23:06:14.233,1.45127,1.45154,1.12,1.00
2016.01.10 23:06:17.716,1.45126,1.45152,1.37,1.00
2016.01.10 23:06:18.266,1.45127,1.45152,1.87,1.37
2016.01.10 23:06:18.705,1.45126,1.45152,1.00,1.12
2016.01.10 23:06:19.870,1.45127,1.45152,1.00,1.12
2016.01.10 23:06:19.972,1.45129,1.45152,1.00,1.12
2016.01.10 23:06:20.302,1.45126,1.45154,1.12,1.37
2016.01.10 23:06:21.462,1.45126,1.45154,1.00,1.37
2016.01.10 23:06:21.994,1.45126,1.45154,1.37,1.37
2016.01.10 23:06:23.679,1.45126,1.45149,1.00,1.00
2016.01.10 23:06:24.221,1.45127,1.4515,1.37,1.37
2016.01.10 23:06:24.525,1.45116,1.45151,1.00,1.37
2016.01.10 23:06:24.576,1.45109,1.45148,1.50,1.37
2016.01.10 23:06:25.094,1.4511,1.4515,1.50,3.75
2016.01.10 23:06:25.676,1.45109,1.45147,1.50,1.37
2016.01.10 23:06:28.120,1.4511,1.45149,1.00,1.37
2016.01.10 23:06:28.221,1.45103,1.45149,1.15,1.87
2016.01.10 23:06:29.734,1.45109,1.45148,1.00,1.37
2016.01.10 23:06:31.506,1.45111,1.4515,1.00,2.25
2016.01.10 23:06:31.851,1.45113,1.45151,1.00,1.75
2016.01.10 23:06:32.154,1.45117,1.4515,1.50,1.50
2016.01.10 23:06:32.362,1.4512,1.45157,1.00,1.37
2016.01.10 23:06:32.413,1.45122,1.45157,1.00,1.37
2016.01.10 23:06:33.095,1.45123,1.4516,1.50,1.75
2016.01.10 23:06:33.398,1.45128,1.45162,1.00,1.50
2016.01.10 23:06:34.598,1.4513,1.45155,1.00,1.37
2016.01.10 23:06:34.700,1.45128,1.45155,1.00,1.37
2016.01.10 23:06:34.803,1.4513,1.45159,1.00,1.37
2016.01.10 23:06:35.010,1.45129,1.45166,1.00,1.75
2016.01.10 23:06:35.112,1.45126,1.45167,1.00,1.75
2016.01.10 23:06:36.254,1.45125,1.45167,1.00,1.87
2016.01.10 23:06:36.305,1.45127,1.45167,1.00,1.37
2016.01.10 23:06:39.723,1.45129,1.45167,1.00,1.75
2016.01.10 23:06:40.583,1.45129,1.45168,1.00,1.75
2016.01.10 23:06:41.093,1.45129,1.45167,1.00,1.75
2016.01.10 23:06:42.224,1.4513,1.45169,1.00,1.75
2016.01.10 23:06:43.264,1.45133,1.45167,1.00,1.50
2016.01.10 23:06:43.781,1.45132,1.45168,1.00,1.75
2016.01.10 23:06:44.030,1.45133,1.45168,1.00,1.00
2016.01.10 23:06:44.081,1.45133,1.45173,1.00,1.00
2016.01.10 23:06:44.985,1.45133,1.45172,1.00,1.00
2016.01.10 23:06:45.178,1.45133,1.45172,1.00,1.87
2016.01.10 23:06:45.586,1.45134,1.45176,1.00,1.00
2016.01.10 23:06:47.379,1.45137,1.45177,1.00,1.00
2016.01.10 23:06:47.753,1.45134,1.45176,1.00,1.00
2016.01.10 23:06:47.905,1.45134,1.45176,1.00,1.37
2016.01.10 23:06:48.006,1.45134,1.45176,0.75,1.00
2016.01.10 23:06:50.978,1.45137,1.45177,1.00,1.00
2016.01.10 23:06:51.281,1.45139,1.45179,1.00,1.00
2016.01.10 23:06:52.758,1.45141,1.45181,1.00,1.12
2016.01.10 23:06:52.874,1.45143,1.45184,1.00,1.00
2016.01.10 23:06:52.976,1.4515,1.4519,1.00,2.25
2016.01.10 23:06:53.279,1.45154,1.45189,1.00,1.37
2016.01.10 23:06:53.770,1.45177,1.45194,1.50,1.75
2016.01.10 23:06:53.821,1.45178,1.45194,1.50,1.37
2016.01.10 23:06:53.872,1.4518,1.45206,2.81,1.37
2016.01.10 23:06:53.923,1.4518,1.45214,2.81,1.00
2016.01.10 23:06:54.024,1.45179,1.45221,1.50,1.12
2016.01.10 23:06:54.075,1.45182,1.45224,1.00,2.62
2016.01.10 23:06:54.126,1.45182,1.45224,1.00,1.50
2016.01.10 23:06:55.408,1.45183,1.45223,1.00,1.50
2016.01.10 23:06:56.116,1.45182,1.45224,1.00,1.50
2016.01.10 23:06:56.422,1.45184,1.45219,1.00,1.00
2016.01.10 23:06:56.725,1.45194,1.45224,2.25,1.00
2016.01.10 23:06:57.044,1.45204,1.45222,1.37,1.00
2016.01.10 23:06:57.296,1.452,1.45222,1.37,1.00
2016.01.10 23:06:57.347,1.452,1.45226,1.37,1.00
2016.01.10 23:06:57.398,1.45197,1.45226,1.37,1.00
2016.01.10 23:06:57.903,1.45184,1.45224,1.00,1.00
2016.01.10 23:06:58.424,1.45181,1.45223,1.00,1.00
2016.01.10 23:06:59.376,1.45182,1.45228,1.00,1.75
2016.01.10 23:06:59.610,1.45182,1.45222,1.00,1.00
2016.01.10 23:07:00.115,1.45181,1.45223,1.00,1.12
2016.01.10 23:07:00.628,1.45182,1.45222,1.00,1.00
2016.01.10 23:07:01.170,1.45181,1.45223,1.00,1.00
2016.01.10 23:07:01.716,1.45182,1.45221,1.00,1.00
2016.01.10 23:07:01.818,1.45181,1.45223,1.00,1.00
2016.01.10 23:07:01.919,1.45179,1.45221,1.00,1.00
2016.01.10 23:07:02.322,1.45182,1.45222,0.75,1.00
2016.01.10 23:07:02.525,1.45179,1.45221,0.75,1.00
2016.01.10 23:07:02.632,1.45181,1.45223,0.75,1.00
2016.01.10 23:07:03.163,1.45186,1.45223,1.12,1.00
2016.01.10 23:07:03.466,1.45203,1.45237,1.00,1.00
2016.01.10 23:07:03.516,1.45203,1.45242,1.00,1.00
2016.01.10 23:07:03.617,1.452,1.45242,1.00,1.00
2016.01.10 23:07:04.294,1.45201,1.45241,1.00,1.12
2016.01.10 23:07:04.597,1.45199,1.4524,1.12,1.00
2016.01.10 23:07:04.698,1.452,1.45242,1.00,1.00
2016.01.10 23:07:05.240,1.45201,1.45242,1.00,1.00
2016.01.10 23:07:05.392,1.45201,1.4524,1.00,1.00
2016.01.10 23:07:06.038,1.452,1.45242,1.00,1.50
2016.01.10 23:07:06.525,1.452,1.45244,1.00,1.37
2016.01.10 23:07:06.727,1.45198,1.4524,1.00,1.00
2016.01.10 23:07:07.544,1.45206,1.45243,1.00,1.87
2016.01.10 23:07:07.645,1.45203,1.45245,1.37,1.50
2016.01.10 23:07:07.746,1.45206,1.45248,1.00,1.37
2016.01.10 23:07:08.252,1.45207,1.45247,1.50,1.00
2016.01.10 23:07:08.757,1.45206,1.45248,0.75,1.00
2016.01.10 23:07:09.060,1.45207,1.45246,0.75,1.00
2016.01.10 23:07:09.423,1.45205,1.45245,1.00,1.50
2016.01.10 23:07:09.953,1.45204,1.45245,1.00,1.12
2016.01.10 23:07:10.242,1.45202,1.45243,1.00,1.00
2016.01.10 23:07:10.750,1.45202,1.45244,1.00,1.00
2016.01.10 23:07:11.053,1.45203,1.45241,1.00,1.00
2016.01.10 23:07:11.606,1.45202,1.45242,1.00,1.00
2016.01.10 23:07:12.131,1.45203,1.45243,1.50,1.50
2016.01.10 23:07:12.629,1.45203,1.45241,1.00,1.00
2016.01.10 23:07:12.708,1.45202,1.45244,1.00,3.00
2016.01.10 23:07:13.152,1.45203,1.45244,1.00,1.50
2016.01.10 23:07:14.850,1.45204,1.45246,1.00,1.75
2016.01.10 23:07:15.158,1.45212,1.45245,0.75,1.12
2016.01.10 23:07:15.461,1.45215,1.45246,0.75,1.37
2016.01.10 23:07:15.562,1.45213,1.45244,0.75,1.00
2016.01.10 23:07:15.663,1.45215,1.45247,0.75,1.00
2016.01.10 23:07:15.765,1.45217,1.45257,1.00,1.75
2016.01.10 23:07:15.866,1.4522,1.45257,1.00,1.37
2016.01.10 23:07:16.467,1.45219,1.4526,1.00,1.75
2016.01.10 23:07:17.561,1.45222,1.45258,1.00,1.50
2016.01.10 23:07:17.864,1.45225,1.45259,1.00,1.75
2016.01.10 23:07:18.215,1.45227,1.45259,1.00,1.37
2016.01.10 23:07:18.664,1.45231,1.4526,1.00,1.37
2016.01.10 23:07:19.111,1.45231,1.45264,1.00,1.37
2016.01.10 23:07:19.565,1.45231,1.45268,1.00,1.00
2016.01.10 23:07:38.413,1.45231,1.45264,1.00,1.00
2016.01.10 23:07:38.817,1.45231,1.45268,1.00,1.50
2016.01.10 23:07:38.918,1.45234,1.45268,1.00,1.00
2016.01.10 23:07:39.222,1.45237,1.45267,0.75,1.37
2016.01.10 23:07:39.532,1.45237,1.45268,1.00,1.12
2016.01.10 23:07:40.035,1.45236,1.45268,1.00,1.12
2016.01.10 23:07:40.585,1.45235,1.45264,0.75,1.75
2016.01.10 23:07:40.636,1.45233,1.45264,1.00,1.75
2016.01.10 23:07:40.888,1.45234,1.45251,1.00,1.37
2016.01.10 23:07:40.939,1.45218,1.45249,1.37,1.37
2016.01.10 23:07:41.040,1.45222,1.45253,1.00,1.37
2016.01.10 23:07:41.546,1.45225,1.45257,1.00,1.37
2016.01.10 23:07:42.051,1.45226,1.45263,1.00,2.25
2016.01.10 23:07:42.734,1.45229,1.45263,1.00,1.37
2016.01.10 23:07:43.056,1.45231,1.45264,1.50,1.50
2016.01.10 23:07:43.107,1.45231,1.45264,1.50,1.50
2016.01.10 23:07:44.953,1.45232,1.45267,1.00,2.25
2016.01.10 23:07:46.613,1.45231,1.45266,1.50,1.75
2016.01.10 23:07:47.248,1.45232,1.45261,0.75,1.50
2016.01.10 23:07:47.784,1.45231,1.45266,1.00,1.50
2016.01.10 23:07:49.051,1.45233,1.45266,1.50,1.37
2016.01.10 23:07:50.053,1.45234,1.45268,1.50,1.12
2016.01.10 23:07:50.667,1.45234,1.45268,1.00,1.37
2016.01.10 23:07:51.212,1.45233,1.45268,1.00,1.37
2016.01.10 23:07:52.132,1.45234,1.45269,1.00,1.50
2016.01.10 23:07:53.785,1.45233,1.45269,1.00,1.12
2016.01.10 23:07:54.294,1.45234,1.45264,1.50,1.37
2016.01.10 23:07:54.613,1.45236,1.4527,1.00,1.12
2016.01.10 23:07:54.766,1.45235,1.45269,0.75,1.12
2016.01.10 23:07:55.645,1.45235,1.45272,1.00,2.32
2016.01.10 23:08:04.831,1.45235,1.45271,1.00,1.85
2016.01.10 23:08:05.372,1.45234,1.45268,1.00,1.50
2016.01.10 23:08:08.191,1.45236,1.45271,1.00,1.57
2016.01.10 23:08:08.493,1.45238,1.45271,1.00,1.57
2016.01.10 23:08:09.921,1.4524,1.4527,0.75,1.37
2016.01.10 23:08:10.074,1.4524,1.45268,1.00,1.37
2016.01.10 23:08:10.129,1.45243,1.45269,1.00,1.37
2016.01.10 23:08:10.281,1.45237,1.45266,1.00,1.37
2016.01.10 23:08:10.816,1.4524,1.45266,1.00,1.37
2016.01.10 23:08:11.724,1.4524,1.45268,1.00,1.37
2016.01.10 23:08:12.060,1.45243,1.45268,1.00,1.37
2016.01.10 23:08:12.379,1.45243,1.45268,1.00,1.37
2016.01.10 23:08:13.008,1.45244,1.45268,1.00,1.37
2016.01.10 23:08:13.369,1.45245,1.4527,1.00,1.37
2016.01.10 23:08:14.122,1.45244,1.4527,1.12,1.37
2016.01.10 23:08:16.333,1.45245,1.4527,1.00,1.37
2016.01.10 23:08:16.875,1.45244,1.4527,1.12,1.37
2016.01.10 23:08:18.225,1.45245,1.4527,1.00,1.37
2016.01.10 23:08:18.737,1.45244,1.4527,1.12,1.37
2016.01.10 23:08:19.275,1.45245,1.4527,1.00,1.37
2016.01.10 23:08:22.216,1.45244,1.45271,1.12,1.37
2016.01.10 23:08:22.735,1.45245,1.45268,1.00,1.37
2016.01.10 23:08:23.518,1.45244,1.45268,1.12,1.37
2016.01.10 23:08:24.766,1.45245,1.45268,1.00,1.37
2016.01.10 23:08:25.570,1.45244,1.45269,1.12,1.37
2016.01.10 23:08:27.137,1.45245,1.45269,1.00,1.37
2016.01.10 23:08:27.858,1.45244,1.45269,1.12,1.37
2016.01.10 23:08:29.769,1.45245,1.45269,1.00,1.37
2016.01.10 23:08:30.327,1.45246,1.45269,1.00,1.37
2016.01.10 23:08:33.363,1.45245,1.45269,1.50,1.37
2016.01.10 23:08:34.518,1.45246,1.45269,1.00,1.37
2016.01.10 23:08:35.033,1.45245,1.45271,1.00,1.37
2016.01.10 23:08:35.632,1.45246,1.45271,1.00,1.37
2016.01.10 23:08:36.172,1.45245,1.45271,1.00,1.37
2016.01.10 23:08:41.100,1.45246,1.45268,1.00,1.12
2016.01.10 23:08:41.641,1.45245,1.45269,1.00,1.37
2016.01.10 23:08:42.541,1.45246,1.45269,1.00,1.37
2016.01.10 23:08:43.058,1.45245,1.45269,1.00,1.37
2016.01.10 23:08:43.589,1.45246,1.45269,1.00,1.37
2016.01.10 23:08:44.222,1.45245,1.45269,1.00,1.37
2016.01.10 23:08:45.133,1.45244,1.45269,1.12,1.37
2016.01.10 23:08:45.235,1.45243,1.45264,1.37,1.00
2016.01.10 23:08:45.386,1.4524,1.45262,1.00,1.00
2016.01.10 23:08:45.896,1.4524,1.45266,1.00,1.37
2016.01.10 23:08:46.149,1.45242,1.45266,1.00,1.37
2016.01.10 23:08:46.374,1.45241,1.45266,1.37,1.12
2016.01.10 23:09:04.634,1.45241,1.45267,1.37,1.12
2016.01.10 23:09:12.681,1.45242,1.45267,1.37,1.37
2016.01.10 23:09:13.773,1.45241,1.45266,1.12,1.37
2016.01.10 23:09:14.302,1.45239,1.45266,1.50,1.37
2016.01.10 23:09:15.792,1.45241,1.45271,1.00,1.50
2016.01.10 23:09:18.501,1.45241,1.45257,1.00,1.00
2016.01.10 23:09:18.662,1.45235,1.45259,1.12,1.00
2016.01.10 23:09:18.966,1.4524,1.45266,1.00,1.12
2016.01.10 23:09:19.633,1.45232,1.45264,1.12,1.00
2016.01.10 23:09:19.937,1.45217,1.45249,1.50,1.00
2016.01.10 23:09:20.038,1.45215,1.45244,1.75,1.37
2016.01.10 23:09:20.341,1.45216,1.45241,1.52,1.37
2016.01.10 23:09:20.493,1.4521,1.45244,2.40,1.37
2016.01.10 23:09:20.544,1.45222,1.45247,1.00,1.00
2016.01.10 23:09:20.645,1.45224,1.45247,1.00,1.00
2016.01.10 23:09:20.847,1.45227,1.4526,1.00,1.75
2016.01.10 23:09:20.967,1.45219,1.45249,1.57,1.37
2016.01.10 23:09:21.271,1.45211,1.45242,1.65,1.37
2016.01.10 23:09:21.372,1.45211,1.45242,1.65,1.00
2016.01.10 23:09:22.029,1.45221,1.45253,1.00,1.75
2016.01.10 23:09:22.131,1.45223,1.45258,1.00,1.37
2016.01.10 23:09:22.450,1.45229,1.45262,1.00,1.75
2016.01.10 23:09:22.996,1.4523,1.45263,1.00,1.75
2016.01.10 23:09:23.528,1.45229,1.45263,1.00,1.75
2016.01.10 23:09:29.240,1.4523,1.45261,1.00,1.50
2016.01.10 23:09:29.800,1.45229,1.45263,1.00,1.75
2016.01.10 23:09:31.861,1.45224,1.45259,1.12,1.37
2016.01.10 23:09:31.963,1.45225,1.45252,1.00,1.12
2016.01.10 23:09:32.064,1.45225,1.45251,1.00,1.37
2016.01.10 23:09:32.367,1.4522,1.45245,1.50,1.00
2016.01.10 23:09:33.813,1.45221,1.45249,1.00,1.37
2016.01.10 23:09:38.710,1.45222,1.45259,1.00,1.75
2016.01.10 23:09:40.161,1.45222,1.45259,1.00,1.75
2016.01.10 23:09:42.147,1.45222,1.45259,1.37,1.37
2016.01.10 23:09:42.519,1.45227,1.4526,1.00,1.50
2016.01.10 23:09:51.514,1.45227,1.45262,1.37,1.75
2016.01.10 23:09:54.311,1.45229,1.45264,1.00,1.75
2016.01.10 23:10:00.744,1.45221,1.45268,1.90,1.75
2016.01.10 23:10:01.251,1.45226,1.45265,1.65,1.75
2016.01.10 23:10:02.087,1.45226,1.45267,1.90,1.75
2016.01.10 23:10:02.441,1.45234,1.45267,1.00,1.75
2016.01.10 23:10:02.943,1.4523,1.45267,1.00,2.25
2016.01.10 23:10:03.044,1.45229,1.45264,1.00,1.37
2016.01.10 23:10:03.348,1.45222,1.45257,1.75,1.37
2016.01.10 23:10:03.551,1.45222,1.45257,1.37,1.37
2016.01.10 23:10:03.602,1.45222,1.45257,1.00,1.37
2016.01.10 23:10:03.917,1.4522,1.45257,1.75,1.37
2016.01.10 23:10:05.062,1.45227,1.45252,3.75,2.62
2016.01.10 23:10:07.751,1.45231,1.45254,2.25,1.12
2016.01.10 23:10:08.275,1.4523,1.45254,2.25,1.12
2016.01.10 23:10:08.622,1.45228,1.45253,2.25,3.75
2016.01.10 23:10:10.935,1.45231,1.45249,1.00,1.00
2016.01.10 23:10:11.871,1.45229,1.45247,1.00,1.00
2016.01.10 23:10:13.172,1.45227,1.4525,3.75,2.25
2016.01.10 23:10:13.376,1.45228,1.45246,1.00,1.00
2016.01.10 23:10:16.272,1.45223,1.45246,2.62,3.75
2016.01.10 23:10:16.753,1.45223,1.45244,1.12,2.25
2016.01.10 23:10:17.057,1.45223,1.45242,1.00,3.75
2016.01.10 23:10:17.868,1.45224,1.45242,1.00,1.00
2016.01.10 23:10:18.752,1.4522,1.45243,2.25,3.75
2016.01.10 23:10:19.573,1.45224,1.45242,1.00,1.00
2016.01.10 23:10:20.345,1.45222,1.45245,3.75,3.75
2016.01.10 23:10:20.396,1.45222,1.45247,3.75,2.25
2016.01.10 23:10:20.816,1.45224,1.45247,3.75,2.25
2016.01.10 23:10:20.867,1.45224,1.45249,3.75,2.25
2016.01.10 23:10:23.407,1.45223,1.45248,3.75,2.25
2016.01.10 23:10:25.674,1.45238,1.45254,1.00,1.37
2016.01.10 23:10:25.776,1.45235,1.45253,1.00,1.37
2016.01.10 23:10:26.308,1.4523,1.45252,3.75,1.00
2016.01.10 23:10:27.405,1.45232,1.45252,2.25,1.00
2016.01.10 23:10:29.911,1.45231,1.45254,3.75,2.62
2016.01.10 23:10:30.804,1.4523,1.45254,2.25,1.12
2016.01.10 23:10:31.771,1.4523,1.45253,3.75,2.25
2016.01.10 23:10:32.024,1.45243,1.45265,3.75,1.37
2016.01.10 23:10:33.563,1.45243,1.45268,3.75,3.00
2016.01.10 23:10:34.416,1.45241,1.45266,3.75,2.25
2016.01.10 23:10:34.720,1.45237,1.45262,3.75,2.25
2016.01.10 23:10:35.266,1.45238,1.45262,2.25,2.25
2016.01.10 23:10:35.586,1.4524,1.45263,2.25,3.75
2016.01.10 23:10:35.792,1.4524,1.45265,3.75,2.62
2016.01.10 23:10:37.809,1.45244,1.45265,3.75,2.25
2016.01.10 23:10:37.914,1.45246,1.45269,2.25,1.75
2016.01.10 23:10:38.016,1.45251,1.45268,1.00,1.12
2016.01.10 23:10:38.118,1.45249,1.45269,3.75,1.37
2016.01.10 23:10:38.270,1.45254,1.4527,1.00,1.12
2016.01.10 23:10:38.791,1.45248,1.4527,2.25,1.50
2016.01.10 23:10:38.842,1.45248,1.45269,1.87,1.37
2016.01.10 23:10:38.893,1.45244,1.45269,3.75,3.00
2016.01.10 23:10:43.962,1.45244,1.45265,3.75,1.75
2016.01.10 23:10:44.064,1.45234,1.45257,3.75,2.25
2016.01.10 23:10:44.115,1.45233,1.45253,3.75,1.00
2016.01.10 23:10:44.267,1.45234,1.45252,1.00,1.00
2016.01.10 23:10:44.520,1.45232,1.45252,3.75,1.00
2016.01.10 23:10:44.672,1.45234,1.45256,2.25,1.00
2016.01.10 23:10:44.723,1.45237,1.45259,2.25,1.75
2016.01.10 23:10:45.231,1.45236,1.45259,3.75,1.75
2016.01.10 23:10:45.851,1.45242,1.4526,1.00,1.37
2016.01.10 23:10:46.054,1.4524,1.45261,2.25,1.37
2016.01.10 23:10:46.679,1.4524,1.45261,2.25,1.75
2016.01.10 23:10:46.780,1.45235,1.45255,3.75,1.00
2016.01.10 23:10:46.881,1.45233,1.45255,3.75,1.00
2016.01.10 23:10:46.932,1.45232,1.45255,3.75,2.25
2016.01.10 23:10:46.983,1.4523,1.45255,3.90,2.62
2016.01.10 23:10:47.535,1.45233,1.45252,1.00,1.87
2016.01.10 23:10:48.153,1.45229,1.45251,1.12,3.75
2016.01.10 23:10:49.826,1.45229,1.45252,4.12,1.12
2016.01.10 23:10:50.341,1.45229,1.45252,4.12,1.37
2016.01.10 23:10:55.566,1.45237,1.45254,3.37,2.25
2016.01.10 23:10:55.668,1.45238,1.45257,3.75,1.12
2016.01.10 23:10:55.770,1.45239,1.45257,1.00,1.87
2016.01.10 23:10:55.871,1.45231,1.45254,2.25,3.75
2016.01.10 23:10:59.758,1.45229,1.45253,2.62,2.62
2016.01.10 23:11:00.289,1.45232,1.4525,1.00,1.00
2016.01.10 23:11:07.228,1.4523,1.4525,2.25,1.00
2016.01.10 23:11:07.881,1.4523,1.45252,2.25,1.00
2016.01.10 23:11:09.387,1.45231,1.45252,3.75,1.00
2016.01.10 23:11:10.140,1.45235,1.45253,1.15,1.00
2016.01.10 23:11:10.444,1.45241,1.45261,2.25,1.50
2016.01.10 23:11:10.495,1.45242,1.45261,2.25,1.00
2016.01.10 23:11:10.647,1.45242,1.45267,2.25,3.75
2016.01.10 23:11:10.698,1.45244,1.45269,2.25,3.75
2016.01.10 23:11:11.002,1.45249,1.45272,2.25,1.47
2016.01.10 23:11:11.581,1.45249,1.45272,2.25,1.85
2016.01.10 23:11:11.733,1.45247,1.4527,3.75,1.37
2016.01.10 23:11:14.248,1.45247,1.4527,3.75,2.62
2016.01.10 23:11:14.540,1.45247,1.45269,2.25,1.00
2016.01.10 23:11:14.944,1.45249,1.45271,2.25,1.12
2016.01.10 23:11:15.448,1.45252,1.4527,1.00,1.37
2016.01.10 23:11:15.752,1.4525,1.45272,2.25,1.37
2016.01.10 23:11:15.803,1.4525,1.45272,2.25,1.00
2016.01.10 23:11:15.854,1.45252,1.45274,2.25,1.12
2016.01.10 23:11:16.189,1.45258,1.45276,1.00,1.50
2016.01.10 23:11:16.921,1.45258,1.45278,3.37,1.87
2016.01.10 23:11:16.972,1.45258,1.45276,3.37,1.00
2016.01.10 23:11:17.124,1.45261,1.45277,2.25,1.00
2016.01.10 23:11:17.429,1.45263,1.4528,3.75,1.37
2016.01.10 23:11:17.976,1.45262,1.45283,3.75,1.12
2016.01.10 23:11:18.132,1.45258,1.45283,2.25,3.75
2016.01.10 23:11:19.124,1.45263,1.45284,3.37,3.37
2016.01.10 23:11:19.225,1.45266,1.45288,2.25,2.62
2016.01.10 23:11:19.327,1.45269,1.45289,3.75,1.00
2016.01.10 23:11:19.429,1.45268,1.45288,3.37,1.87
2016.01.10 23:11:19.530,1.45266,1.45288,2.25,2.25
2016.01.10 23:11:19.632,1.4527,1.45288,1.00,1.00
2016.01.10 23:11:21.853,1.45275,1.45291,1.00,3.75
2016.01.10 23:11:22.055,1.45276,1.45297,1.00,3.75
2016.01.10 23:11:22.156,1.45271,1.45295,2.25,2.25
2016.01.10 23:11:22.661,1.4527,1.45295,3.75,2.25
2016.01.10 23:11:24.845,1.45273,1.45296,3.75,2.25
2016.01.10 23:11:24.947,1.45274,1.45296,2.25,1.00
2016.01.10 23:11:25.048,1.45273,1.45295,2.25,1.87
2016.01.10 23:11:25.556,1.45272,1.45295,3.75,2.25
2016.01.10 23:11:30.151,1.45288,1.45295,1.87,2.25
2016.01.10 23:11:30.355,1.45305,1.45325,1.87,1.87
2016.01.10 23:11:30.456,1.45309,1.45327,1.00,1.00
2016.01.10 23:11:30.762,1.45314,1.4533,3.37,3.37
2016.01.10 23:11:30.864,1.45313,1.45333,4.12,1.82
2016.01.10 23:11:30.966,1.45322,1.45333,3.37,2.25
2016.01.10 23:11:31.169,1.45313,1.45333,1.12,1.87
2016.01.10 23:11:31.270,1.45314,1.45334,4.12,2.25
2016.01.10 23:11:31.422,1.45316,1.45339,2.62,2.25
2016.01.10 23:11:31.473,1.45319,1.4534,1.37,1.87
2016.01.10 23:11:32.878,1.45319,1.45338,1.12,1.87
2016.01.10 23:11:34.189,1.4532,1.45339,1.37,1.87
2016.01.10 23:11:34.240,1.4532,1.45342,1.75,1.12
2016.01.10 23:11:34.895,1.45317,1.45344,2.62,3.75
2016.01.10 23:11:34.946,1.45316,1.45345,1.12,1.50
2016.01.10 23:11:35.710,1.45331,1.45346,2.06,1.37
2016.01.10 23:11:35.915,1.45339,1.45352,2.44,1.00
2016.01.10 23:11:36.075,1.45339,1.45362,2.44,1.66
2016.01.10 23:11:36.308,1.45339,1.45362,2.81,1.01
2016.01.10 23:11:36.612,1.45341,1.45364,1.12,1.12
2016.01.10 23:11:36.917,1.45346,1.4536,1.37,1.00
2016.01.10 23:11:37.019,1.45343,1.45369,1.12,1.75
2016.01.10 23:11:37.373,1.45343,1.45361,1.12,1.00
2016.01.10 23:11:37.475,1.45343,1.4537,1.12,2.00
2016.01.10 23:11:41.918,1.45343,1.45369,1.12,1.75
2016.01.10 23:11:42.021,1.45347,1.45372,1.00,1.12
2016.01.10 23:11:42.073,1.45346,1.45372,1.12,1.00
2016.01.10 23:11:42.175,1.4535,1.45374,1.00,1.12
2016.01.10 23:11:42.277,1.4535,1.45377,1.00,1.00
2016.01.10 23:11:42.328,1.45349,1.45378,1.27,1.37
2016.01.10 23:11:42.379,1.45348,1.45382,2.77,4.20
2016.01.10 23:11:42.432,1.45352,1.45383,1.87,3.75
2016.01.10 23:11:42.490,1.45352,1.45386,2.25,3.75
2016.01.10 23:11:45.107,1.45352,1.45384,2.25,1.12
2016.01.10 23:11:45.657,1.45369,1.45384,1.00,1.12
2016.01.10 23:11:45.812,1.45369,1.45393,1.12,1.37
2016.01.10 23:11:45.865,1.45369,1.45393,1.12,1.00
2016.01.10 23:11:47.443,1.4537,1.45397,1.00,1.12
2016.01.10 23:11:47.545,1.45368,1.45397,3.15,1.00
2016.01.10 23:11:47.939,1.45377,1.45404,1.00,1.37
2016.01.10 23:11:48.091,1.45377,1.45403,1.00,1.37
2016.01.10 23:11:48.507,1.45371,1.45403,3.75,1.87
2016.01.10 23:11:48.659,1.45373,1.45406,2.40,2.25
2016.01.10 23:11:48.760,1.45375,1.45407,3.75,1.12
2016.01.10 23:11:48.861,1.45378,1.45409,3.75,1.12
2016.01.10 23:11:48.963,1.45378,1.45412,3.75,2.25
2016.01.10 23:11:49.115,1.4538,1.45413,3.75,2.25
2016.01.10 23:11:49.418,1.45384,1.45417,2.40,2.25
2016.01.10 23:11:49.654,1.45387,1.45421,2.25,3.75
2016.01.10 23:11:49.957,1.45389,1.45422,3.75,3.75
2016.01.10 23:11:50.465,1.45393,1.4542,1.00,1.00
2016.01.10 23:11:51.011,1.4539,1.45424,3.75,2.25
2016.01.10 23:11:51.341,1.45394,1.45419,1.87,3.37
2016.01.10 23:11:51.661,1.45396,1.45419,2.25,3.75
2016.01.10 23:11:51.965,1.45397,1.45421,2.25,3.75
2016.01.10 23:11:52.362,1.454,1.4542,2.25,1.00
2016.01.10 23:11:53.726,1.45401,1.45425,2.25,3.75
2016.01.10 23:11:54.237,1.45401,1.45426,2.25,4.12
2016.01.10 23:11:59.315,1.45403,1.45426,3.75,3.75
2016.01.10 23:11:59.366,1.45407,1.45425,1.00,1.00
2016.01.10 23:11:59.417,1.45414,1.45428,1.87,2.25
2016.01.10 23:11:59.720,1.4542,1.45441,3.75,3.37
2016.01.10 23:11:59.771,1.45421,1.45441,3.75,1.87
2016.01.10 23:12:00.277,1.4542,1.45441,3.75,1.12
2016.01.10 23:12:00.431,1.45421,1.45443,2.25,2.25
2016.01.10 23:12:00.634,1.45426,1.45446,1.00,1.12
2016.01.10 23:12:00.735,1.45424,1.45448,1.12,2.25
2016.01.10 23:12:01.460,1.45424,1.45444,1.12,1.00
2016.01.10 23:12:01.983,1.45425,1.45448,1.75,2.25
2016.01.10 23:12:02.135,1.45435,1.45448,1.00,2.25
2016.01.10 23:12:02.186,1.45435,1.4545,1.00,2.25
2016.01.10 23:12:02.287,1.45431,1.45456,2.25,3.90
2016.01.10 23:12:02.338,1.45431,1.45453,2.25,2.40
2016.01.10 23:12:02.389,1.45429,1.45452,3.75,2.25
2016.01.10 23:12:02.541,1.45431,1.45452,2.25,1.87
2016.01.10 23:12:02.592,1.45435,1.45453,1.00,1.00
2016.01.10 23:12:02.997,1.45432,1.4546,1.00,3.75
2016.01.10 23:12:03.099,1.45428,1.45458,1.12,2.25
2016.01.10 23:12:04.259,1.45432,1.45453,1.00,3.75
2016.01.10 23:12:05.843,1.45432,1.45451,1.00,2.25
2016.01.10 23:12:06.854,1.4543,1.45451,2.62,1.87
2016.01.10 23:12:06.905,1.45432,1.45455,2.62,3.75
2016.01.10 23:12:07.006,1.45434,1.45457,4.12,2.25
2016.01.10 23:12:07.108,1.45436,1.45461,2.25,3.75
2016.01.10 23:12:07.462,1.45439,1.45462,2.25,1.87
2016.01.10 23:12:07.514,1.4544,1.45464,2.25,1.12
2016.01.10 23:12:07.817,1.45443,1.45466,3.75,2.25
2016.01.10 23:12:09.700,1.45441,1.45464,3.75,2.25
2016.01.10 23:12:10.015,1.45439,1.45462,3.75,2.25
2016.01.10 23:12:10.336,1.45432,1.45452,1.12,1.00
2016.01.10 23:12:10.438,1.45433,1.45453,1.00,2.25
2016.01.10 23:12:10.792,1.45433,1.45454,1.37,3.00
2016.01.10 23:12:11.298,1.45432,1.45454,1.37,2.25
2016.01.10 23:12:14.196,1.45435,1.45454,1.37,2.25
2016.01.10 23:12:14.297,1.45435,1.45456,1.50,3.75
2016.01.10 23:12:14.702,1.45439,1.45458,1.00,3.75
2016.01.10 23:12:14.804,1.45439,1.45457,1.12,1.00
2016.01.10 23:12:17.067,1.45441,1.4546,1.87,1.87
2016.01.10 23:12:17.119,1.45442,1.45467,2.62,3.75
2016.01.10 23:12:17.171,1.45446,1.45467,1.37,3.75
2016.01.10 23:12:17.324,1.45448,1.4547,1.12,3.75
2016.01.10 23:12:17.678,1.45449,1.4547,1.12,3.75
2016.01.10 23:12:17.830,1.45455,1.4547,1.00,1.00
2016.01.10 23:12:17.932,1.45459,1.45474,1.00,3.75
2016.01.10 23:12:18.033,1.45459,1.45476,1.00,3.75
2016.01.10 23:12:18.166,1.45461,1.45476,1.00,3.75
2016.01.10 23:12:19.689,1.45463,1.45476,1.00,3.75
2016.01.10 23:12:19.740,1.45463,1.45478,1.00,3.75
2016.01.10 23:12:19.893,1.45465,1.45478,1.00,3.75
2016.01.10 23:12:20.417,1.45464,1.45478,1.00,3.75
2016.01.10 23:12:20.772,1.45457,1.45478,1.87,3.75
2016.01.10 23:12:20.823,1.45464,1.45478,1.12,3.75
2016.01.10 23:12:21.026,1.4546,1.45481,1.50,3.75
2016.01.10 23:12:21.229,1.45459,1.4548,1.00,3.75
2016.01.10 23:12:21.431,1.45457,1.45478,1.37,2.25
2016.01.10 23:12:21.889,1.45457,1.45476,1.37,2.25
2016.01.10 23:12:22.041,1.45456,1.45475,1.00,2.25
2016.01.10 23:12:22.348,1.45455,1.45475,1.12,2.25
2016.01.10 23:12:22.848,1.45456,1.45475,1.00,2.25
2016.01.10 23:12:27.133,1.45458,1.45478,1.37,3.75
2016.01.10 23:12:28.218,1.45459,1.45477,1.00,2.25
2016.01.10 23:12:28.319,1.45456,1.45474,1.00,1.00
2016.01.10 23:12:28.623,1.45462,1.45477,1.00,2.62
2016.01.10 23:12:28.674,1.45462,1.45477,1.00,1.37
2016.01.10 23:12:28.725,1.45466,1.45478,1.00,1.12
2016.01.10 23:12:29.228,1.45466,1.4548,1.00,2.62
2016.01.10 23:12:29.688,1.45464,1.4548,1.00,2.62
2016.01.10 23:12:29.925,1.45466,1.4548,1.00,2.62
2016.01.10 23:12:29.975,1.45466,1.4548,1.00,1.37
2016.01.10 23:12:30.179,1.45467,1.45484,1.00,1.37
2016.01.10 23:12:33.270,1.45467,1.45482,1.00,1.37
2016.01.10 23:12:35.991,1.45464,1.45482,1.00,1.50
2016.01.10 23:12:38.136,1.45464,1.45482,1.00,1.50
2016.01.10 23:12:38.687,1.45464,1.45482,1.00,1.37
2016.01.10 23:12:39.678,1.45464,1.45482,1.00,1.87
2016.01.10 23:12:39.830,1.45461,1.45479,1.12,1.37
2016.01.10 23:12:39.882,1.45461,1.45475,1.00,1.00
2016.01.10 23:12:40.162,1.45459,1.45475,1.00,1.00
2016.01.10 23:12:40.676,1.4546,1.45475,1.00,1.00
2016.01.10 23:12:40.777,1.4546,1.45476,1.00,2.62
2016.01.10 23:12:41.347,1.45458,1.45475,1.00,1.12
2016.01.10 23:12:42.316,1.45458,1.45473,1.00,1.37
2016.01.10 23:12:44.309,1.45459,1.45472,1.00,1.00
2016.01.10 23:12:44.812,1.45459,1.45473,1.00,1.12
2016.01.10 23:12:45.701,1.45459,1.45472,1.00,1.00
2016.01.10 23:12:51.613,1.45459,1.45473,1.00,1.12
2016.01.10 23:12:51.916,1.45461,1.45473,1.00,1.37
2016.01.10 23:12:52.118,1.45459,1.45475,1.00,1.75
2016.01.10 23:12:52.623,1.4546,1.45475,1.00,1.87
2016.01.10 23:12:53.000,1.45457,1.45474,1.12,1.12
2016.01.10 23:12:53.051,1.45457,1.45473,1.12,1.12
2016.01.10 23:12:53.153,1.45455,1.45472,1.00,1.50
2016.01.10 23:12:57.040,1.45455,1.45472,1.37,1.37
2016.01.10 23:12:57.588,1.45455,1.45472,1.00,1.37
2016.01.10 23:12:57.727,1.45457,1.45472,1.00,1.37
2016.01.10 23:12:58.563,1.45457,1.45474,1.00,1.75
2016.01.10 23:13:02.708,1.45457,1.45471,1.00,1.00
2016.01.10 23:13:03.942,1.45458,1.45472,1.00,1.75
2016.01.10 23:13:05.221,1.45454,1.45471,1.00,1.37
2016.01.10 23:13:05.825,1.45454,1.45471,1.00,1.12
2016.01.10 23:13:06.486,1.45454,1.45471,1.00,1.37
2016.01.10 23:13:07.218,1.45454,1.45471,1.00,1.75
2016.01.10 23:13:08.617,1.45455,1.45471,1.00,1.50
2016.01.10 23:13:10.502,1.45457,1.45471,1.00,1.12
2016.01.10 23:13:11.407,1.45458,1.45473,1.00,1.50
2016.01.10 23:13:12.126,1.45458,1.45473,1.00,1.00
2016.01.10 23:13:13.581,1.45458,1.45474,1.00,1.12
2016.01.10 23:13:13.909,1.45456,1.45469,1.00,1.00
2016.01.10 23:13:14.010,1.45453,1.4547,1.00,1.12
2016.01.10 23:13:14.061,1.45453,1.45469,1.00,2.62
2016.01.10 23:13:15.145,1.45453,1.45467,1.00,1.12
2016.01.10 23:13:15.246,1.45451,1.45466,1.00,1.12
2016.01.10 23:13:15.477,1.45451,1.45465,1.37,1.00
2016.01.10 23:13:15.629,1.45457,1.45471,1.00,1.12
2016.01.10 23:13:15.680,1.45462,1.45473,1.00,1.37
2016.01.10 23:13:16.204,1.45462,1.45477,1.00,1.12
2016.01.10 23:13:16.539,1.45462,1.45477,1.00,1.12
2016.01.10 23:13:16.868,1.45462,1.45477,1.00,1.12
2016.01.10 23:13:17.410,1.45461,1.45477,1.00,1.75
2016.01.10 23:13:20.718,1.45456,1.45477,1.12,1.12
2016.01.10 23:13:20.984,1.45461,1.45477,1.00,1.12
2016.01.10 23:13:21.838,1.45465,1.45477,1.00,1.12
2016.01.10 23:13:21.940,1.45465,1.45478,1.00,1.12
2016.01.10 23:13:22.042,1.45471,1.4548,1.00,3.75
2016.01.10 23:13:22.347,1.455,1.45517,1.69,1.00
2016.01.10 23:13:22.398,1.455,1.4552,1.87,1.87
2016.01.10 23:13:22.449,1.45502,1.45525,2.25,3.75
2016.01.10 23:13:22.550,1.45506,1.45524,1.00,1.00
2016.01.10 23:13:22.652,1.45506,1.45527,2.25,4.12
2016.01.10 23:13:22.871,1.45506,1.45526,1.12,3.75
2016.01.10 23:13:23.375,1.45507,1.45525,1.00,1.00
2016.01.10 23:13:23.602,1.45509,1.45528,1.00,3.75
2016.01.10 23:13:24.133,1.45509,1.45529,1.00,1.75
2016.01.10 23:13:24.677,1.45508,1.4553,1.12,1.75
2016.01.10 23:13:25.241,1.45502,1.45526,1.37,1.75
2016.01.10 23:13:25.831,1.45503,1.45523,1.00,1.12
2016.01.10 23:13:26.135,1.45495,1.45517,1.37,1.37
2016.01.10 23:13:26.236,1.455,1.45519,1.00,1.12
2016.01.10 23:13:26.338,1.45497,1.45516,1.00,1.75
2016.01.10 23:13:26.439,1.45495,1.45517,1.00,1.75
2016.01.10 23:13:26.692,1.45495,1.45517,1.00,1.37
2016.01.10 23:13:26.794,1.45499,1.45519,1.00,2.25
2016.01.10 23:13:27.112,1.45499,1.45521,1.00,1.37
2016.01.10 23:13:27.540,1.45499,1.45521,1.00,1.37
2016.01.10 23:13:28.413,1.45499,1.45512,1.00,2.44
2016.01.10 23:13:28.467,1.45493,1.45511,1.00,1.31
2016.01.10 23:13:28.518,1.45493,1.45509,1.00,2.44
2016.01.10 23:13:28.569,1.45489,1.45509,1.00,2.44
2016.01.10 23:13:28.670,1.45489,1.45506,1.00,1.75
2016.01.10 23:13:28.772,1.45486,1.45502,1.31,1.50
2016.01.10 23:13:29.668,1.45484,1.45506,2.06,1.75
2016.01.10 23:13:30.669,1.45485,1.455,1.00,2.25
2016.01.10 23:13:30.871,1.45473,1.45495,1.00,1.75
2016.01.10 23:13:31.724,1.45476,1.45492,1.00,1.12
2016.01.10 23:13:32.028,1.45479,1.45497,1.00,1.75
2016.01.10 23:13:32.599,1.4548,1.45496,1.00,1.12
2016.01.10 23:13:32.852,1.45477,1.45496,1.00,1.75
2016.01.10 23:13:33.853,1.45472,1.45491,1.00,1.37
2016.01.10 23:13:33.955,1.45472,1.4549,1.00,1.75
2016.01.10 23:13:34.057,1.45466,1.4549,1.69,1.75
2016.01.10 23:13:34.158,1.45465,1.45485,1.31,1.00
2016.01.10 23:13:34.411,1.45465,1.4549,3.56,1.75
2016.01.10 23:13:34.850,1.45471,1.45489,1.00,1.75
2016.01.10 23:13:35.608,1.45469,1.4549,1.12,1.75
2016.01.10 23:13:35.761,1.45466,1.45482,1.00,1.00
2016.01.10 23:13:35.812,1.4547,1.45485,1.00,1.12
2016.01.10 23:13:36.015,1.45456,1.45483,1.00,1.12
2016.01.10 23:13:36.117,1.45455,1.4548,1.00,1.87
2016.01.10 23:13:36.370,1.45452,1.45478,1.00,1.50
2016.01.10 23:13:40.171,1.45452,1.45476,1.00,1.00
2016.01.10 23:13:40.229,1.45452,1.45476,1.00,1.50
2016.01.10 23:13:43.842,1.45457,1.45479,1.12,1.37
2016.01.10 23:13:43.994,1.45451,1.4548,1.75,1.87
2016.01.10 23:13:50.849,1.45451,1.4548,1.75,1.12
2016.01.10 23:13:54.243,1.45451,1.45481,3.00,1.87
2016.01.10 23:13:54.755,1.45451,1.45479,1.75,1.50
2016.01.10 23:13:55.306,1.45451,1.4548,1.75,1.87
2016.01.10 23:13:55.958,1.45454,1.4548,1.00,1.87
2016.01.10 23:13:56.920,1.4545,1.4548,2.25,1.12
2016.01.10 23:13:58.655,1.4545,1.4548,2.02,1.12
2016.01.10 23:13:59.181,1.45453,1.45481,3.90,1.50
2016.01.10 23:13:59.232,1.4546,1.45484,3.90,1.12
2016.01.10 23:13:59.384,1.45463,1.4549,1.75,2.25
2016.01.10 23:13:59.767,1.45463,1.45491,1.75,1.75
2016.01.10 23:14:00.336,1.45465,1.45491,1.37,1.75
2016.01.10 23:14:00.640,1.45468,1.45488,3.75,1.37
2016.01.10 23:14:02.543,1.45468,1.45489,3.75,1.12
2016.01.10 23:14:03.093,1.45469,1.45489,3.75,1.37
2016.01.10 23:14:20.654,1.45469,1.4549,2.25,1.12
2016.01.10 23:14:31.047,1.45471,1.4549,1.00,3.75
2016.01.10 23:14:32.217,1.45467,1.4549,3.75,1.12
2016.01.10 23:14:32.268,1.45472,1.45493,1.87,2.62
2016.01.10 23:14:32.754,1.45472,1.45494,2.25,1.12
2016.01.10 23:14:33.326,1.45472,1.45494,2.62,1.37
2016.01.10 23:14:33.767,1.45475,1.45497,2.25,1.12
2016.01.10 23:14:34.135,1.45478,1.45498,2.25,1.12
2016.01.10 23:14:34.745,1.45477,1.45498,2.25,3.75
2016.01.10 23:14:34.947,1.45472,1.45493,2.25,2.62
2016.01.10 23:14:35.049,1.45468,1.45491,3.75,1.12
2016.01.10 23:14:35.207,1.45466,1.45489,4.12,1.12
2016.01.10 23:14:35.847,1.45468,1.4549,3.75,1.12
2016.01.10 23:14:36.150,1.45471,1.45492,2.25,1.12
2016.01.10 23:14:39.677,1.45473,1.45493,3.75,1.12
2016.01.10 23:14:39.778,1.45471,1.45494,3.75,1.12
2016.01.10 23:14:40.288,1.4547,1.45492,3.75,1.12
2016.01.10 23:14:45.277,1.45469,1.45492,3.75,1.12
2016.01.10 23:14:45.825,1.4547,1.45493,3.75,1.12
2016.01.10 23:14:49.062,1.45473,1.45492,2.25,1.75
2016.01.10 23:14:49.164,1.45475,1.45491,1.00,1.12
2016.01.10 23:14:50.387,1.45473,1.45493,2.25,1.75
2016.01.10 23:14:50.775,1.45471,1.45492,2.25,1.12
2016.01.10 23:14:50.927,1.45471,1.45493,3.75,1.75
2016.01.10 23:14:51.381,1.45473,1.45496,3.75,1.12
2016.01.10 23:14:51.483,1.45479,1.45499,2.25,1.12
2016.01.10 23:14:51.894,1.45479,1.45497,2.25,1.00
2016.01.10 23:14:52.272,1.45483,1.45497,3.75,1.50
2016.01.10 23:14:52.382,1.45479,1.45497,2.25,1.50
2016.01.10 23:14:52.594,1.45479,1.45497,2.62,1.50
2016.01.10 23:14:53.106,1.4548,1.45497,1.12,1.00
2016.01.10 23:14:53.207,1.45481,1.45497,2.25,1.00
2016.01.10 23:14:53.616,1.4548,1.45497,1.12,1.00
2016.01.10 23:14:54.122,1.45479,1.45497,1.12,1.12
2016.01.10 23:14:54.635,1.45479,1.45497,1.12,1.37
2016.01.10 23:14:55.657,1.45477,1.45496,3.75,1.50
2016.01.10 23:14:55.961,1.4547,1.45491,2.25,1.12
2016.01.10 23:14:56.857,1.45471,1.45493,2.25,4.50
2016.01.10 23:14:56.908,1.45475,1.45493,1.00,1.50
2016.01.10 23:14:56.959,1.45473,1.45495,3.75,1.12
2016.01.10 23:14:57.281,1.45476,1.45498,2.25,1.12
2016.01.10 23:14:57.992,1.45478,1.45498,1.12,1.37
2016.01.10 23:14:58.095,1.45477,1.45495,1.37,2.25
2016.01.10 23:14:59.272,1.45477,1.45495,1.37,2.25
2016.01.10 23:15:00.297,1.45477,1.45495,1.37,2.25
2016.01.10 23:15:00.845,1.45471,1.45493,3.75,1.12
2016.01.10 23:15:00.947,1.45467,1.45487,2.25,1.00
2016.01.10 23:15:01.350,1.45464,1.45487,4.12,1.37
2016.01.10 23:15:01.722,1.45464,1.45486,1.12,2.25
2016.01.10 23:15:03.711,1.45465,1.45487,3.75,1.37
2016.01.10 23:15:09.304,1.45469,1.45487,1.00,1.12
2016.01.10 23:15:10.515,1.45469,1.45487,1.37,1.12
2016.01.10 23:15:13.397,1.45469,1.45487,1.00,1.00
2016.01.10 23:15:14.598,1.45465,1.45485,3.75,1.00
2016.01.10 23:15:14.648,1.45467,1.45485,1.00,1.12
2016.01.10 23:15:25.040,1.45468,1.45485,3.37,1.00
2016.01.10 23:15:25.293,1.45475,1.45493,1.00,1.75
2016.01.10 23:15:25.597,1.45478,1.45494,1.00,1.37
2016.01.10 23:15:25.902,1.45476,1.45496,2.25,1.37
2016.01.10 23:15:26.007,1.45476,1.45496,2.25,1.37
2016.01.10 23:15:26.440,1.45481,1.45496,1.00,1.12
2016.01.10 23:15:26.541,1.4548,1.45501,2.25,3.75
2016.01.10 23:15:26.592,1.45483,1.45503,1.12,1.57
2016.01.10 23:15:26.694,1.45483,1.45503,4.12,1.57
2016.01.10 23:15:27.131,1.45483,1.45503,2.25,1.20
2016.01.10 23:15:27.765,1.45484,1.45503,1.12,1.45
2016.01.10 23:15:30.726,1.45486,1.45503,1.37,1.07
2016.01.10 23:15:33.557,1.45486,1.45503,1.12,1.57
2016.01.10 23:15:33.709,1.45486,1.45503,1.00,1.20
2016.01.10 23:15:33.912,1.45486,1.45503,1.12,1.07
2016.01.10 23:15:36.316,1.45486,1.45503,1.00,1.45
2016.01.10 23:15:36.468,1.45484,1.45503,1.12,1.82
2016.01.10 23:15:37.050,1.45486,1.45503,4.31,1.20
2016.01.10 23:15:37.151,1.45486,1.45503,4.69,1.20
2016.01.10 23:15:37.252,1.45486,1.45503,4.31,1.45
2016.01.10 23:15:37.354,1.45486,1.45503,4.69,1.07
2016.01.10 23:15:37.890,1.45489,1.45503,1.12,1.07
2016.01.10 23:15:41.448,1.45498,1.45504,1.00,1.50
2016.01.10 23:15:41.500,1.45499,1.45511,1.50,2.25
2016.01.10 23:15:41.551,1.45505,1.45518,1.56,2.25
2016.01.10 23:15:41.654,1.45507,1.45527,1.27,1.12
2016.01.10 23:15:41.756,1.4551,1.45532,3.90,1.50
2016.01.10 23:15:41.859,1.45512,1.45535,3.75,1.12
2016.01.10 23:15:41.910,1.45516,1.45535,1.50,1.12
2016.01.10 23:15:42.164,1.45526,1.45548,1.87,1.12
2016.01.10 23:15:42.266,1.45528,1.45548,2.25,1.12
2016.01.10 23:15:42.318,1.45528,1.4555,2.25,2.25
2016.01.10 23:15:42.369,1.4553,1.45551,3.00,1.37
2016.01.10 23:15:42.470,1.45529,1.45551,1.75,1.37
2016.01.10 23:15:42.982,1.45533,1.45551,1.00,1.12
2016.01.10 23:15:43.135,1.45529,1.45551,2.25,1.37
2016.01.10 23:15:43.186,1.45528,1.45551,1.75,1.12
2016.01.10 23:15:43.472,1.45529,1.45551,2.25,1.47
2016.01.10 23:15:43.797,1.45527,1.4555,2.62,3.75
2016.01.10 23:15:44.108,1.45527,1.45549,2.62,1.12
2016.01.10 23:15:44.508,1.45527,1.45549,2.25,1.12
2016.01.10 23:15:44.781,1.45524,1.45546,2.25,1.00
2016.01.10 23:15:47.243,1.45524,1.4555,1.75,4.12
2016.01.10 23:15:47.294,1.45524,1.45551,1.50,1.12
2016.01.10 23:15:48.027,1.4553,1.45551,1.00,1.12
2016.01.10 23:15:48.280,1.45546,1.45577,1.50,4.12
2016.01.10 23:15:48.382,1.45549,1.45576,1.00,1.00
2016.01.10 23:15:48.687,1.45573,1.45597,1.00,1.12
2016.01.10 23:15:49.004,1.45576,1.45599,1.00,1.12
2016.01.10 23:15:49.308,1.45574,1.45598,1.12,1.37
2016.01.10 23:15:49.359,1.45574,1.45598,1.00,1.75
2016.01.10 23:15:49.764,1.45571,1.45597,1.12,1.37
2016.01.10 23:15:53.753,1.45571,1.45598,1.12,1.12
2016.01.10 23:15:55.258,1.45574,1.45597,1.00,1.12
2016.01.10 23:15:56.262,1.45571,1.45596,1.12,1.12
2016.01.10 23:16:01.009,1.45571,1.45596,1.12,1.75
2016.01.10 23:16:02.204,1.45571,1.45596,1.12,1.12
2016.01.10 23:16:02.609,1.45571,1.45594,1.12,3.00
2016.01.10 23:16:02.812,1.45567,1.45589,1.00,1.12
2016.01.10 23:16:02.863,1.45561,1.45589,1.37,1.12
2016.01.10 23:16:03.408,1.45561,1.45586,1.87,1.12
2016.01.10 23:16:03.701,1.45561,1.45586,1.75,1.37
2016.01.10 23:16:03.803,1.45562,1.45586,1.37,1.12
2016.01.10 23:16:04.344,1.45561,1.45586,1.12,1.37
2016.01.10 23:16:04.466,1.45561,1.45586,1.12,1.00
2016.01.10 23:16:04.517,1.45561,1.45587,1.12,1.37
2016.01.10 23:16:04.920,1.45561,1.45589,1.12,2.25
2016.01.10 23:16:05.452,1.45561,1.45589,2.62,1.87
2016.01.10 23:16:06.167,1.45563,1.45588,1.12,1.87
2016.01.10 23:16:07.916,1.45561,1.45587,1.37,1.12
2016.01.10 23:16:08.433,1.45557,1.45586,1.95,1.12
2016.01.10 23:16:08.484,1.45559,1.45585,1.37,1.12
2016.01.10 23:16:08.636,1.45559,1.45585,1.37,1.50
2016.01.10 23:16:08.920,1.45557,1.45583,1.95,1.37
2016.01.10 23:16:09.022,1.45557,1.45581,1.95,1.12
2016.01.10 23:16:09.591,1.45557,1.45578,1.95,1.37
2016.01.10 23:16:11.548,1.45557,1.45582,1.45,1.12
2016.01.10 23:16:11.853,1.45558,1.45582,1.95,1.12
2016.01.10 23:16:17.257,1.45566,1.45578,1.87,1.37
2016.01.10 23:16:17.358,1.45566,1.45585,1.87,1.12
2016.01.10 23:16:17.882,1.45567,1.45593,1.87,1.75
2016.01.10 23:16:18.037,1.45567,1.45593,2.62,1.75
2016.01.10 23:16:18.836,1.45567,1.45592,2.62,1.00
2016.01.10 23:16:19.736,1.45567,1.45592,1.87,4.12
2016.01.10 23:16:21.440,1.45567,1.45589,1.87,1.37
2016.01.10 23:16:21.860,1.45567,1.45587,1.87,1.37
2016.01.10 23:16:22.198,1.45558,1.45586,1.12,1.12
2016.01.10 23:16:22.505,1.45553,1.45579,1.87,1.37
2016.01.10 23:16:24.176,1.45554,1.45579,1.87,1.75
2016.01.10 23:16:25.155,1.45554,1.45579,1.87,1.75
2016.01.10 23:16:27.818,1.45556,1.45574,1.37,1.37
2016.01.10 23:16:28.122,1.45554,1.45569,1.87,2.25
2016.01.10 23:16:28.174,1.45554,1.4557,1.87,1.37
2016.01.10 23:16:28.275,1.45554,1.4557,1.50,1.12
2016.01.10 23:16:28.376,1.45554,1.4557,1.87,1.12
2016.01.10 23:16:29.156,1.45581,1.45593,1.87,8.62
2016.01.10 23:16:29.207,1.45588,1.45596,1.87,1.50
2016.01.10 23:16:29.258,1.45583,1.45596,3.75,1.50
2016.01.10 23:16:29.309,1.45582,1.45604,6.75,1.12
2016.01.10 23:16:29.563,1.45564,1.45589,2.62,3.75
2016.01.10 23:16:29.665,1.45568,1.45592,3.75,1.75
2016.01.10 23:16:29.969,1.45561,1.45581,1.12,1.12
2016.01.10 23:16:31.595,1.4556,1.45579,1.12,1.00
2016.01.10 23:16:32.536,1.4556,1.4558,1.12,1.12
2016.01.10 23:16:32.985,1.45561,1.45579,1.00,1.00
2016.01.10 23:16:33.317,1.4556,1.4558,1.12,1.12
2016.01.10 23:16:33.901,1.4556,1.45579,1.12,1.00
2016.01.10 23:16:34.405,1.4556,1.45579,1.12,1.37
2016.01.10 23:16:34.716,1.45557,1.45579,1.12,2.25
2016.01.10 23:16:37.759,1.45557,1.45578,1.37,2.25
2016.01.10 23:16:38.475,1.45554,1.45575,1.12,2.25
2016.01.10 23:16:38.527,1.45554,1.45575,1.12,2.25
2016.01.10 23:16:38.585,1.45553,1.45573,1.12,2.25
2016.01.10 23:16:39.766,1.4555,1.45572,1.12,3.75
2016.01.10 23:16:40.305,1.4555,1.45572,1.12,3.75
2016.01.10 23:16:48.750,1.45549,1.45571,1.85,1.12
2016.01.10 23:16:53.775,1.4555,1.45572,1.12,3.75
2016.01.10 23:16:55.010,1.45552,1.45574,1.37,4.12
2016.01.10 23:16:59.378,1.45553,1.45574,1.12,3.82
2016.01.10 23:16:59.430,1.45557,1.45576,1.12,2.25
2016.01.10 23:16:59.531,1.45559,1.45575,1.12,1.00
2016.01.10 23:16:59.583,1.45558,1.45575,1.12,1.00
2016.01.10 23:16:59.634,1.45562,1.4558,1.50,1.00
2016.01.10 23:16:59.754,1.45562,1.4558,1.65,1.00
2016.01.10 23:16:59.856,1.45562,1.4558,1.00,1.00
2016.01.10 23:17:00.008,1.45565,1.45583,1.00,1.00
2016.01.10 23:17:00.312,1.45567,1.45585,1.15,1.00
2016.01.10 23:17:00.629,1.45562,1.45587,3.00,3.75
2016.01.10 23:17:01.264,1.45562,1.45586,1.50,2.62
2016.01.10 23:17:05.905,1.45561,1.45586,3.90,2.62
2016.01.10 23:17:06.136,1.45559,1.45584,4.57,2.25
2016.01.10 23:17:06.444,1.45558,1.45576,2.25,1.00
2016.01.10 23:17:07.955,1.45558,1.45576,1.20,1.00
2016.01.10 23:17:08.006,1.45558,1.45576,1.15,1.00
2016.01.10 23:17:08.057,1.45558,1.45576,1.45,1.00
2016.01.10 23:17:08.529,1.45558,1.45576,1.15,1.00
2016.01.10 23:17:08.996,1.45558,1.45576,1.10,1.00
2016.01.10 23:17:10.276,1.45558,1.45576,1.15,1.00
2016.01.10 23:17:10.871,1.45557,1.45577,1.20,2.25
2016.01.10 23:17:17.758,1.45556,1.45577,1.27,2.25
2016.01.10 23:17:18.062,1.45554,1.45575,1.12,3.75
2016.01.10 23:17:18.594,1.45554,1.45575,1.45,3.75
2016.01.10 23:17:23.673,1.45562,1.45584,3.75,1.12
2016.01.10 23:17:23.877,1.4557,1.45588,1.00,1.37
2016.01.10 23:17:23.978,1.4557,1.45593,2.25,4.20
2016.01.10 23:17:24.080,1.45572,1.45597,2.25,4.27
2016.01.10 23:17:24.181,1.45574,1.45592,1.00,1.00
2016.01.10 23:17:25.030,1.45569,1.45594,2.32,4.12
2016.01.10 23:17:25.335,1.45563,1.45586,1.27,2.25
2016.01.10 23:17:25.846,1.45567,1.45585,1.00,1.00
2016.01.10 23:17:26.506,1.45567,1.45585,1.15,1.00
2016.01.10 23:17:29.644,1.45567,1.45585,1.00,1.00
2016.01.10 23:17:30.758,1.45563,1.45587,2.77,2.62
2016.01.10 23:17:31.277,1.45566,1.45584,1.07,1.37
2016.01.10 23:17:31.328,1.45566,1.45584,1.00,1.37
2016.01.10 23:17:31.831,1.45566,1.45584,1.00,1.00
2016.01.10 23:17:38.986,1.45566,1.45584,1.07,1.00
2016.01.10 23:17:39.528,1.45566,1.45584,1.00,1.00
2016.01.10 23:17:40.066,1.45566,1.45584,1.00,1.37
2016.01.10 23:17:40.689,1.45566,1.45584,1.00,1.37
2016.01.10 23:17:43.916,1.45566,1.45584,1.00,1.00
2016.01.10 23:17:44.443,1.45566,1.45584,1.00,1.37
2016.01.10 23:17:45.178,1.45566,1.45584,1.00,1.00
2016.01.10 23:17:47.668,1.45566,1.45584,1.07,1.00
2016.01.10 23:17:48.885,1.45566,1.45584,1.10,1.00
2016.01.10 23:17:50.837,1.45566,1.45585,1.10,3.75
2016.01.10 23:17:51.216,1.45562,1.45581,1.20,1.87
2016.01.10 23:17:51.419,1.45559,1.45579,1.12,2.25
2016.01.10 23:17:51.621,1.45557,1.45576,1.95,3.37
2016.01.10 23:17:51.672,1.45557,1.45576,1.27,3.37
2016.01.10 23:17:52.507,1.45557,1.45576,1.15,3.75
2016.01.10 23:17:55.777,1.45554,1.45574,1.45,2.25
2016.01.10 23:17:56.905,1.45553,1.45571,1.20,1.00
2016.01.10 23:17:56.956,1.45553,1.45571,1.17,1.00
2016.01.10 23:17:57.007,1.45553,1.45571,1.10,1.00
2016.01.10 23:17:57.361,1.45552,1.45573,1.20,1.45
2016.01.10 23:17:57.665,1.45551,1.4557,1.27,1.37
2016.01.10 23:17:58.199,1.45551,1.45571,1.27,1.37
2016.01.10 23:17:58.713,1.45551,1.45572,1.27,1.57
2016.01.10 23:17:59.030,1.4555,1.45569,1.20,1.37
2016.01.10 23:17:59.301,1.4555,1.45571,1.20,1.45
2016.01.10 23:18:01.187,1.45548,1.45572,2.62,1.27
2016.01.10 23:18:01.288,1.45546,1.45569,3.75,2.62
2016.01.10 23:18:01.592,1.45539,1.45561,3.75,4.12
2016.01.10 23:18:01.643,1.4554,1.45558,1.00,1.15
2016.01.10 23:18:01.725,1.45533,1.45558,3.75,2.40
2016.01.10 23:18:01.776,1.45535,1.45559,3.75,2.40
2016.01.10 23:18:02.080,1.45537,1.45546,1.00,1.37
2016.01.10 23:18:02.233,1.45537,1.45549,1.00,1.37
2016.01.10 23:18:02.334,1.45531,1.45553,3.75,1.27
2016.01.10 23:18:02.486,1.45529,1.45553,3.75,2.77
2016.01.10 23:18:02.589,1.45531,1.45551,1.00,1.20
2016.01.10 23:18:02.640,1.45527,1.45552,2.25,3.90
2016.01.10 23:18:03.391,1.45526,1.4555,2.25,2.25
2016.01.10 23:18:03.594,1.45528,1.45549,1.00,2.25
2016.01.10 23:18:04.484,1.45527,1.45549,2.25,2.25
2016.01.10 23:18:04.535,1.45527,1.45552,2.25,3.75
2016.01.10 23:18:04.789,1.45526,1.4555,2.25,2.25
2016.01.10 23:18:05.302,1.45529,1.45547,1.00,1.00
2016.01.10 23:18:05.608,1.45527,1.45545,1.00,1.00
2016.01.10 23:18:06.201,1.45526,1.45548,2.25,2.25
2016.01.10 23:18:06.705,1.45526,1.45549,2.25,3.75
2016.01.10 23:18:10.087,1.45524,1.45548,2.25,2.25
2016.01.10 23:18:10.341,1.45523,1.45545,3.75,1.12
2016.01.10 23:18:10.725,1.45529,1.45547,1.00,1.75
2016.01.10 23:18:11.114,1.45529,1.45547,1.00,1.20
2016.01.10 23:18:11.723,1.45529,1.45547,1.00,1.15
2016.01.10 23:18:12.626,1.45529,1.45547,1.00,1.17
2016.01.10 23:18:12.727,1.45529,1.45547,1.00,1.07
2016.01.10 23:18:12.830,1.45529,1.45547,1.00,1.17
2016.01.10 23:18:13.345,1.45529,1.45547,1.00,1.10
2016.01.10 23:18:14.729,1.45529,1.45547,1.00,1.07
2016.01.10 23:18:15.053,1.45523,1.45545,3.75,1.12
2016.01.10 23:18:21.581,1.45523,1.45545,2.25,1.57
2016.01.10 23:18:22.039,1.45525,1.45544,1.00,2.70
2016.01.10 23:18:22.141,1.45521,1.45542,3.75,1.12
2016.01.10 23:18:23.098,1.45521,1.45543,3.75,1.50
2016.01.10 23:18:23.690,1.45521,1.45543,3.75,1.82
2016.01.10 23:18:24.537,1.45522,1.45544,1.12,2.77
2016.01.10 23:18:24.950,1.45521,1.45541,1.20,1.37
2016.01.10 23:18:25.001,1.45517,1.45541,3.90,1.27
2016.01.10 23:18:25.103,1.45517,1.4554,3.90,1.20
2016.01.10 23:18:25.756,1.45518,1.45541,2.40,1.20
2016.01.10 23:18:26.168,1.45517,1.45539,3.90,1.07
2016.01.10 23:18:26.321,1.45517,1.45541,3.90,1.57
2016.01.10 23:18:26.554,1.45515,1.4554,3.90,2.70
2016.01.10 23:18:27.076,1.45517,1.4554,2.77,2.40
2016.01.10 23:18:27.486,1.45521,1.45539,1.00,1.20
2016.01.10 23:18:27.639,1.45514,1.45539,2.40,3.90
2016.01.10 23:18:28.154,1.45514,1.45539,2.40,4.20
2016.01.10 23:18:28.256,1.45517,1.45539,2.40,1.20
2016.01.10 23:18:28.408,1.45517,1.4554,2.40,3.90
2016.01.10 23:18:30.864,1.45519,1.45537,1.20,1.00
2016.01.10 23:18:34.280,1.45517,1.45538,1.05,2.25
2016.01.10 23:18:34.946,1.45516,1.45537,1.05,2.32
2016.01.10 23:18:37.825,1.45518,1.45537,1.15,1.95
2016.01.10 23:18:37.877,1.45516,1.45539,2.55,3.90
2016.01.10 23:18:39.276,1.45516,1.45538,2.02,2.40
2016.01.10 23:18:39.378,1.45512,1.45534,3.90,1.00
2016.01.10 23:18:39.898,1.45511,1.45536,4.50,2.40
2016.01.10 23:18:40.424,1.45511,1.45536,4.20,2.70
2016.01.10 23:18:40.609,1.45511,1.45534,3.90,1.20
2016.01.10 23:18:40.939,1.45511,1.45536,3.90,2.70
2016.01.10 23:18:43.996,1.45511,1.45534,3.82,1.20
2016.01.10 23:18:45.307,1.45511,1.45535,3.82,1.50
2016.01.10 23:18:45.409,1.45509,1.45523,3.37,1.00
2016.01.10 23:18:45.612,1.45494,1.45512,1.15,1.00
2016.01.10 23:18:45.663,1.45492,1.45513,1.50,3.75
2016.01.10 23:18:46.000,1.45488,1.45509,1.12,2.25
2016.01.10 23:18:46.304,1.45484,1.45507,3.45,3.75
2016.01.10 23:18:46.405,1.45484,1.45505,1.20,3.75
2016.01.10 23:18:46.909,1.45483,1.45505,1.57,3.75
2016.01.10 23:18:47.286,1.45484,1.45503,1.17,1.87
2016.01.10 23:18:47.592,1.45482,1.45501,1.17,2.25
2016.01.10 23:18:47.643,1.45482,1.45501,1.00,2.25
2016.01.10 23:18:49.467,1.4548,1.45501,1.20,3.75
2016.01.10 23:18:50.054,1.45479,1.45501,1.82,3.75
2016.01.10 23:18:50.375,1.45478,1.45501,1.90,3.75
2016.01.10 23:18:50.804,1.45479,1.45501,1.20,3.75
2016.01.10 23:18:51.837,1.45478,1.45501,1.27,3.90
2016.01.10 23:18:53.011,1.4548,1.45501,1.07,3.75
2016.01.10 23:18:53.802,1.45479,1.45502,1.65,3.90
2016.01.10 23:18:53.853,1.45479,1.45505,1.55,2.70
2016.01.10 23:18:55.138,1.45479,1.45505,1.52,2.40
2016.01.10 23:18:55.189,1.45479,1.455,1.15,1.87
2016.01.10 23:18:56.443,1.45479,1.45497,1.20,1.10
2016.01.10 23:18:57.674,1.45483,1.45497,1.00,1.00
2016.01.10 23:18:58.306,1.45479,1.45497,1.00,1.00
2016.01.10 23:18:58.408,1.45477,1.45498,1.27,2.32
2016.01.10 23:18:58.958,1.45476,1.45498,2.25,2.25
2016.01.10 23:18:59.266,1.45475,1.45492,1.50,1.00
2016.01.10 23:18:59.813,1.45474,1.45492,1.57,1.00
2016.01.10 23:19:00.406,1.4547,1.45492,3.75,1.12
2016.01.10 23:19:00.710,1.45455,1.45469,1.87,1.87
2016.01.10 23:19:00.761,1.45448,1.45466,1.75,1.00
2016.01.10 23:19:00.885,1.45453,1.45469,1.12,1.87
2016.01.10 23:19:00.937,1.45443,1.45469,1.12,1.00
2016.01.10 23:19:01.089,1.45441,1.45468,1.12,1.87
2016.01.10 23:19:01.191,1.45439,1.45467,1.20,1.37
2016.01.10 23:19:01.293,1.45435,1.45467,1.20,2.62
2016.01.10 23:19:01.394,1.45432,1.45459,3.90,1.37
2016.01.10 23:19:01.455,1.45431,1.45459,1.82,1.37
2016.01.10 23:19:01.736,1.45431,1.45458,1.12,1.37
2016.01.10 23:19:02.039,1.45429,1.4545,1.12,3.37
2016.01.10 23:19:02.192,1.45427,1.4545,1.12,4.50
2016.01.10 23:19:02.293,1.4543,1.45447,1.00,3.37
2016.01.10 23:19:03.376,1.45416,1.45447,1.20,4.87
2016.01.10 23:19:03.905,1.45418,1.45447,1.12,1.87
2016.01.10 23:19:04.296,1.45418,1.45447,1.12,1.00
2016.01.10 23:19:04.813,1.4542,1.45448,1.12,1.00
2016.01.10 23:19:04.993,1.4542,1.45448,1.20,1.07
2016.01.10 23:19:05.978,1.4542,1.45448,1.27,1.55
2016.01.10 23:19:06.232,1.45421,1.45451,1.27,2.70
2016.01.10 23:19:06.333,1.45416,1.45445,3.52,3.37
2016.01.10 23:19:06.638,1.45408,1.4544,4.05,2.25
2016.01.10 23:19:08.925,1.4541,1.45438,1.27,2.25
2016.01.10 23:19:09.026,1.45407,1.45435,1.20,1.87
2016.01.10 23:19:09.077,1.45407,1.45435,1.75,1.87
2016.01.10 23:19:09.229,1.45397,1.45426,1.87,2.62
2016.01.10 23:19:09.280,1.45392,1.45426,3.75,3.00
2016.01.10 23:19:09.331,1.45391,1.45415,3.37,1.87
2016.01.10 23:19:09.382,1.45381,1.45415,3.90,2.25
2016.01.10 23:19:09.433,1.4538,1.4541,3.90,1.87
2016.01.10 23:19:09.534,1.45379,1.45406,1.12,1.87
2016.01.10 23:19:09.585,1.45389,1.45405,1.37,1.00
2016.01.10 23:19:09.687,1.45381,1.45401,1.75,4.50
2016.01.10 23:19:09.738,1.45366,1.45397,2.25,1.87
2016.01.10 23:19:09.789,1.45368,1.45394,1.37,1.00
2016.01.10 23:19:09.890,1.45369,1.454,1.12,3.75
2016.01.10 23:19:09.942,1.45365,1.45395,3.37,3.37
2016.01.10 23:19:10.094,1.45359,1.45391,4.65,2.25
2016.01.10 23:19:10.145,1.45364,1.45393,1.87,2.25
2016.01.10 23:19:10.448,1.45359,1.45383,2.47,1.87
2016.01.10 23:19:10.763,1.45368,1.45383,1.37,2.25
2016.01.10 23:19:10.865,1.45368,1.45384,1.00,3.75
2016.01.10 23:19:10.966,1.45353,1.45384,1.12,3.75
2016.01.10 23:19:11.017,1.4536,1.45382,1.37,3.75
2016.01.10 23:19:11.118,1.45355,1.4538,1.20,1.00
2016.01.10 23:19:11.321,1.45355,1.45381,1.20,3.37
2016.01.10 23:19:12.044,1.45354,1.45379,1.50,1.00
2016.01.10 23:19:12.246,1.45355,1.45384,1.20,2.25
2016.01.10 23:19:12.500,1.45359,1.45384,1.57,1.00
2016.01.10 23:19:12.601,1.45359,1.45389,1.50,2.25
2016.01.10 23:19:12.956,1.45357,1.45387,1.27,2.25
2016.01.10 23:19:13.284,1.45359,1.45384,1.12,1.00
2016.01.10 23:19:13.487,1.45354,1.45384,1.27,2.25
2016.01.10 23:19:13.841,1.45359,1.45381,1.20,3.37
2016.01.10 23:19:14.149,1.45359,1.45379,1.45,3.75
2016.01.10 23:19:14.558,1.45358,1.45377,1.12,2.25
2016.01.10 23:19:14.609,1.45355,1.45377,1.27,2.25
2016.01.10 23:19:14.862,1.45353,1.45372,1.27,1.87
2016.01.10 23:19:14.913,1.45349,1.45372,3.75,2.25
2016.01.10 23:19:14.964,1.45351,1.45372,1.00,3.75
2016.01.10 23:19:15.015,1.45347,1.45368,2.25,1.87
2016.01.10 23:19:15.243,1.45346,1.45365,1.00,3.75
2016.01.10 23:19:15.344,1.4534,1.45357,1.87,1.37
2016.01.10 23:19:15.547,1.45324,1.45348,3.90,3.75
2016.01.10 23:19:15.649,1.45339,1.45346,1.37,1.00
2016.01.10 23:19:15.750,1.45336,1.45349,1.12,3.37
2016.01.10 23:19:15.852,1.45336,1.45351,1.12,3.75
2016.01.10 23:19:15.953,1.45336,1.45352,1.12,3.75
2016.01.10 23:19:16.055,1.45322,1.45353,1.27,2.25
2016.01.10 23:19:16.157,1.4532,1.4535,1.27,1.87
2016.01.10 23:19:16.259,1.45317,1.45347,1.12,1.87
2016.01.10 23:19:16.360,1.45312,1.45343,3.75,3.37
2016.01.10 23:19:16.462,1.4531,1.45334,2.25,1.87
2016.01.10 23:19:16.563,1.45307,1.45334,1.00,2.25
2016.01.10 23:19:16.614,1.45304,1.45334,1.00,2.25
2016.01.10 23:19:16.665,1.45302,1.45334,2.25,3.75
2016.01.10 23:19:16.969,1.45299,1.45327,1.12,3.75
2016.01.10 23:19:17.276,1.45311,1.45329,1.75,1.00
2016.01.10 23:19:17.478,1.453,1.45327,1.50,1.00
2016.01.10 23:19:17.529,1.45301,1.45335,2.25,3.75
2016.01.10 23:19:17.833,1.45286,1.4532,3.90,2.25
2016.01.10 23:19:18.137,1.45298,1.45316,1.12,2.25
2016.01.10 23:19:18.339,1.45286,1.45313,1.00,2.25
2016.01.10 23:19:18.440,1.45293,1.45317,1.00,4.12
2016.01.10 23:19:18.744,1.45295,1.45312,1.12,3.75
2016.01.10 23:19:19.048,1.45298,1.45303,1.00,2.25
2016.01.10 23:19:19.200,1.45294,1.45301,1.00,3.75
2016.01.10 23:19:19.352,1.45288,1.45298,1.75,3.75
2016.01.10 23:19:19.555,1.45288,1.45297,1.30,3.75
2016.01.10 23:19:19.657,1.45288,1.45299,1.15,2.25
2016.01.10 23:19:19.758,1.45283,1.45301,1.07,1.00
2016.01.10 23:19:19.860,1.45279,1.453,1.27,2.25
2016.01.10 23:19:20.164,1.45269,1.45292,2.25,3.37
2016.01.10 23:19:20.265,1.45268,1.45291,3.75,2.25
2016.01.10 23:19:20.569,1.45264,1.45285,1.57,2.25
2016.01.10 23:19:20.774,1.45269,1.45292,2.25,3.75
2016.01.10 23:19:20.875,1.4527,1.45289,1.50,3.75
2016.01.10 23:19:20.926,1.45266,1.45286,2.40,2.25
2016.01.10 23:19:20.977,1.45262,1.45285,3.75,2.25
2016.01.10 23:19:21.028,1.45266,1.45285,1.15,1.87
2016.01.10 23:19:21.079,1.45263,1.45288,3.90,2.25
2016.01.10 23:19:21.182,1.45266,1.45287,1.27,3.75
2016.01.10 23:19:21.233,1.45265,1.45283,1.37,1.00
2016.01.10 23:19:21.335,1.45267,1.45285,1.12,1.00
2016.01.10 23:19:21.436,1.45262,1.45287,3.90,2.25
2016.01.10 23:19:21.538,1.45268,1.45286,1.15,1.00
2016.01.10 23:19:22.276,1.4527,1.45288,1.50,1.00
2016.01.10 23:19:22.377,1.45271,1.45293,1.20,3.75
2016.01.10 23:19:22.479,1.45271,1.45296,2.70,3.75
2016.01.10 23:19:22.530,1.45274,1.45296,1.50,3.75
2016.01.10 23:19:22.682,1.45275,1.45299,1.20,3.75
2016.01.10 23:19:23.953,1.45274,1.45299,2.55,3.75
2016.01.10 23:19:24.065,1.45278,1.45301,1.05,3.75
2016.01.10 23:19:24.167,1.45281,1.45306,2.40,3.75
2016.01.10 23:19:24.268,1.45286,1.45309,2.40,3.75
2016.01.10 23:19:24.470,1.45287,1.45312,4.27,2.25
2016.01.10 23:19:24.673,1.4529,1.45312,3.97,1.12
2016.01.10 23:19:25.012,1.45294,1.45317,3.75,2.25
2016.01.10 23:19:25.661,1.45305,1.45319,1.37,2.25
2016.01.10 23:19:25.763,1.45304,1.45322,1.00,1.00
2016.01.10 23:19:25.864,1.45307,1.45329,1.12,3.75
2016.01.10 23:19:25.966,1.45302,1.45327,2.25,3.75
2016.01.10 23:19:26.067,1.45319,1.4533,1.12,3.75
2016.01.10 23:19:26.169,1.45306,1.45325,1.37,2.25
2016.01.10 23:19:26.379,1.45306,1.45328,1.87,2.25
2016.01.10 23:19:26.483,1.45308,1.4533,1.12,3.75
2016.01.10 23:19:26.686,1.45308,1.45333,2.25,3.75
2016.01.10 23:19:26.737,1.45308,1.45333,2.40,3.75
2016.01.10 23:19:26.788,1.45311,1.45335,2.40,2.25
2016.01.10 23:19:26.889,1.45327,1.45342,1.50,3.75
2016.01.10 23:19:26.991,1.45327,1.45345,1.50,3.75
2016.01.10 23:19:27.092,1.45326,1.45344,1.00,1.00
2016.01.10 23:19:27.206,1.45336,1.45346,1.00,1.00
2016.01.10 23:19:27.479,1.45328,1.45346,1.00,1.00
2016.01.10 23:19:27.580,1.45322,1.45347,3.75,2.25
2016.01.10 23:19:27.798,1.45341,1.45378,1.12,1.50
2016.01.10 23:19:28.052,1.45336,1.45378,1.37,1.50
2016.01.10 23:19:28.153,1.4533,1.4535,1.37,0.75
2016.01.10 23:19:28.204,1.4533,1.45378,1.37,1.50
2016.01.10 23:19:28.255,1.45325,1.45345,1.50,1.50
2016.01.10 23:19:28.588,1.45322,1.45344,1.12,2.25
2016.01.10 23:19:28.791,1.45323,1.45343,1.12,3.75
2016.01.10 23:19:28.892,1.45323,1.45344,1.12,3.75
2016.01.10 23:19:29.070,1.45323,1.45344,1.12,3.75
2016.01.10 23:19:29.171,1.45325,1.45344,1.00,3.75
2016.01.10 23:19:29.273,1.45325,1.45347,1.37,3.75
2016.01.10 23:19:29.577,1.45326,1.45349,1.12,2.25
2016.01.10 23:19:29.891,1.45328,1.45353,3.75,2.25
2016.01.10 23:19:30.205,1.45332,1.45355,2.25,3.75
2016.01.10 23:19:30.672,1.45335,1.45358,3.75,2.25
2016.01.10 23:19:30.775,1.45339,1.45357,1.00,1.00
2016.01.10 23:19:30.876,1.45338,1.45363,2.25,3.75
2016.01.10 23:19:31.180,1.45345,1.45363,1.00,1.00
2016.01.10 23:19:31.484,1.45356,1.45368,1.00,3.75
2016.01.10 23:19:31.585,1.45352,1.45368,1.00,3.75
2016.01.10 23:19:31.687,1.45348,1.45368,1.12,3.75
2016.01.10 23:19:31.890,1.4535,1.45368,1.37,1.00
2016.01.10 23:19:31.992,1.45351,1.45373,1.12,3.75
2016.01.10 23:19:32.094,1.45348,1.45371,1.12,2.25
2016.01.10 23:19:32.597,1.45349,1.45372,3.75,2.25
2016.01.10 23:19:32.984,1.45351,1.45374,3.75,2.25
2016.01.10 23:19:34.201,1.45353,1.45376,2.25,3.75
2016.01.10 23:19:34.304,1.4535,1.45375,3.75,2.25
2016.01.10 23:19:34.405,1.45347,1.45372,3.75,2.25
2016.01.10 23:19:34.740,1.45349,1.45374,3.75,2.25
2016.01.10 23:19:35.044,1.45352,1.4537,1.37,1.00
2016.01.10 23:19:35.196,1.45353,1.45374,1.12,2.25
2016.01.10 23:19:35.723,1.45351,1.45374,3.75,2.25
2016.01.10 23:19:35.976,1.45349,1.45373,3.75,3.75
2016.01.10 23:19:36.078,1.45351,1.4537,1.00,3.45
2016.01.10 23:19:36.230,1.45352,1.45372,1.00,3.90
2016.01.10 23:19:36.282,1.45352,1.4537,1.00,2.25
2016.01.10 23:19:36.609,1.45349,1.45367,1.00,1.00
2016.01.10 23:19:40.313,1.45345,1.45368,3.75,2.25
2016.01.10 23:19:40.364,1.45347,1.45365,1.00,1.00
2016.01.10 23:19:44.594,1.45343,1.45366,3.75,3.75
2016.01.10 23:19:44.645,1.45341,1.45366,2.40,3.75
2016.01.10 23:19:44.696,1.45344,1.45363,1.00,1.87
2016.01.10 23:19:45.228,1.45338,1.45362,1.05,2.25
2016.01.10 23:19:45.330,1.45338,1.45359,1.05,2.25
2016.01.10 23:19:45.695,1.45333,1.45352,1.60,3.37
2016.01.10 23:19:45.796,1.45331,1.45349,1.27,1.87
2016.01.10 23:19:45.898,1.45329,1.45342,1.12,1.87
2016.01.10 23:19:46.152,1.45319,1.45337,1.75,1.00
2016.01.10 23:19:46.203,1.45319,1.45338,1.75,2.25
2016.01.10 23:19:46.254,1.45315,1.45338,4.20,2.25
2016.01.10 23:19:46.659,1.45315,1.4534,2.70,3.75
2016.01.10 23:19:46.710,1.45318,1.45337,1.00,3.37
2016.01.10 23:19:46.862,1.45308,1.45332,1.20,2.25
2016.01.10 23:19:46.913,1.4531,1.45333,2.32,3.75
2016.01.10 23:19:47.324,1.4531,1.45332,1.65,3.90
2016.01.10 23:19:47.499,1.45321,1.45333,1.12,3.37
2016.01.10 23:19:47.554,1.45321,1.45339,1.50,1.17
2016.01.10 23:19:47.606,1.45317,1.45338,3.75,2.02
2016.01.10 23:19:47.657,1.45313,1.45338,3.75,2.40
2016.01.10 23:19:47.718,1.45316,1.45341,3.75,2.25
2016.01.10 23:19:48.022,1.45309,1.45332,3.75,2.25
2016.01.10 23:19:48.226,1.45305,1.45323,1.00,1.00
2016.01.10 23:19:48.328,1.45307,1.45323,1.37,1.00
2016.01.10 23:19:48.532,1.453,1.45327,1.07,1.00
2016.01.10 23:19:48.583,1.453,1.45327,1.20,1.00
2016.01.10 23:19:48.887,1.45303,1.45321,1.55,1.00
2016.01.10 23:19:49.039,1.45305,1.45327,1.20,3.75
2016.01.10 23:19:49.141,1.45302,1.45324,1.27,3.75
2016.01.10 23:19:49.242,1.45303,1.45328,2.25,3.75
2016.01.10 23:19:49.344,1.45305,1.45328,3.75,2.25
2016.01.10 23:19:49.446,1.45301,1.45325,1.20,2.25
2016.01.10 23:19:49.625,1.45301,1.45323,1.20,2.25
2016.01.10 23:19:50.031,1.453,1.45325,3.90,2.25
2016.01.10 23:19:50.506,1.45302,1.45326,2.32,2.25
2016.01.10 23:19:50.810,1.45305,1.45327,1.12,2.25
2016.01.10 23:19:50.962,1.4531,1.45326,1.12,1.00
2016.01.10 23:19:51.063,1.4531,1.45331,1.50,2.25
2016.01.10 23:19:51.608,1.45311,1.45331,1.12,2.25
2016.01.10 23:19:51.659,1.45315,1.45333,1.52,1.00
2016.01.10 23:19:51.912,1.45317,1.45334,1.12,1.87
2016.01.10 23:19:52.425,1.45317,1.45334,1.12,2.25
2016.01.10 23:19:52.932,1.45316,1.45337,2.25,3.75
2016.01.10 23:19:53.135,1.45316,1.45337,1.45,3.75
2016.01.10 23:19:53.237,1.45315,1.45337,1.57,3.75
2016.01.10 23:19:53.338,1.45314,1.45332,1.10,1.00
2016.01.10 23:19:53.744,1.45324,1.45336,2.62,2.25
2016.01.10 23:19:53.846,1.45313,1.45336,1.27,2.25
2016.01.10 23:19:53.947,1.45344,1.4536,1.12,7.50
2016.01.10 23:19:54.067,1.45344,1.45367,1.12,1.50
2016.01.10 23:19:54.118,1.4534,1.45368,1.12,1.50
2016.01.10 23:19:54.223,1.4533,1.45368,1.12,1.50
2016.01.10 23:19:54.325,1.4531,1.45369,1.12,1.50
2016.01.10 23:19:54.832,1.45311,1.4537,1.12,1.50
2016.01.10 23:19:54.890,1.45311,1.45368,1.12,1.50
2016.01.10 23:19:55.344,1.45313,1.45335,1.27,2.25
2016.01.10 23:19:55.446,1.45317,1.45336,1.20,3.75
2016.01.10 23:19:55.851,1.45314,1.45332,1.45,1.00
2016.01.10 23:19:55.902,1.45314,1.45332,1.07,1.00
2016.01.10 23:19:55.953,1.4531,1.45331,1.35,2.25
2016.01.10 23:19:56.054,1.4531,1.45328,1.20,1.00
2016.01.10 23:19:56.257,1.45308,1.45333,3.90,2.25
2016.01.10 23:19:57.433,1.45309,1.45329,1.05,3.37
2016.01.10 23:19:57.750,1.45306,1.45329,1.05,3.75
2016.01.10 23:19:58.054,1.45305,1.45327,1.50,2.25
2016.01.10 23:19:58.206,1.45303,1.45328,2.25,4.50
2016.01.10 23:19:58.257,1.453,1.45321,1.20,3.75
2016.01.10 23:19:58.561,1.45295,1.45308,1.12,1.00
2016.01.10 23:19:58.611,1.4529,1.45308,1.87,1.00
2016.01.10 23:19:58.662,1.45294,1.45315,1.12,3.75
2016.01.10 23:19:58.713,1.4529,1.45315,2.70,3.75
2016.01.10 23:19:58.764,1.4529,1.45313,1.20,3.75
2016.01.10 23:19:59.068,1.4529,1.45308,1.15,1.00
2016.01.10 23:19:59.405,1.45288,1.45309,1.27,2.25
2016.01.10 23:19:59.507,1.45286,1.45308,2.10,2.25
2016.01.10 23:19:59.558,1.45311,1.45321,6.75,1.20
2016.01.10 23:19:59.610,1.45316,1.45325,2.25,1.12
2016.01.10 23:19:59.661,1.45308,1.45319,1.00,1.47
2016.01.10 23:19:59.712,1.45298,1.45319,1.12,1.37
2016.01.10 23:19:59.763,1.45301,1.45324,3.75,2.25
2016.01.10 23:19:59.864,1.45303,1.45321,1.00,1.00
2016.01.10 23:20:00.069,1.45302,1.45325,3.75,2.25
2016.01.10 23:20:00.170,1.45306,1.45324,1.00,1.00
2016.01.10 23:20:00.576,1.45306,1.45324,1.00,1.37
2016.01.10 23:20:01.106,1.45301,1.45324,3.75,2.70
2016.01.10 23:20:01.157,1.45299,1.45322,2.25,3.90
2016.01.10 23:20:01.259,1.45297,1.4532,2.25,3.82
2016.01.10 23:20:01.760,1.45296,1.45317,3.75,1.87
2016.01.10 23:20:02.882,1.45296,1.45318,3.82,1.20
2016.01.10 23:20:03.412,1.45296,1.45319,3.90,3.00
2016.01.10 23:20:03.883,1.45296,1.45314,1.00,1.15
2016.01.10 23:20:03.985,1.4529,1.45314,2.70,1.20
2016.01.10 23:20:04.226,1.45287,1.45312,2.40,3.90
2016.01.10 23:20:04.277,1.45289,1.45307,1.15,1.00
2016.01.10 23:20:04.581,1.45287,1.45308,1.05,1.87
2016.01.10 23:20:04.682,1.45287,1.45311,1.05,3.82
2016.01.10 23:20:06.855,1.45288,1.45311,3.97,3.82
2016.01.10 23:20:06.958,1.45292,1.4531,1.00,1.00
2016.01.10 23:20:07.160,1.45294,1.45314,1.00,1.20
2016.01.10 23:20:07.490,1.45292,1.45315,3.75,2.70
2016.01.10 23:20:08.346,1.45294,1.45316,2.25,1.50
2016.01.10 23:20:09.670,1.45291,1.45315,2.25,1.20
2016.01.10 23:20:10.161,1.45291,1.45316,2.70,3.90
2016.01.10 23:20:10.758,1.45292,1.45316,3.90,3.90
2016.01.10 23:20:11.279,1.45293,1.45316,3.90,2.40
2016.01.10 23:20:14.895,1.45296,1.45318,2.25,1.45
2016.01.10 23:20:15.221,1.45298,1.4532,2.25,1.20
2016.01.10 23:20:15.736,1.45298,1.45321,2.32,3.90
2016.01.10 23:20:16.105,1.45299,1.45323,2.40,1.90
2016.01.10 23:20:16.428,1.45299,1.45321,2.25,1.12
2016.01.10 23:20:16.479,1.45295,1.45316,3.82,1.20
2016.01.10 23:20:16.530,1.45296,1.45318,1.12,2.70
2016.01.10 23:20:16.682,1.45294,1.45318,1.50,3.90
2016.01.10 23:20:16.885,1.45296,1.4532,2.40,1.50
2016.01.10 23:20:17.293,1.45298,1.45316,1.00,1.17
2016.01.10 23:20:17.614,1.45297,1.4532,4.57,2.40
2016.01.10 23:20:17.766,1.453,1.45324,3.90,2.40
2016.01.10 23:20:17.868,1.45302,1.45326,2.70,2.70
2016.01.10 23:20:18.183,1.45305,1.45329,2.40,1.57
2016.01.10 23:20:18.519,1.45311,1.45329,1.00,1.27
2016.01.10 23:20:18.924,1.45311,1.45329,1.00,1.45
2016.01.10 23:20:21.019,1.45311,1.45329,1.00,1.15
2016.01.10 23:20:21.331,1.45311,1.45329,1.07,1.20
2016.01.10 23:20:21.584,1.4531,1.45333,3.82,2.70
2016.01.10 23:20:22.521,1.45315,1.45333,1.00,1.20
2016.01.10 23:20:22.701,1.45315,1.45333,1.00,1.15
2016.01.10 23:20:28.972,1.45315,1.45333,1.00,1.15
2016.01.10 23:20:30.889,1.45313,1.45333,2.40,1.15
2016.01.10 23:20:33.231,1.45313,1.4533,2.40,1.00
2016.01.10 23:20:33.483,1.45313,1.45333,2.32,1.27
2016.01.10 23:20:34.360,1.45313,1.45333,2.25,1.27
2016.01.10 23:20:38.282,1.45313,1.45334,2.32,1.52
2016.01.10 23:20:39.821,1.45321,1.45338,3.75,1.50
2016.01.10 23:20:39.872,1.45321,1.45338,3.75,1.45
2016.01.10 23:20:39.923,1.45323,1.45341,2.32,1.37
2016.01.10 23:20:39.974,1.45323,1.45346,2.40,1.27
2016.01.10 23:20:40.025,1.45325,1.45347,2.32,1.65
2016.01.10 23:20:40.227,1.45325,1.45347,2.25,1.27
2016.01.10 23:20:40.360,1.45325,1.45347,2.25,1.57
2016.01.10 23:20:40.884,1.45325,1.45348,2.40,1.87
2016.01.10 23:20:41.203,1.45326,1.4535,1.20,3.75
2016.01.10 23:20:41.255,1.45333,1.45351,1.07,3.75
2016.01.10 23:20:41.407,1.45339,1.45361,4.50,1.12
2016.01.10 23:20:41.458,1.45345,1.45363,1.00,1.52
2016.01.10 23:20:41.763,1.45348,1.45371,3.00,3.90
2016.01.10 23:20:41.815,1.45355,1.45378,2.25,1.50
2016.01.10 23:20:41.866,1.45355,1.45378,2.25,1.20
2016.01.10 23:20:41.917,1.45359,1.45379,1.12,1.12
2016.01.10 23:20:41.968,1.45359,1.45383,1.20,1.00
2016.01.10 23:20:42.019,1.45359,1.45383,1.20,1.07
2016.01.10 23:20:44.005,1.45359,1.45383,1.50,1.17
2016.01.10 23:20:44.056,1.45359,1.45383,1.50,1.10
2016.01.10 23:20:44.563,1.45359,1.45383,1.50,1.47
2016.01.10 23:20:46.987,1.45359,1.45383,1.50,1.47
2016.01.10 23:20:48.185,1.45359,1.45383,1.20,1.45
2016.01.10 23:20:48.742,1.45358,1.45383,1.20,1.52
2016.01.10 23:20:51.367,1.45361,1.45383,1.12,1.52
2016.01.10 23:20:56.388,1.45361,1.45383,1.20,1.55
2016.01.10 23:20:57.412,1.45361,1.45383,1.20,1.55
2016.01.10 23:21:03.509,1.45359,1.45386,1.75,1.65
2016.01.10 23:21:03.618,1.45359,1.45386,1.87,1.65
2016.01.10 23:21:10.404,1.45359,1.45386,1.87,1.10
2016.01.10 23:21:14.141,1.45359,1.45386,1.75,1.10
2016.01.10 23:21:18.248,1.45359,1.45386,1.75,1.15
