2016.01.18 19:00:00.142,1.42518,1.42526,1.37,1.00
2016.01.18 19:00:00.668,1.42518,1.42527,1.37,1.50
2016.01.18 19:00:01.212,1.42517,1.42527,2.32,1.50
2016.01.18 19:00:02.614,1.42517,1.42528,2.70,1.37
2016.01.18 19:00:04.996,1.42518,1.42528,1.20,1.37
2016.01.18 19:00:05.709,1.42518,1.42529,1.57,2.25
2016.01.18 19:00:08.090,1.42518,1.42529,1.10,2.25
2016.01.18 19:00:08.598,1.42518,1.42529,1.87,2.70
2016.01.18 19:00:09.120,1.42518,1.42529,1.12,2.70
2016.01.18 19:00:09.769,1.42518,1.42529,1.87,2.70
2016.01.18 19:00:10.566,1.42516,1.42526,1.37,1.20
2016.01.18 19:00:10.820,1.42514,1.42523,1.00,1.00
2016.01.18 19:00:10.872,1.42512,1.42522,1.00,1.00
2016.01.18 19:00:10.974,1.42514,1.42523,1.00,2.77
2016.01.18 19:00:11.583,1.42514,1.42524,2.02,1.12
2016.01.18 19:00:12.084,1.42513,1.42522,1.00,1.00
2016.01.18 19:00:12.135,1.4251,1.42522,1.00,1.50
2016.01.18 19:00:12.186,1.42509,1.42521,1.10,1.87
2016.01.18 19:00:12.390,1.42507,1.4252,1.27,1.47
2016.01.18 19:00:20.944,1.42508,1.4252,1.00,1.95
2016.01.18 19:00:24.609,1.42508,1.4252,1.87,2.02
2016.01.18 19:00:25.993,1.42507,1.4252,2.25,2.02
2016.01.18 19:00:26.626,1.42508,1.42519,1.37,1.10
2016.01.18 19:00:27.148,1.42507,1.42519,2.25,1.10
2016.01.18 19:00:28.040,1.42509,1.42519,1.00,1.57
2016.01.18 19:00:28.091,1.42509,1.42519,1.00,1.95
2016.01.18 19:00:28.143,1.42507,1.42517,1.12,1.00
2016.01.18 19:00:28.246,1.42505,1.42518,2.25,4.95
2016.01.18 19:00:28.551,1.42506,1.42518,1.37,6.07
2016.01.18 19:00:29.241,1.42506,1.42512,1.37,1.00
2016.01.18 19:00:29.292,1.42503,1.42512,1.37,1.00
2016.01.18 19:00:29.344,1.42501,1.42509,1.57,2.85
2016.01.18 19:00:29.549,1.42503,1.42513,1.00,3.37
2016.01.18 19:00:29.601,1.42504,1.42513,1.37,2.25
2016.01.18 19:00:29.652,1.42504,1.42514,1.37,1.00
2016.01.18 19:00:29.704,1.42509,1.42514,1.37,1.10
2016.01.18 19:00:29.806,1.42507,1.42514,1.37,1.10
2016.01.18 19:00:29.908,1.42503,1.42515,1.75,4.12
2016.01.18 19:00:29.960,1.42504,1.42515,1.50,4.12
2016.01.18 19:00:30.508,1.42505,1.42515,3.45,1.12
2016.01.18 19:00:31.210,1.42507,1.42518,1.00,1.45
2016.01.18 19:00:31.748,1.42507,1.42518,1.07,1.12
2016.01.18 19:00:41.713,1.42507,1.42518,1.00,1.45
2016.01.18 19:00:42.764,1.42506,1.42518,2.25,1.50
2016.01.18 19:00:43.310,1.42506,1.42517,2.62,1.20
2016.01.18 19:00:43.826,1.42507,1.42517,1.37,1.20
2016.01.18 19:00:44.358,1.42506,1.42517,2.62,1.20
2016.01.18 19:00:44.913,1.42507,1.42517,1.37,1.20
2016.01.18 19:00:45.540,1.42506,1.42517,2.62,1.20
2016.01.18 19:00:46.085,1.42506,1.42517,1.87,1.20
2016.01.18 19:00:47.319,1.42506,1.42517,2.62,1.20
2016.01.18 19:00:47.916,1.42506,1.42517,1.87,1.20
2016.01.18 19:00:48.718,1.42506,1.42517,2.62,1.20
2016.01.18 19:00:49.434,1.42506,1.42517,1.87,1.20
2016.01.18 19:00:50.367,1.42506,1.42517,2.62,1.20
2016.01.18 19:00:50.672,1.42507,1.42514,1.37,1.12
2016.01.18 19:00:51.181,1.42507,1.42514,1.37,1.87
2016.01.18 19:00:51.685,1.42508,1.42514,1.37,2.62
2016.01.18 19:00:55.568,1.42507,1.42514,1.37,1.20
2016.01.18 19:00:55.872,1.42502,1.42509,1.10,1.00
2016.01.18 19:00:55.923,1.425,1.42509,1.00,1.00
2016.01.18 19:00:56.431,1.42499,1.42509,1.00,1.20
2016.01.18 19:00:59.058,1.42499,1.42508,1.00,1.00
2016.01.18 19:00:59.211,1.42499,1.42508,1.00,1.57
2016.01.18 19:00:59.515,1.42499,1.42507,1.00,2.32
2016.01.18 19:00:59.617,1.42499,1.42507,1.00,2.02
2016.01.18 19:01:00.163,1.42498,1.42507,1.00,2.40
2016.01.18 19:01:00.704,1.42498,1.42505,1.00,1.00
2016.01.18 19:01:01.355,1.42498,1.42505,1.00,1.50
2016.01.18 19:01:01.406,1.42498,1.42504,1.00,1.12
2016.01.18 19:01:01.610,1.42498,1.42503,1.00,1.10
2016.01.18 19:01:02.119,1.42498,1.42506,1.00,2.92
2016.01.18 19:01:03.515,1.42498,1.42506,1.50,1.72
2016.01.18 19:01:06.627,1.42498,1.42508,1.50,1.87
2016.01.18 19:01:06.679,1.42498,1.42507,1.50,1.75
2016.01.18 19:01:06.781,1.42498,1.42508,1.50,1.50
2016.01.18 19:01:07.085,1.42498,1.42508,1.50,2.17
2016.01.18 19:01:07.302,1.42498,1.42508,1.50,1.75
2016.01.18 19:01:07.456,1.42498,1.42507,1.00,1.12
2016.01.18 19:01:07.558,1.42499,1.42508,1.00,1.50
2016.01.18 19:01:08.814,1.42499,1.42509,1.00,2.25
2016.01.18 19:01:10.108,1.42499,1.42509,1.00,2.02
2016.01.18 19:01:11.492,1.42499,1.42509,1.00,1.57
2016.01.18 19:01:12.029,1.42499,1.42509,1.00,1.87
2016.01.18 19:01:12.721,1.42499,1.42509,1.50,1.50
2016.01.18 19:01:14.137,1.42499,1.42509,1.50,1.45
2016.01.18 19:01:14.695,1.42499,1.42509,1.50,1.42
2016.01.18 19:01:20.612,1.42499,1.42509,1.87,1.57
2016.01.18 19:01:21.931,1.425,1.42509,1.12,1.57
2016.01.18 19:01:29.415,1.42501,1.4251,1.00,2.25
2016.01.18 19:01:31.716,1.42496,1.42498,1.50,1.00
2016.01.18 19:01:31.818,1.42501,1.42503,1.00,1.00
2016.01.18 19:01:31.971,1.425,1.42508,1.12,1.12
2016.01.18 19:01:32.072,1.425,1.4251,1.12,1.42
2016.01.18 19:01:32.276,1.42502,1.4251,1.00,1.05
2016.01.18 19:01:32.627,1.42501,1.4251,1.00,1.42
2016.01.18 19:01:32.882,1.42501,1.4251,1.00,1.12
2016.01.18 19:01:33.412,1.42501,1.4251,1.00,1.22
2016.01.18 19:01:34.018,1.42502,1.4251,1.00,1.22
2016.01.18 19:01:36.670,1.42507,1.4251,1.00,1.00
2016.01.18 19:01:38.520,1.42508,1.42512,1.00,1.00
2016.01.18 19:01:39.030,1.42507,1.42512,1.00,1.00
2016.01.18 19:01:41.289,1.42507,1.42513,1.00,1.50
2016.01.18 19:01:41.475,1.42507,1.42511,1.00,1.00
2016.01.18 19:01:42.906,1.42508,1.42511,1.00,1.00
2016.01.18 19:01:44.111,1.42507,1.42511,1.00,1.00
2016.01.18 19:01:44.806,1.42508,1.42511,1.00,1.00
2016.01.18 19:01:45.161,1.42508,1.42513,1.00,1.00
2016.01.18 19:01:46.023,1.42507,1.42513,1.00,1.00
2016.01.18 19:01:46.926,1.42507,1.42512,1.00,1.00
2016.01.18 19:01:47.079,1.42509,1.42512,1.00,1.00
2016.01.18 19:01:47.283,1.42509,1.42514,1.00,1.00
2016.01.18 19:01:47.835,1.42509,1.42513,1.00,1.00
2016.01.18 19:01:47.887,1.42509,1.42515,1.00,1.50
2016.01.18 19:01:56.226,1.4251,1.42515,1.00,1.00
2016.01.18 19:01:58.459,1.4251,1.42518,1.37,1.75
2016.01.18 19:02:00.966,1.4251,1.42516,1.37,1.00
2016.01.18 19:02:05.280,1.42509,1.42514,1.87,1.00
2016.01.18 19:02:05.808,1.42509,1.42514,1.87,1.00
2016.01.18 19:02:06.381,1.42509,1.42514,1.87,1.00
2016.01.18 19:02:07.682,1.42509,1.42514,1.00,1.00
2016.01.18 19:02:08.045,1.42509,1.42517,1.00,1.12
2016.01.18 19:02:08.557,1.42513,1.42517,1.00,1.12
2016.01.18 19:02:15.494,1.42513,1.42518,1.00,1.00
2016.01.18 19:02:18.446,1.42513,1.42519,1.00,1.00
2016.01.18 19:02:25.344,1.42513,1.4252,1.12,1.50
2016.01.18 19:02:25.649,1.42515,1.42523,1.10,1.50
2016.01.18 19:02:30.345,1.42516,1.42523,1.00,1.00
2016.01.18 19:02:30.700,1.42518,1.42523,1.00,1.00
2016.01.18 19:02:30.802,1.42515,1.42523,1.12,1.00
2016.01.18 19:02:31.311,1.42515,1.42524,1.12,1.00
2016.01.18 19:02:31.819,1.42516,1.42524,1.00,1.12
2016.01.18 19:02:32.357,1.42515,1.42524,1.12,1.50
2016.01.18 19:02:33.002,1.42517,1.42524,1.00,2.25
2016.01.18 19:02:33.194,1.42515,1.42524,1.12,2.25
2016.01.18 19:02:33.453,1.42517,1.42524,1.00,2.25
2016.01.18 19:02:33.658,1.42515,1.42524,1.12,2.25
2016.01.18 19:02:34.309,1.42513,1.42522,1.57,1.00
2016.01.18 19:02:34.821,1.42513,1.42522,1.37,1.12
2016.01.18 19:02:34.974,1.42513,1.42525,2.70,2.25
2016.01.18 19:02:35.076,1.42514,1.42525,1.50,2.25
2016.01.18 19:02:35.412,1.42517,1.42528,1.37,3.37
2016.01.18 19:02:36.513,1.42517,1.42528,1.37,3.00
2016.01.18 19:02:38.184,1.42517,1.42527,1.37,1.00
2016.01.18 19:02:38.499,1.42516,1.42527,2.70,1.00
2016.01.18 19:02:39.717,1.42516,1.42527,1.47,1.00
2016.01.18 19:02:39.820,1.42515,1.42523,1.57,2.25
2016.01.18 19:02:39.922,1.42512,1.42521,1.50,1.75
2016.01.18 19:02:40.024,1.42512,1.42519,1.20,1.50
2016.01.18 19:02:41.036,1.4251,1.42518,1.00,1.00
2016.01.18 19:02:41.789,1.42511,1.42521,1.00,1.12
2016.01.18 19:02:41.942,1.42511,1.42523,3.37,1.50
2016.01.18 19:02:42.044,1.42512,1.42524,1.12,1.50
2016.01.18 19:02:42.489,1.42514,1.42525,1.12,1.50
2016.01.18 19:02:43.237,1.42516,1.42527,1.00,1.57
2016.01.18 19:02:43.288,1.42516,1.42527,1.00,1.57
2016.01.18 19:02:43.794,1.42517,1.42528,1.00,2.62
2016.01.18 19:02:44.296,1.42514,1.42528,5.25,2.62
2016.01.18 19:02:44.654,1.42516,1.42528,1.95,1.87
2016.01.18 19:02:45.176,1.42516,1.42528,1.95,1.12
2016.01.18 19:02:46.218,1.42519,1.42529,1.00,1.87
2016.01.18 19:02:48.375,1.42516,1.42526,2.25,1.87
2016.01.18 19:02:48.631,1.42515,1.42526,1.45,3.00
2016.01.18 19:02:49.144,1.42514,1.42523,1.95,1.37
2016.01.18 19:02:49.694,1.42514,1.42523,1.57,1.37
2016.01.18 19:02:50.050,1.42518,1.42524,1.00,1.75
2016.01.18 19:02:50.152,1.42515,1.42526,1.57,1.95
2016.01.18 19:02:50.204,1.42515,1.42526,1.65,1.12
2016.01.18 19:02:50.370,1.42516,1.42528,3.15,1.87
2016.01.18 19:02:50.421,1.42516,1.42528,3.45,1.87
2016.01.18 19:02:50.929,1.42519,1.42528,1.37,1.12
2016.01.18 19:02:51.649,1.42518,1.4253,1.47,2.25
2016.01.18 19:02:52.699,1.4252,1.4253,1.00,1.75
2016.01.18 19:02:53.201,1.4252,1.42527,1.37,1.00
2016.01.18 19:02:53.932,1.4252,1.42527,1.12,1.00
2016.01.18 19:02:55.099,1.42516,1.42524,4.20,1.00
2016.01.18 19:02:55.696,1.42516,1.42524,2.70,1.00
2016.01.18 19:02:56.052,1.42516,1.42523,1.12,1.00
2016.01.18 19:02:56.105,1.42513,1.42522,2.25,1.37
2016.01.18 19:02:56.156,1.42513,1.42522,1.37,1.37
2016.01.18 19:02:56.207,1.42513,1.42518,1.37,1.00
2016.01.18 19:02:57.435,1.42513,1.42521,1.00,1.12
2016.01.18 19:03:00.762,1.42513,1.42522,1.37,2.25
2016.01.18 19:03:00.915,1.42514,1.42523,1.37,1.50
2016.01.18 19:03:01.729,1.42514,1.42523,1.12,1.00
2016.01.18 19:03:01.932,1.42514,1.42525,1.12,1.00
2016.01.18 19:03:03.685,1.42517,1.42525,1.00,1.00
2016.01.18 19:03:04.345,1.42516,1.42525,1.12,1.00
2016.01.18 19:03:07.072,1.42516,1.42522,1.10,1.00
2016.01.18 19:03:07.633,1.42513,1.42522,1.47,1.50
2016.01.18 19:03:08.188,1.42513,1.42522,1.47,1.50
2016.01.18 19:03:09.180,1.42512,1.42522,1.57,1.87
2016.01.18 19:03:10.598,1.42512,1.42522,1.37,3.00
2016.01.18 19:03:11.379,1.42512,1.42522,1.12,3.00
2016.01.18 19:03:28.291,1.42512,1.42521,1.47,1.37
2016.01.18 19:03:30.610,1.42512,1.42521,1.20,1.37
2016.01.18 19:04:06.253,1.42512,1.42519,1.00,1.00
2016.01.18 19:04:07.515,1.42512,1.42519,1.00,1.07
2016.01.18 19:04:09.438,1.42512,1.42518,1.00,1.50
2016.01.18 19:04:11.571,1.4251,1.42517,1.00,1.12
2016.01.18 19:04:11.623,1.4251,1.42514,1.00,1.00
2016.01.18 19:04:11.928,1.42507,1.42513,1.00,3.75
2016.01.18 19:04:12.522,1.42507,1.42513,1.00,3.75
2016.01.18 19:04:13.998,1.42507,1.42513,1.00,3.15
2016.01.18 19:04:14.213,1.42506,1.42512,1.00,1.27
2016.01.18 19:04:14.802,1.42506,1.42511,1.00,1.00
2016.01.18 19:04:15.607,1.42506,1.4251,1.00,1.00
2016.01.18 19:04:17.119,1.42505,1.42507,1.00,1.00
2016.01.18 19:04:17.170,1.42498,1.42505,1.50,1.37
2016.01.18 19:04:17.323,1.42498,1.42503,1.00,1.37
2016.01.18 19:04:17.425,1.42498,1.42504,1.00,2.25
2016.01.18 19:04:17.703,1.42498,1.42503,1.00,2.25
2016.01.18 19:04:18.817,1.42497,1.42501,1.00,1.57
2016.01.18 19:04:19.354,1.42497,1.42501,1.00,1.00
2016.01.18 19:04:20.336,1.42498,1.42502,1.00,1.12
2016.01.18 19:04:20.640,1.42498,1.42502,1.00,1.85
2016.01.18 19:04:20.948,1.42498,1.42503,1.00,3.45
2016.01.18 19:04:21.508,1.42498,1.42502,1.00,1.20
2016.01.18 19:04:23.090,1.42498,1.42503,1.00,2.70
2016.01.18 19:04:23.612,1.42499,1.42503,1.00,2.62
2016.01.18 19:04:24.601,1.42498,1.42503,1.00,1.37
2016.01.18 19:04:26.946,1.42502,1.42504,1.00,1.20
2016.01.18 19:04:27.100,1.42503,1.42508,1.00,1.12
2016.01.18 19:04:27.152,1.42502,1.42506,1.00,1.12
2016.01.18 19:04:27.203,1.42497,1.42507,1.57,1.87
2016.01.18 19:04:27.305,1.42502,1.42505,1.00,1.00
2016.01.18 19:04:27.510,1.42505,1.42509,1.00,1.12
2016.01.18 19:04:27.713,1.42506,1.4251,1.00,1.12
2016.01.18 19:04:29.483,1.42504,1.4251,1.00,1.00
2016.01.18 19:04:30.133,1.42502,1.42508,1.20,1.00
2016.01.18 19:04:30.658,1.42501,1.42507,1.00,1.12
2016.01.18 19:04:35.330,1.42501,1.42507,1.00,1.57
2016.01.18 19:04:37.254,1.42501,1.42503,1.00,1.00
2016.01.18 19:04:38.208,1.425,1.42504,1.00,1.12
2016.01.18 19:04:38.751,1.42501,1.42505,1.00,1.12
2016.01.18 19:04:40.356,1.42498,1.42505,1.50,1.00
2016.01.18 19:04:42.565,1.42499,1.42507,1.00,1.57
2016.01.18 19:04:42.870,1.42499,1.42508,1.20,1.00
2016.01.18 19:04:45.343,1.42499,1.42508,1.57,1.00
2016.01.18 19:04:45.445,1.42501,1.42511,1.95,1.12
2016.01.18 19:04:45.496,1.42501,1.42513,2.77,1.87
2016.01.18 19:04:45.547,1.42502,1.42509,1.85,1.00
2016.01.18 19:04:46.003,1.42499,1.42509,3.37,1.50
2016.01.18 19:04:46.309,1.42499,1.42509,1.57,1.57
2016.01.18 19:04:46.523,1.42498,1.42506,2.32,1.00
2016.01.18 19:04:46.878,1.42499,1.42502,1.00,1.12
2016.01.18 19:04:47.477,1.42498,1.42501,1.00,1.00
2016.01.18 19:04:48.830,1.42498,1.42502,1.00,1.80
2016.01.18 19:04:58.932,1.42498,1.42501,1.00,1.00
2016.01.18 19:05:00.114,1.42496,1.42501,1.00,1.00
2016.01.18 19:05:00.267,1.42494,1.42501,1.10,1.12
2016.01.18 19:05:00.810,1.42492,1.42501,1.07,1.87
2016.01.18 19:05:01.318,1.4249,1.42501,1.75,1.12
2016.01.18 19:05:02.236,1.4249,1.42499,1.12,1.00
2016.01.18 19:05:02.658,1.42488,1.42499,1.20,1.50
2016.01.18 19:05:07.688,1.42488,1.42498,1.07,1.07
2016.01.18 19:05:09.033,1.42488,1.42499,1.95,1.57
2016.01.18 19:05:24.483,1.42488,1.42499,1.95,1.57
2016.01.18 19:05:26.640,1.42488,1.425,1.50,1.85
2016.01.18 19:05:27.152,1.42489,1.42499,1.07,1.00
2016.01.18 19:05:36.116,1.42487,1.425,4.12,2.32
2016.01.18 19:05:39.184,1.42487,1.42498,3.07,1.10
2016.01.18 19:05:39.720,1.42488,1.42498,1.12,1.00
2016.01.18 19:05:43.290,1.42487,1.42499,3.45,1.87
2016.01.18 19:05:44.056,1.42488,1.42498,1.00,1.07
2016.01.18 19:05:48.901,1.42488,1.425,1.12,2.25
2016.01.18 19:05:49.409,1.42488,1.425,1.50,1.87
2016.01.18 19:05:54.065,1.42489,1.42501,1.12,3.00
2016.01.18 19:06:01.784,1.42491,1.42501,1.00,3.00
2016.01.18 19:06:02.078,1.42491,1.42501,1.12,1.20
2016.01.18 19:06:04.625,1.42492,1.42501,1.00,1.20
2016.01.18 19:06:04.676,1.42492,1.42501,1.37,1.95
2016.01.18 19:06:05.751,1.42492,1.42501,1.10,1.95
2016.01.18 19:06:06.286,1.42492,1.42501,1.00,1.57
2016.01.18 19:06:06.696,1.42492,1.42502,1.47,1.37
2016.01.18 19:06:07.207,1.42492,1.42502,1.50,1.50
2016.01.18 19:06:08.802,1.42493,1.42501,1.20,1.37
2016.01.18 19:06:09.310,1.42493,1.42502,1.20,1.37
2016.01.18 19:06:10.206,1.42493,1.42501,1.07,1.37
2016.01.18 19:06:10.819,1.42492,1.42502,1.45,1.50
2016.01.18 19:06:12.318,1.42492,1.42501,1.45,1.37
2016.01.18 19:06:13.524,1.42492,1.42502,1.45,1.50
2016.01.18 19:06:14.588,1.42492,1.42501,1.45,1.37
2016.01.18 19:06:15.122,1.42492,1.42502,1.45,1.50
2016.01.18 19:06:15.718,1.42492,1.42501,1.95,1.37
2016.01.18 19:06:16.279,1.42492,1.42502,1.95,1.50
2016.01.18 19:06:16.432,1.42494,1.42505,1.57,1.20
2016.01.18 19:06:16.534,1.42502,1.42509,1.00,1.20
2016.01.18 19:06:16.636,1.42504,1.42514,1.00,1.50
2016.01.18 19:06:16.738,1.42506,1.42515,1.00,1.95
2016.01.18 19:06:16.840,1.42511,1.42518,1.00,1.27
2016.01.18 19:06:17.358,1.42511,1.42518,1.00,1.00
2016.01.18 19:06:18.829,1.4251,1.42513,2.25,1.00
2016.01.18 19:06:19.127,1.42494,1.42502,1.50,1.50
2016.01.18 19:06:19.694,1.42494,1.42502,1.50,1.00
2016.01.18 19:06:23.026,1.42491,1.42502,2.25,1.50
2016.01.18 19:06:23.942,1.42491,1.42501,1.50,1.12
2016.01.18 19:06:24.566,1.42491,1.42501,1.50,1.37
2016.01.18 19:06:28.459,1.42491,1.42501,1.57,1.37
2016.01.18 19:06:28.993,1.42493,1.42502,1.00,1.57
2016.01.18 19:06:29.298,1.42491,1.42503,1.10,3.75
2016.01.18 19:06:30.352,1.42491,1.42502,1.00,2.62
2016.01.18 19:06:32.574,1.42491,1.42502,1.00,2.62
2016.01.18 19:06:47.554,1.42491,1.42501,1.12,1.10
2016.01.18 19:06:52.489,1.42491,1.42502,1.12,2.77
2016.01.18 19:06:59.070,1.4249,1.42501,1.37,1.10
2016.01.18 19:07:00.094,1.4249,1.42502,1.50,2.77
2016.01.18 19:07:01.632,1.4249,1.42502,1.00,3.52
2016.01.18 19:07:04.273,1.42489,1.42501,1.00,2.32
2016.01.18 19:07:05.460,1.4249,1.42501,1.00,2.25
2016.01.18 19:07:07.205,1.4249,1.42501,1.17,3.37
2016.01.18 19:07:07.716,1.4249,1.42501,1.20,2.25
2016.01.18 19:07:37.711,1.4249,1.42502,1.20,2.62
2016.01.18 19:07:55.640,1.4249,1.42502,1.20,2.62
2016.01.18 19:08:07.802,1.4249,1.42502,1.20,2.62
2016.01.18 19:08:11.149,1.4249,1.42502,1.20,2.62
2016.01.18 19:08:11.657,1.4249,1.42502,1.17,2.70
2016.01.18 19:08:12.761,1.4249,1.42502,1.50,3.37
2016.01.18 19:08:23.556,1.4249,1.42501,1.50,1.87
2016.01.18 19:08:39.183,1.4249,1.42502,1.87,2.40
2016.01.18 19:08:42.341,1.4249,1.42501,1.10,1.45
2016.01.18 19:09:09.271,1.4249,1.42501,1.10,2.32
2016.01.18 19:09:26.045,1.4249,1.42502,1.20,3.75
2016.01.18 19:09:26.546,1.4249,1.42501,1.20,2.02
2016.01.18 19:09:27.748,1.4249,1.42501,1.20,2.02
2016.01.18 19:09:28.984,1.4249,1.42502,1.27,2.62
2016.01.18 19:09:31.254,1.4249,1.42502,1.27,2.62
2016.01.18 19:09:34.597,1.4249,1.42502,1.27,2.25
2016.01.18 19:09:34.649,1.4249,1.42501,1.57,1.57
2016.01.18 19:09:35.157,1.4249,1.42501,1.50,1.12
2016.01.18 19:09:46.623,1.4249,1.42501,1.87,1.87
2016.01.18 19:09:48.585,1.4249,1.42501,1.27,1.87
2016.01.18 19:09:49.090,1.4249,1.42502,1.57,2.70
2016.01.18 19:09:51.225,1.4249,1.42502,1.50,3.00
2016.01.18 19:09:52.703,1.4249,1.42502,1.57,2.70
2016.01.18 19:09:54.502,1.4249,1.42502,1.57,2.70
2016.01.18 19:10:01.439,1.4249,1.42502,1.57,1.95
2016.01.18 19:10:01.917,1.42488,1.425,1.37,2.62
2016.01.18 19:10:02.019,1.42486,1.42498,1.95,1.52
2016.01.18 19:10:02.222,1.42482,1.42494,1.50,1.17
2016.01.18 19:10:02.325,1.42482,1.42493,1.12,1.27
2016.01.18 19:10:03.103,1.42482,1.42493,1.20,1.12
2016.01.18 19:10:06.906,1.42483,1.42493,1.00,1.47
2016.01.18 19:10:08.429,1.42479,1.42492,3.00,1.12
2016.01.18 19:10:08.531,1.42479,1.42492,1.10,2.32
2016.01.18 19:10:09.931,1.42479,1.42492,1.00,2.40
2016.01.18 19:10:11.825,1.4248,1.42492,1.37,2.02
2016.01.18 19:10:12.016,1.42481,1.42493,1.12,1.55
2016.01.18 19:10:12.524,1.42481,1.42493,1.87,1.87
2016.01.18 19:10:14.819,1.42485,1.42493,1.00,1.00
2016.01.18 19:10:14.870,1.42486,1.42495,1.00,1.20
2016.01.18 19:10:14.973,1.42486,1.425,1.87,3.82
2016.01.18 19:10:16.256,1.42487,1.425,1.50,1.95
2016.01.18 19:10:20.265,1.42487,1.425,1.00,1.95
2016.01.18 19:10:21.270,1.42487,1.425,1.00,1.95
2016.01.18 19:10:22.535,1.42487,1.425,1.12,1.95
2016.01.18 19:10:25.270,1.42487,1.425,1.37,1.47
2016.01.18 19:10:30.179,1.42487,1.425,1.00,1.47
2016.01.18 19:10:30.726,1.42486,1.42498,1.00,1.95
2016.01.18 19:10:31.031,1.42483,1.42495,1.12,2.25
2016.01.18 19:10:33.368,1.42483,1.42495,1.12,2.25
2016.01.18 19:10:34.545,1.42483,1.42495,1.12,2.25
2016.01.18 19:10:40.479,1.42483,1.42494,1.12,1.37
2016.01.18 19:10:43.574,1.42483,1.42494,1.12,1.37
2016.01.18 19:10:44.849,1.42483,1.42494,1.12,1.12
2016.01.18 19:10:50.480,1.42483,1.42494,1.00,1.27
2016.01.18 19:10:51.219,1.42482,1.42494,1.00,2.70
2016.01.18 19:11:25.621,1.42482,1.42494,1.00,3.15
2016.01.18 19:11:26.142,1.42483,1.42494,1.12,3.45
2016.01.18 19:11:28.570,1.42483,1.42494,1.12,3.07
2016.01.18 19:11:34.752,1.42482,1.42493,2.62,1.95
2016.01.18 19:11:35.588,1.42482,1.42493,1.87,1.65
2016.01.18 19:11:35.639,1.42481,1.42493,1.87,1.65
2016.01.18 19:11:35.741,1.42481,1.42493,1.87,1.65
2016.01.18 19:11:35.842,1.42481,1.42493,1.87,1.57
2016.01.18 19:11:36.045,1.42481,1.42493,1.87,1.87
2016.01.18 19:11:36.502,1.42481,1.42493,1.87,1.57
2016.01.18 19:11:36.957,1.42481,1.42493,1.87,1.95
2016.01.18 19:11:37.456,1.42481,1.42493,1.87,1.57
2016.01.18 19:11:37.507,1.42481,1.42493,1.87,1.65
2016.01.18 19:11:38.014,1.42481,1.42493,1.87,1.95
2016.01.18 19:11:38.571,1.42481,1.42493,1.87,1.95
2016.01.18 19:11:39.077,1.42481,1.42493,1.87,1.57
2016.01.18 19:11:39.583,1.42481,1.42493,1.87,1.12
2016.01.18 19:11:40.255,1.42481,1.42493,1.87,1.27
2016.01.18 19:11:40.762,1.42481,1.42493,1.87,1.55
2016.01.18 19:11:41.269,1.42481,1.42493,1.87,1.52
2016.01.18 19:11:41.826,1.42481,1.42493,1.87,1.47
2016.01.18 19:11:42.151,1.42481,1.42493,1.87,1.57
2016.01.18 19:11:48.899,1.42481,1.42493,1.12,1.27
2016.01.18 19:11:50.168,1.4248,1.42494,3.75,1.57
2016.01.18 19:11:50.358,1.4248,1.42494,3.37,2.25
2016.01.18 19:11:50.460,1.42481,1.42494,1.37,1.87
2016.01.18 19:11:50.815,1.4248,1.42494,3.37,1.95
2016.01.18 19:11:51.322,1.4248,1.42492,3.37,1.55
2016.01.18 19:11:51.879,1.4248,1.42494,3.37,1.65
2016.01.18 19:11:52.393,1.4248,1.42493,3.37,1.27
2016.01.18 19:11:52.900,1.4248,1.42492,3.37,1.55
2016.01.18 19:11:53.408,1.4248,1.42492,3.37,1.55
2016.01.18 19:11:53.915,1.4248,1.42492,2.25,1.27
2016.01.18 19:11:54.703,1.42482,1.42493,1.00,1.52
2016.01.18 19:11:55.210,1.42482,1.42493,1.00,1.57
2016.01.18 19:11:55.616,1.42482,1.42493,1.00,1.52
2016.01.18 19:11:55.970,1.42482,1.42493,1.00,1.57
2016.01.18 19:11:56.175,1.42482,1.42493,1.00,1.52
2016.01.18 19:11:56.581,1.42483,1.42494,1.87,3.00
2016.01.18 19:11:57.646,1.42482,1.42493,1.00,2.02
2016.01.18 19:11:58.503,1.42482,1.42494,1.00,3.07
2016.01.18 19:11:59.820,1.42482,1.42494,1.00,2.32
2016.01.18 19:12:00.711,1.42482,1.42493,1.00,1.57
2016.01.18 19:12:01.370,1.42482,1.42494,1.00,3.00
2016.01.18 19:12:01.877,1.42481,1.42494,1.00,2.70
2016.01.18 19:12:01.929,1.42483,1.42494,1.87,2.70
2016.01.18 19:12:02.118,1.42483,1.42494,1.87,2.02
2016.01.18 19:12:02.624,1.42483,1.42494,1.87,2.62
2016.01.18 19:12:02.726,1.42483,1.42494,1.87,2.02
2016.01.18 19:12:02.777,1.42483,1.42494,1.87,2.32
2016.01.18 19:12:04.145,1.42481,1.42493,1.50,1.15
2016.01.18 19:12:04.678,1.42482,1.42493,1.00,1.20
2016.01.18 19:12:05.185,1.42482,1.42493,1.00,1.65
2016.01.18 19:12:05.742,1.42482,1.42493,1.00,2.32
2016.01.18 19:12:06.250,1.42481,1.42493,1.00,3.07
2016.01.18 19:12:06.758,1.42482,1.42493,1.00,2.77
2016.01.18 19:12:07.264,1.42483,1.42493,1.00,2.32
2016.01.18 19:12:07.467,1.42481,1.42493,1.50,2.02
2016.01.18 19:12:07.822,1.42483,1.42493,1.00,2.77
2016.01.18 19:12:08.392,1.42483,1.42493,1.00,3.07
2016.01.18 19:12:08.899,1.4248,1.42493,1.12,2.77
2016.01.18 19:12:09.406,1.4248,1.42493,1.12,2.70
2016.01.18 19:12:10.042,1.4248,1.42492,1.12,1.27
2016.01.18 19:12:10.802,1.4248,1.42493,1.12,1.57
2016.01.18 19:12:11.322,1.42481,1.42493,1.00,2.32
2016.01.18 19:12:12.032,1.42481,1.42492,1.00,1.27
2016.01.18 19:12:12.894,1.42483,1.42492,1.00,1.27
2016.01.18 19:12:13.416,1.42483,1.42493,1.00,3.07
2016.01.18 19:12:13.924,1.42483,1.42493,1.00,1.52
2016.01.18 19:12:14.634,1.42481,1.42493,1.00,2.02
2016.01.18 19:12:15.155,1.42482,1.42493,1.00,2.02
2016.01.18 19:12:15.966,1.42482,1.42493,1.00,2.32
2016.01.18 19:12:16.473,1.42482,1.42492,1.00,1.17
2016.01.18 19:12:17.941,1.42482,1.42493,1.00,2.32
2016.01.18 19:12:18.448,1.42482,1.42491,1.00,1.10
2016.01.18 19:12:18.950,1.42483,1.42493,1.00,1.95
2016.01.18 19:12:19.508,1.42483,1.42492,1.00,1.27
2016.01.18 19:12:20.015,1.42483,1.42493,1.00,1.95
2016.01.18 19:12:20.533,1.42483,1.42493,1.00,1.65
2016.01.18 19:12:21.145,1.4248,1.42493,2.62,1.65
2016.01.18 19:12:21.348,1.42482,1.42493,1.00,1.65
2016.01.18 19:12:21.867,1.42481,1.42492,1.00,1.17
2016.01.18 19:12:22.374,1.42482,1.42492,1.00,1.15
2016.01.18 19:12:22.881,1.42482,1.42493,1.00,2.40
2016.01.18 19:12:25.792,1.42482,1.42493,1.00,1.57
2016.01.18 19:12:26.652,1.42482,1.42493,1.00,2.02
2016.01.18 19:12:27.218,1.42482,1.42492,1.00,1.65
2016.01.18 19:12:27.675,1.42482,1.42492,1.37,3.15
2016.01.18 19:12:27.879,1.42479,1.42488,1.12,1.50
2016.01.18 19:12:31.442,1.42481,1.42489,1.00,1.12
2016.01.18 19:12:34.046,1.42481,1.42488,1.00,1.12
2016.01.18 19:12:34.352,1.42483,1.42488,1.00,1.12
2016.01.18 19:12:34.453,1.4248,1.42488,1.00,1.12
2016.01.18 19:12:35.243,1.4248,1.42489,1.00,1.12
2016.01.18 19:12:35.793,1.4248,1.4249,1.00,1.12
2016.01.18 19:12:36.210,1.42483,1.42489,1.00,1.82
2016.01.18 19:12:36.366,1.4248,1.42489,1.00,1.87
2016.01.18 19:12:36.909,1.4248,1.42489,1.00,2.25
2016.01.18 19:12:50.759,1.4248,1.4249,1.00,2.32
2016.01.18 19:12:53.138,1.4248,1.4249,1.00,2.32
2016.01.18 19:12:57.346,1.4248,1.4249,1.00,1.52
2016.01.18 19:13:07.156,1.4248,1.4249,1.00,2.02
2016.01.18 19:13:09.658,1.4248,1.4249,1.00,2.02
2016.01.18 19:13:18.147,1.4248,1.4249,1.00,1.52
2016.01.18 19:13:19.282,1.4248,1.4249,1.00,1.65
2016.01.18 19:13:24.153,1.4248,1.4249,1.00,1.65
2016.01.18 19:13:33.626,1.42479,1.4249,1.00,1.90
2016.01.18 19:13:42.115,1.42479,1.4249,1.00,1.52
2016.01.18 19:13:46.714,1.42479,1.4249,1.00,1.52
2016.01.18 19:13:47.242,1.42479,1.4249,1.00,2.02
2016.01.18 19:13:48.457,1.42481,1.4249,1.00,1.55
2016.01.18 19:13:56.030,1.42481,1.4249,1.00,2.70
2016.01.18 19:13:58.197,1.42481,1.4249,1.00,3.45
2016.01.18 19:14:03.613,1.42481,1.4249,1.00,3.07
2016.01.18 19:14:04.119,1.4248,1.42489,1.00,1.50
2016.01.18 19:14:04.622,1.4248,1.42489,1.00,2.25
2016.01.18 19:14:49.084,1.4248,1.42489,1.00,1.87
2016.01.18 19:14:52.468,1.4248,1.42489,1.00,1.87
2016.01.18 19:14:54.600,1.4248,1.42489,1.00,1.87
2016.01.18 19:14:56.805,1.4248,1.42488,1.00,1.12
2016.01.18 19:14:58.980,1.4248,1.42487,1.50,1.07
2016.01.18 19:15:04.455,1.4248,1.4249,1.87,1.50
2016.01.18 19:15:04.506,1.4248,1.4249,1.87,1.12
2016.01.18 19:15:07.708,1.42481,1.42489,1.12,1.07
2016.01.18 19:15:08.239,1.42481,1.4249,1.12,1.07
2016.01.18 19:15:10.140,1.42481,1.4249,1.12,1.12
2016.01.18 19:15:13.394,1.42481,1.42491,1.12,1.85
2016.01.18 19:15:17.333,1.42482,1.42491,1.00,2.32
2016.01.18 19:15:19.755,1.42481,1.42491,1.12,1.12
2016.01.18 19:15:20.501,1.42481,1.42491,1.12,1.12
2016.01.18 19:15:36.165,1.42481,1.4249,1.00,1.45
2016.01.18 19:16:09.157,1.42482,1.42491,1.00,1.82
2016.01.18 19:16:10.050,1.42482,1.42491,1.00,1.82
2016.01.18 19:16:22.983,1.42481,1.4249,1.00,1.82
2016.01.18 19:16:34.721,1.42481,1.4249,1.00,1.20
2016.01.18 19:16:51.110,1.42481,1.4249,1.00,1.55
2016.01.18 19:16:54.520,1.42481,1.4249,1.00,1.45
2016.01.18 19:16:55.527,1.42481,1.4249,1.00,2.32
2016.01.18 19:16:59.758,1.4248,1.42491,1.00,2.02
2016.01.18 19:17:01.770,1.4248,1.4249,1.00,1.37
2016.01.18 19:17:04.263,1.42483,1.4249,1.00,1.37
2016.01.18 19:17:05.570,1.42483,1.42489,1.00,1.12
2016.01.18 19:17:05.780,1.42478,1.42489,1.20,1.12
2016.01.18 19:17:06.673,1.42482,1.42489,1.00,1.12
2016.01.18 19:17:40.329,1.42482,1.42491,1.00,1.12
2016.01.18 19:17:48.913,1.42482,1.42491,1.00,1.87
2016.01.18 19:18:02.147,1.42482,1.42491,1.00,1.12
2016.01.18 19:18:06.155,1.42482,1.42489,1.00,1.00
2016.01.18 19:18:08.362,1.42482,1.42491,1.00,1.12
2016.01.18 19:19:02.498,1.42482,1.4249,1.00,1.20
2016.01.18 19:19:11.119,1.42482,1.42489,1.00,1.12
2016.01.18 19:19:24.347,1.42482,1.4249,1.00,1.10
2016.01.18 19:19:27.956,1.42482,1.42491,1.12,3.07
2016.01.18 19:19:34.820,1.42482,1.42488,1.12,1.00
2016.01.18 19:19:45.068,1.42482,1.42491,1.00,1.57
2016.01.18 19:19:46.571,1.42482,1.42491,1.00,1.57
2016.01.18 19:19:47.732,1.42481,1.42491,1.12,1.57
2016.01.18 19:19:48.877,1.42481,1.42491,1.12,1.57
2016.01.18 19:20:02.192,1.42481,1.42491,1.12,2.70
2016.01.18 19:20:04.593,1.42481,1.42491,1.12,1.57
2016.01.18 19:20:10.382,1.42483,1.42491,1.00,3.07
2016.01.18 19:20:24.787,1.42481,1.42491,1.12,1.87
2016.01.18 19:20:45.084,1.42481,1.42489,1.12,1.07
2016.01.18 19:20:45.615,1.4248,1.42489,1.37,1.87
2016.01.18 19:20:55.633,1.42481,1.42489,1.12,1.57
2016.01.18 19:20:56.149,1.42481,1.42489,1.12,1.20
2016.01.18 19:21:18.153,1.42481,1.42489,1.12,1.47
2016.01.18 19:21:25.676,1.4248,1.42489,1.37,1.20
2016.01.18 19:21:28.607,1.4248,1.42489,1.37,1.47
2016.01.18 19:21:29.818,1.4248,1.42489,1.37,1.20
2016.01.18 19:21:39.227,1.4248,1.42489,1.37,1.47
2016.01.18 19:21:51.621,1.4248,1.4249,1.37,1.57
2016.01.18 19:21:52.678,1.4248,1.4249,1.37,1.95
2016.01.18 19:22:00.227,1.4248,1.4249,1.37,1.57
2016.01.18 19:22:01.140,1.4248,1.4249,1.37,1.07
2016.01.18 19:22:01.651,1.4248,1.4249,1.37,1.12
2016.01.18 19:22:07.614,1.4248,1.4249,1.87,1.12
2016.01.18 19:22:37.628,1.4248,1.4249,1.87,2.25
2016.01.18 19:22:44.395,1.42481,1.4249,1.12,1.95
2016.01.18 19:22:52.732,1.4248,1.42489,1.87,1.12
2016.01.18 19:22:55.648,1.4248,1.42489,1.12,1.20
2016.01.18 19:22:55.800,1.42479,1.42487,1.37,1.17
2016.01.18 19:22:55.902,1.42477,1.42487,1.87,1.27
2016.01.18 19:22:56.662,1.42477,1.42487,2.25,1.12
2016.01.18 19:22:57.229,1.42477,1.42486,2.62,1.00
2016.01.18 19:22:58.417,1.42478,1.42486,1.50,1.00
2016.01.18 19:23:00.325,1.42478,1.42486,1.12,1.50
2016.01.18 19:23:00.427,1.42473,1.42486,2.25,2.25
2016.01.18 19:23:00.478,1.42472,1.42482,1.12,1.50
2016.01.18 19:23:00.530,1.42471,1.42482,1.37,1.50
2016.01.18 19:23:00.733,1.42469,1.42482,1.87,1.87
2016.01.18 19:23:00.930,1.42469,1.42482,1.00,2.25
2016.01.18 19:23:02.289,1.42469,1.42482,1.00,2.32
2016.01.18 19:23:02.391,1.42469,1.42482,1.00,2.02
2016.01.18 19:23:03.218,1.42469,1.42482,1.00,2.02
2016.01.18 19:23:05.866,1.42472,1.42482,1.00,1.27
2016.01.18 19:23:06.171,1.42478,1.42489,1.37,1.27
2016.01.18 19:23:06.995,1.42478,1.42489,1.37,1.57
2016.01.18 19:23:10.690,1.42478,1.42489,1.47,1.42
2016.01.18 19:23:11.200,1.42478,1.42489,1.47,1.42
2016.01.18 19:23:23.746,1.42479,1.42491,1.50,2.17
2016.01.18 19:23:36.242,1.4248,1.4249,1.50,1.57
2016.01.18 19:23:52.694,1.42479,1.42488,1.50,1.17
2016.01.18 19:24:07.733,1.42479,1.42488,1.50,1.17
2016.01.18 19:24:07.954,1.42481,1.4249,1.12,1.17
2016.01.18 19:24:08.283,1.42481,1.42492,1.12,2.40
2016.01.18 19:24:08.657,1.42481,1.42492,1.37,2.40
2016.01.18 19:24:14.246,1.42482,1.42492,1.50,1.65
2016.01.18 19:24:16.128,1.42483,1.42492,1.00,1.65
2016.01.18 19:24:20.388,1.42483,1.42491,1.37,1.12
2016.01.18 19:24:20.490,1.42483,1.42493,1.37,3.07
2016.01.18 19:24:20.592,1.42488,1.42493,1.12,1.00
2016.01.18 19:24:20.694,1.42489,1.42498,1.00,1.37
2016.01.18 19:24:20.795,1.42492,1.425,1.00,1.12
2016.01.18 19:24:21.303,1.42491,1.425,1.12,1.12
2016.01.18 19:24:21.811,1.4249,1.425,1.12,1.12
2016.01.18 19:24:22.256,1.4249,1.42501,1.12,2.77
2016.01.18 19:24:24.185,1.42493,1.42501,1.00,2.02
2016.01.18 19:24:24.471,1.42491,1.42501,1.00,2.02
2016.01.18 19:24:34.489,1.42493,1.42501,1.00,2.02
2016.01.18 19:24:39.680,1.42491,1.42501,1.00,1.65
2016.01.18 19:24:53.495,1.42489,1.425,2.25,1.00
2016.01.18 19:24:54.478,1.42489,1.425,2.25,1.00
2016.01.18 19:24:54.529,1.42491,1.425,1.00,1.00
2016.01.18 19:25:01.816,1.42491,1.425,1.37,1.00
2016.01.18 19:25:03.404,1.42491,1.425,1.00,1.00
2016.01.18 19:25:05.488,1.4249,1.425,1.12,1.00
2016.01.18 19:25:08.505,1.42491,1.425,1.00,1.00
2016.01.18 19:25:09.048,1.42492,1.42501,1.12,1.00
2016.01.18 19:25:09.660,1.42492,1.42501,1.00,1.37
2016.01.18 19:25:10.480,1.42492,1.42501,1.37,2.62
2016.01.18 19:25:10.998,1.42492,1.42501,1.37,1.50
2016.01.18 19:25:12.777,1.42492,1.42501,1.00,1.12
2016.01.18 19:25:13.284,1.42492,1.42501,1.00,3.00
2016.01.18 19:25:15.107,1.4249,1.42501,1.37,3.00
2016.01.18 19:25:21.255,1.42491,1.42501,1.12,2.25
2016.01.18 19:25:24.375,1.42491,1.42501,1.12,3.07
2016.01.18 19:25:25.052,1.42491,1.42501,1.12,2.32
2016.01.18 19:25:26.785,1.42491,1.42501,1.12,1.95
2016.01.18 19:25:27.795,1.42489,1.42501,1.50,1.95
2016.01.18 19:25:30.207,1.42489,1.42501,1.50,2.70
2016.01.18 19:25:30.709,1.42489,1.42501,1.50,1.95
2016.01.18 19:25:31.210,1.42489,1.42501,2.25,2.70
2016.01.18 19:25:33.216,1.42491,1.42501,1.12,2.70
2016.01.18 19:25:33.809,1.42491,1.42501,1.12,2.70
2016.01.18 19:25:36.362,1.42491,1.42501,1.12,3.07
2016.01.18 19:25:37.639,1.42491,1.425,1.37,1.00
2016.01.18 19:25:39.178,1.42489,1.42501,1.87,2.70
2016.01.18 19:25:41.286,1.42489,1.42501,1.87,3.45
2016.01.18 19:25:42.245,1.42489,1.42501,1.87,3.07
2016.01.18 19:25:45.337,1.4249,1.42501,1.37,1.57
2016.01.18 19:25:45.845,1.4249,1.42501,1.37,2.32
2016.01.18 19:25:45.901,1.4249,1.42501,1.37,1.57
2016.01.18 19:25:46.445,1.4249,1.42501,1.37,1.95
2016.01.18 19:25:46.603,1.4249,1.42501,1.37,1.20
2016.01.18 19:25:48.426,1.4249,1.42501,1.37,1.47
2016.01.18 19:25:49.514,1.4249,1.42501,1.37,1.20
2016.01.18 19:25:51.439,1.42489,1.42501,1.37,1.95
2016.01.18 19:25:51.540,1.42489,1.42501,1.37,1.20
2016.01.18 19:25:52.613,1.42489,1.42501,1.37,1.95
2016.01.18 19:25:53.114,1.42489,1.42501,1.37,1.20
2016.01.18 19:25:56.519,1.42491,1.42501,1.37,1.95
2016.01.18 19:25:57.220,1.42491,1.42501,1.37,2.32
2016.01.18 19:25:58.922,1.42491,1.42501,1.37,1.95
2016.01.18 19:25:59.617,1.4249,1.42501,1.87,1.95
2016.01.18 19:26:02.539,1.4249,1.42501,1.37,1.95
2016.01.18 19:26:03.138,1.4249,1.42501,1.37,1.95
2016.01.18 19:26:04.129,1.4249,1.42501,1.37,1.95
2016.01.18 19:26:04.634,1.4249,1.42501,1.37,2.25
2016.01.18 19:26:07.645,1.42491,1.425,1.12,1.07
2016.01.18 19:26:09.504,1.42491,1.42501,1.12,2.02
2016.01.18 19:26:16.429,1.4249,1.42501,1.50,3.00
2016.01.18 19:26:18.497,1.42491,1.42501,1.12,3.00
2016.01.18 19:26:19.021,1.4249,1.425,1.37,1.45
2016.01.18 19:26:31.303,1.4249,1.42501,1.37,3.37
2016.01.18 19:26:37.674,1.42491,1.42501,1.37,2.62
2016.01.18 19:26:50.473,1.42491,1.42494,1.37,1.00
2016.01.18 19:26:50.575,1.42489,1.42499,1.00,2.02
2016.01.18 19:26:50.627,1.42487,1.42498,1.37,1.12
2016.01.18 19:26:51.153,1.42484,1.42496,2.25,1.15
2016.01.18 19:26:54.809,1.42488,1.42496,1.50,1.50
2016.01.18 19:26:54.962,1.42489,1.42499,1.00,1.12
2016.01.18 19:26:55.266,1.4249,1.42498,1.00,1.75
2016.01.18 19:26:56.065,1.4249,1.42498,1.37,1.75
2016.01.18 19:26:56.116,1.4249,1.425,1.37,1.87
2016.01.18 19:26:57.118,1.42489,1.42501,2.25,1.87
2016.01.18 19:27:00.187,1.42491,1.42501,1.37,1.12
2016.01.18 19:27:05.360,1.42491,1.42502,1.37,3.00
2016.01.18 19:27:22.663,1.42491,1.42501,1.37,1.57
2016.01.18 19:27:37.266,1.42492,1.42502,1.57,1.80
2016.01.18 19:27:37.368,1.42492,1.42503,1.85,3.75
2016.01.18 19:27:37.955,1.42495,1.42503,1.57,2.25
2016.01.18 19:27:38.259,1.42498,1.42503,1.12,1.12
2016.01.18 19:27:38.566,1.42498,1.42503,1.12,1.12
2016.01.18 19:27:38.617,1.42494,1.42503,1.95,1.12
2016.01.18 19:27:38.719,1.42494,1.42502,2.25,1.12
2016.01.18 19:27:39.226,1.42494,1.42501,2.25,1.12
2016.01.18 19:27:39.770,1.42494,1.42501,2.62,1.12
2016.01.18 19:27:40.024,1.42494,1.42501,2.25,1.12
2016.01.18 19:27:40.966,1.42494,1.42502,1.87,1.12
2016.01.18 19:27:41.975,1.42494,1.42501,2.25,1.12
2016.01.18 19:27:43.909,1.42495,1.42502,1.20,1.12
2016.01.18 19:27:44.454,1.42495,1.42501,1.20,1.12
2016.01.18 19:27:45.497,1.42495,1.42502,1.20,1.12
2016.01.18 19:27:48.802,1.42495,1.42502,1.47,1.12
2016.01.18 19:27:49.661,1.42501,1.42504,1.00,1.50
2016.01.18 19:27:49.713,1.42502,1.42505,1.00,1.50
2016.01.18 19:27:49.764,1.42497,1.42505,1.57,1.00
2016.01.18 19:27:49.816,1.42497,1.42508,2.25,1.25
2016.01.18 19:27:50.120,1.42503,1.42508,1.00,1.25
2016.01.18 19:27:50.403,1.42498,1.42508,1.07,1.08
2016.01.18 19:27:52.025,1.42501,1.42512,1.12,1.26
2016.01.18 19:27:52.076,1.42503,1.42513,1.00,1.57
2016.01.18 19:27:52.127,1.42503,1.42513,1.00,1.27
2016.01.18 19:27:52.432,1.42503,1.42513,1.12,1.12
2016.01.18 19:28:02.264,1.42504,1.42513,1.00,1.00
2016.01.18 19:28:02.315,1.42504,1.42515,1.00,1.10
2016.01.18 19:28:08.297,1.42506,1.42515,1.00,1.00
2016.01.18 19:28:08.750,1.42504,1.42515,1.50,1.00
2016.01.18 19:28:10.674,1.42503,1.42515,1.50,1.10
2016.01.18 19:28:13.028,1.42503,1.42517,2.40,2.62
2016.01.18 19:28:14.261,1.42505,1.42517,1.00,2.62
2016.01.18 19:28:21.644,1.42505,1.42517,1.00,1.87
2016.01.18 19:28:23.206,1.42503,1.42517,1.50,2.70
2016.01.18 19:28:23.784,1.42503,1.42517,1.50,2.70
2016.01.18 19:28:24.313,1.42504,1.42517,1.00,1.95
2016.01.18 19:28:24.877,1.42505,1.42517,1.00,1.95
2016.01.18 19:28:25.897,1.42505,1.42517,1.00,1.95
2016.01.18 19:28:26.416,1.42504,1.42517,1.00,1.95
2016.01.18 19:28:28.359,1.42505,1.42517,1.00,1.95
2016.01.18 19:28:31.311,1.42505,1.42517,1.00,1.95
2016.01.18 19:28:33.568,1.42505,1.42517,1.00,2.70
2016.01.18 19:28:45.852,1.42506,1.42517,1.00,1.87
2016.01.18 19:28:45.904,1.42509,1.42517,1.00,1.12
2016.01.18 19:28:46.460,1.4251,1.42517,1.00,1.00
2016.01.18 19:28:47.953,1.42508,1.42517,1.12,1.00
2016.01.18 19:28:48.518,1.42507,1.42517,1.10,1.50
2016.01.18 19:28:48.772,1.42504,1.42517,1.65,2.62
2016.01.18 19:28:49.281,1.42504,1.42515,1.65,1.00
2016.01.18 19:28:49.819,1.42503,1.42514,1.37,1.00
2016.01.18 19:28:50.685,1.42503,1.42514,1.00,1.00
2016.01.18 19:29:03.680,1.42503,1.42515,1.00,1.12
2016.01.18 19:29:11.619,1.42504,1.42515,1.00,1.00
2016.01.18 19:29:13.244,1.42504,1.42514,1.00,1.00
2016.01.18 19:29:13.845,1.42503,1.42514,1.00,1.00
2016.01.18 19:29:14.352,1.42502,1.42514,1.00,1.00
2016.01.18 19:29:15.540,1.42502,1.42513,1.00,1.00
2016.01.18 19:29:15.642,1.42502,1.42506,1.00,1.37
2016.01.18 19:29:15.744,1.42499,1.42506,1.10,1.00
2016.01.18 19:29:15.846,1.42498,1.42505,1.00,1.87
2016.01.18 19:29:15.897,1.42498,1.42506,1.00,1.12
2016.01.18 19:29:16.050,1.42498,1.42508,1.20,1.50
2016.01.18 19:29:16.253,1.42498,1.42509,1.10,1.50
2016.01.18 19:29:17.136,1.42498,1.42509,1.00,1.00
2016.01.18 19:29:18.346,1.42497,1.42508,1.00,1.00
2016.01.18 19:29:18.397,1.42497,1.42506,1.00,1.87
2016.01.18 19:29:18.448,1.42494,1.42503,1.57,1.12
2016.01.18 19:29:18.550,1.42491,1.42501,2.25,1.87
2016.01.18 19:29:18.601,1.42489,1.42501,3.07,1.87
2016.01.18 19:29:19.124,1.42489,1.425,1.87,1.10
2016.01.18 19:29:19.845,1.42489,1.425,1.57,1.37
2016.01.18 19:29:43.460,1.42489,1.425,1.37,1.50
2016.01.18 19:29:43.998,1.42491,1.425,1.00,1.50
2016.01.18 19:29:48.650,1.4249,1.425,1.50,1.37
2016.01.18 19:29:58.952,1.4249,1.425,1.87,1.37
2016.01.18 19:30:07.702,1.4249,1.425,1.95,1.57
2016.01.18 19:30:14.219,1.4249,1.425,1.00,1.47
2016.01.18 19:30:19.414,1.42489,1.42501,1.00,1.45
2016.01.18 19:30:22.672,1.42489,1.42501,1.00,1.57
2016.01.18 19:30:23.239,1.42489,1.42501,1.37,1.57
2016.01.18 19:30:29.070,1.42489,1.42501,1.12,1.45
2016.01.18 19:30:37.701,1.42489,1.42501,1.00,1.45
2016.01.18 19:30:40.209,1.42488,1.42501,3.07,1.57
2016.01.18 19:30:48.161,1.42488,1.42501,3.07,1.57
2016.01.18 19:30:49.548,1.42488,1.42502,1.57,1.50
2016.01.18 19:30:51.502,1.42489,1.42501,1.00,1.20
2016.01.18 19:30:52.660,1.42489,1.42501,1.00,1.20
2016.01.18 19:30:58.208,1.42488,1.42501,2.70,1.82
2016.01.18 19:31:03.008,1.42488,1.42501,3.45,1.87
2016.01.18 19:31:05.123,1.4249,1.425,1.00,1.45
2016.01.18 19:31:10.079,1.4249,1.42502,1.37,2.62
2016.01.18 19:31:18.089,1.42491,1.42501,1.12,1.45
2016.01.18 19:31:22.723,1.42491,1.42501,1.00,1.95
2016.01.18 19:31:32.048,1.4249,1.42502,1.12,3.00
2016.01.18 19:31:38.199,1.4249,1.42498,1.12,1.07
2016.01.18 19:31:44.346,1.4249,1.42498,1.37,1.07
2016.01.18 19:31:47.156,1.4249,1.42498,1.00,1.07
2016.01.18 19:31:50.956,1.4249,1.425,1.12,2.25
2016.01.18 19:31:52.624,1.4249,1.425,1.12,1.12
2016.01.18 19:31:56.939,1.4249,1.42498,1.12,1.00
2016.01.18 19:31:58.629,1.42488,1.42498,2.62,1.00
2016.01.18 19:31:59.874,1.42488,1.42498,2.25,1.00
2016.01.18 19:32:11.803,1.42489,1.42498,1.00,1.00
2016.01.18 19:32:15.229,1.42491,1.42498,1.00,1.00
2016.01.18 19:32:15.763,1.42491,1.42499,1.00,1.27
2016.01.18 19:32:21.140,1.42491,1.42498,1.00,1.00
2016.01.18 19:32:36.580,1.42491,1.42499,1.00,1.12
2016.01.18 19:32:42.196,1.42491,1.42498,1.00,1.00
2016.01.18 19:32:47.455,1.42491,1.42499,1.12,1.12
2016.01.18 19:32:52.697,1.4249,1.42499,1.37,1.47
2016.01.18 19:32:53.960,1.42489,1.42497,1.37,1.00
2016.01.18 19:32:56.538,1.42489,1.42497,1.12,1.00
2016.01.18 19:32:57.043,1.42489,1.42498,1.12,1.12
2016.01.18 19:33:00.792,1.4249,1.42498,1.00,1.12
2016.01.18 19:33:13.046,1.42488,1.42498,1.12,1.00
2016.01.18 19:33:13.583,1.42488,1.42498,1.37,1.00
2016.01.18 19:33:25.376,1.42488,1.42498,1.50,1.20
2016.01.18 19:33:31.729,1.4249,1.42498,1.00,1.20
2016.01.18 19:33:32.279,1.4249,1.42498,1.00,1.12
2016.01.18 19:33:40.094,1.42488,1.42498,1.50,1.00
2016.01.18 19:33:57.343,1.42488,1.42498,1.37,1.27
2016.01.18 19:33:58.245,1.4249,1.42498,1.00,1.27
2016.01.18 19:34:31.769,1.4249,1.42498,1.00,1.50
2016.01.18 19:34:38.437,1.42489,1.42497,1.50,1.37
2016.01.18 19:34:42.034,1.42488,1.425,1.37,1.35
2016.01.18 19:34:42.136,1.42491,1.42493,1.00,1.00
2016.01.18 19:34:42.238,1.42491,1.425,1.00,2.92
2016.01.18 19:34:42.340,1.42493,1.42497,1.00,1.12
2016.01.18 19:34:42.645,1.42492,1.42494,1.12,1.00
2016.01.18 19:34:43.153,1.42493,1.42495,1.12,1.00
2016.01.18 19:34:43.666,1.42492,1.42494,1.12,1.00
2016.01.18 19:34:44.159,1.42494,1.42495,1.00,1.12
2016.01.18 19:34:44.514,1.42491,1.42494,1.37,1.00
2016.01.18 19:34:45.041,1.42491,1.42494,1.37,1.00
2016.01.18 19:34:46.042,1.42491,1.42494,1.12,1.00
2016.01.18 19:34:48.216,1.42491,1.42494,1.12,1.00
2016.01.18 19:34:49.731,1.4249,1.42493,1.12,1.00
2016.01.18 19:34:53.300,1.4249,1.42493,1.37,1.00
2016.01.18 19:35:05.096,1.42491,1.42494,1.37,1.00
2016.01.18 19:35:06.466,1.42493,1.42494,1.00,1.00
2016.01.18 19:35:40.116,1.42492,1.42494,1.00,1.00
2016.01.18 19:35:48.146,1.42492,1.42494,1.37,1.00
2016.01.18 19:35:48.197,1.42492,1.42499,1.37,1.27
2016.01.18 19:35:52.665,1.42492,1.42497,1.00,1.20
2016.01.18 19:35:53.187,1.42492,1.42494,1.00,1.00
2016.01.18 19:35:58.269,1.42492,1.42495,1.37,1.00
2016.01.18 19:35:59.272,1.42492,1.42495,1.12,1.00
2016.01.18 19:36:01.045,1.4249,1.42494,1.37,1.00
2016.01.18 19:36:06.782,1.4249,1.42494,1.37,1.00
2016.01.18 19:36:10.888,1.4249,1.42494,1.12,1.00
2016.01.18 19:36:13.391,1.4249,1.42494,1.37,1.00
2016.01.18 19:36:14.893,1.4249,1.42494,1.12,1.00
2016.01.18 19:36:21.987,1.4249,1.42494,1.37,1.00
2016.01.18 19:36:33.082,1.4249,1.42494,1.12,1.00
2016.01.18 19:36:34.083,1.4249,1.42494,1.37,1.00
2016.01.18 19:36:36.197,1.42489,1.42494,1.12,1.17
2016.01.18 19:36:36.359,1.42489,1.42494,1.12,1.50
2016.01.18 19:36:36.848,1.42488,1.42494,1.12,2.25
2016.01.18 19:36:38.191,1.42488,1.42494,1.00,2.25
2016.01.18 19:36:38.344,1.42488,1.42494,1.00,1.12
2016.01.18 19:36:38.446,1.42488,1.42494,1.00,1.00
2016.01.18 19:36:38.958,1.42489,1.42494,1.00,1.00
2016.01.18 19:36:43.207,1.42489,1.42494,1.37,1.00
2016.01.18 19:36:43.790,1.42489,1.42495,1.37,1.00
2016.01.18 19:36:48.129,1.4249,1.42495,1.37,1.00
2016.01.18 19:36:54.416,1.42487,1.42492,1.12,1.00
2016.01.18 19:36:54.569,1.42482,1.42484,3.00,1.00
2016.01.18 19:36:54.620,1.42474,1.42483,1.45,1.50
2016.01.18 19:36:54.671,1.42474,1.42482,1.07,1.50
2016.01.18 19:36:54.825,1.42471,1.42481,1.20,1.12
2016.01.18 19:36:55.168,1.42473,1.4248,1.00,1.10
2016.01.18 19:36:55.675,1.42473,1.42483,1.12,2.25
2016.01.18 19:36:57.943,1.42474,1.42481,1.00,1.00
2016.01.18 19:37:03.739,1.42474,1.42481,1.37,1.00
2016.01.18 19:37:05.249,1.42471,1.42479,1.50,1.37
2016.01.18 19:37:05.352,1.42472,1.42482,1.50,1.57
2016.01.18 19:37:05.403,1.42472,1.42479,1.37,1.47
2016.01.18 19:37:05.912,1.42472,1.42478,1.12,1.12
2016.01.18 19:37:06.065,1.42472,1.4248,1.37,1.12
2016.01.18 19:37:06.735,1.42472,1.4248,1.12,1.12
2016.01.18 19:37:07.247,1.42472,1.42481,1.12,1.12
2016.01.18 19:37:07.794,1.42472,1.42481,1.37,1.12
2016.01.18 19:37:08.605,1.42472,1.42482,1.37,1.45
2016.01.18 19:37:09.944,1.42472,1.42477,1.87,1.00
2016.01.18 19:37:10.452,1.42472,1.42476,1.00,1.00
2016.01.18 19:37:11.817,1.42471,1.42475,1.12,1.00
2016.01.18 19:37:12.519,1.42468,1.42473,1.37,1.50
2016.01.18 19:37:12.622,1.42449,1.4245,1.00,1.12
2016.01.18 19:37:12.673,1.42447,1.4245,7.78,1.87
2016.01.18 19:37:12.726,1.42447,1.4245,2.32,1.87
2016.01.18 19:37:12.778,1.42447,1.4245,4.20,1.37
2016.01.18 19:37:12.829,1.42447,1.42451,1.10,1.37
2016.01.18 19:37:12.982,1.42442,1.42447,1.50,2.25
2016.01.18 19:37:13.086,1.42431,1.42438,1.12,1.00
2016.01.18 19:37:13.239,1.42431,1.4244,1.45,2.25
2016.01.18 19:37:13.291,1.4243,1.42446,1.12,1.87
2016.01.18 19:37:13.342,1.4243,1.42444,1.12,1.00
2016.01.18 19:37:13.394,1.4244,1.42447,1.00,3.37
2016.01.18 19:37:13.496,1.42441,1.42449,1.00,1.37
2016.01.18 19:37:13.598,1.4244,1.42443,1.00,1.00
2016.01.18 19:37:13.856,1.42431,1.42449,1.20,2.25
2016.01.18 19:37:13.958,1.42439,1.42449,1.00,1.00
2016.01.18 19:37:14.112,1.42439,1.42454,1.50,1.20
2016.01.18 19:37:14.404,1.42445,1.42456,1.00,1.12
2016.01.18 19:37:14.506,1.42445,1.42457,1.00,1.12
2016.01.18 19:37:14.965,1.42445,1.42452,1.00,1.00
2016.01.18 19:37:15.495,1.42441,1.42452,1.50,1.00
2016.01.18 19:37:16.658,1.42444,1.42455,1.17,1.47
2016.01.18 19:37:16.813,1.42441,1.42455,1.50,1.57
2016.01.18 19:37:16.915,1.42441,1.42457,1.50,2.25
2016.01.18 19:37:17.120,1.42451,1.42457,1.00,2.25
2016.01.18 19:37:17.404,1.42452,1.42461,1.00,1.20
2016.01.18 19:37:17.507,1.42452,1.42462,1.00,1.55
2016.01.18 19:37:18.119,1.42451,1.42463,1.00,1.20
2016.01.18 19:37:18.473,1.42448,1.42464,1.00,1.87
2016.01.18 19:37:18.575,1.42448,1.42464,1.20,1.37
2016.01.18 19:37:18.969,1.42447,1.4246,1.00,2.02
2016.01.18 19:37:19.631,1.42447,1.42458,1.00,1.57
2016.01.18 19:37:20.172,1.42447,1.4246,1.00,2.02
2016.01.18 19:37:22.880,1.42448,1.42459,1.00,1.20
2016.01.18 19:37:23.083,1.42448,1.42459,1.00,1.20
2016.01.18 19:37:25.085,1.42448,1.42459,1.00,1.20
2016.01.18 19:37:25.628,1.42446,1.42459,1.00,2.25
2016.01.18 19:37:25.780,1.42446,1.42458,1.00,1.12
2016.01.18 19:37:25.933,1.42443,1.42456,2.25,1.12
2016.01.18 19:37:26.202,1.42443,1.42459,3.45,1.87
2016.01.18 19:37:26.745,1.42446,1.42459,1.00,1.87
2016.01.18 19:37:29.827,1.42446,1.42458,1.00,1.07
2016.01.18 19:37:30.158,1.42448,1.42458,1.00,1.07
2016.01.18 19:37:35.537,1.42448,1.42456,1.50,1.75
2016.01.18 19:37:35.639,1.42446,1.42454,1.00,1.12
2016.01.18 19:37:35.741,1.42446,1.42456,1.00,1.75
2016.01.18 19:37:36.099,1.42446,1.42456,1.00,1.87
2016.01.18 19:37:36.405,1.42446,1.42456,1.00,1.45
2016.01.18 19:37:36.762,1.42446,1.42454,1.00,1.12
2016.01.18 19:37:37.053,1.42447,1.42456,1.00,1.50
2016.01.18 19:37:37.307,1.42447,1.42456,1.50,1.10
2016.01.18 19:37:38.533,1.42447,1.42456,1.00,1.17
2016.01.18 19:37:39.596,1.42447,1.42456,1.00,1.10
2016.01.18 19:37:40.104,1.42448,1.4246,1.00,2.25
2016.01.18 19:37:40.257,1.4245,1.4246,1.00,2.25
2016.01.18 19:37:43.483,1.42448,1.4246,1.50,1.87
2016.01.18 19:37:44.199,1.42448,1.4246,1.50,1.20
2016.01.18 19:37:45.646,1.42448,1.4246,2.25,1.20
2016.01.18 19:37:47.103,1.42449,1.4246,1.00,1.00
2016.01.18 19:37:49.991,1.42449,1.4246,1.00,1.57
2016.01.18 19:37:50.589,1.42448,1.4246,1.50,1.50
2016.01.18 19:37:51.109,1.42448,1.42459,1.50,1.37
2016.01.18 19:37:52.370,1.42449,1.4246,1.00,1.75
2016.01.18 19:37:54.085,1.42449,1.4246,1.00,1.12
2016.01.18 19:37:56.241,1.42451,1.4246,1.00,1.00
2016.01.18 19:37:57.880,1.42449,1.4246,1.00,1.00
2016.01.18 19:37:59.414,1.4245,1.4246,1.00,1.00
2016.01.18 19:38:03.210,1.4245,1.4246,1.00,1.37
2016.01.18 19:38:05.908,1.42449,1.4246,1.50,1.57
2016.01.18 19:38:06.416,1.42449,1.4246,1.50,1.95
2016.01.18 19:38:06.931,1.42449,1.4246,1.50,1.57
2016.01.18 19:38:08.231,1.4245,1.4246,1.00,1.87
2016.01.18 19:38:08.800,1.4245,1.4246,1.00,1.12
2016.01.18 19:38:12.160,1.4245,1.42462,1.00,2.25
2016.01.18 19:38:12.263,1.42458,1.42462,1.00,1.37
2016.01.18 19:38:12.366,1.4246,1.42465,1.20,1.37
2016.01.18 19:38:12.417,1.42463,1.42474,1.00,1.12
2016.01.18 19:38:12.468,1.42466,1.42476,1.12,3.45
2016.01.18 19:38:12.611,1.42469,1.42477,1.00,1.37
2016.01.18 19:38:12.815,1.42471,1.42477,1.00,1.37
2016.01.18 19:38:13.121,1.42474,1.42479,1.00,1.37
2016.01.18 19:38:13.326,1.42477,1.42489,1.00,1.05
2016.01.18 19:38:13.377,1.42475,1.42481,1.50,1.37
2016.01.18 19:38:13.480,1.42477,1.4249,1.50,1.47
2016.01.18 19:38:13.992,1.42478,1.4249,1.00,1.12
2016.01.18 19:38:14.533,1.42479,1.4249,1.00,1.12
2016.01.18 19:38:19.862,1.42478,1.42492,1.50,1.20
2016.01.18 19:38:20.432,1.42478,1.42492,1.50,1.45
2016.01.18 19:38:21.090,1.4248,1.42494,1.00,2.12
2016.01.18 19:38:21.624,1.4248,1.42492,1.00,1.00
2016.01.18 19:38:22.860,1.42481,1.42493,1.00,1.07
2016.01.18 19:38:22.962,1.42478,1.42492,1.57,1.10
2016.01.18 19:38:23.115,1.42482,1.42492,1.00,1.10
2016.01.18 19:38:23.267,1.4248,1.42492,1.00,1.10
2016.01.18 19:38:23.573,1.42478,1.42492,2.25,1.00
2016.01.18 19:38:24.233,1.42479,1.42492,1.00,1.00
2016.01.18 19:38:24.746,1.42479,1.42493,1.00,1.50
2016.01.18 19:38:25.357,1.42478,1.42492,1.50,1.00
2016.01.18 19:38:26.354,1.42479,1.42492,1.00,1.00
2016.01.18 19:38:26.862,1.4248,1.42492,1.00,1.00
2016.01.18 19:38:27.428,1.42481,1.42492,1.00,1.00
2016.01.18 19:38:27.936,1.42481,1.42493,1.00,1.50
2016.01.18 19:38:29.954,1.42479,1.42493,1.50,1.00
2016.01.18 19:38:30.056,1.42481,1.42493,1.00,1.00
2016.01.18 19:38:35.861,1.42479,1.42493,1.50,1.00
2016.01.18 19:38:47.965,1.4248,1.42493,1.00,1.00
2016.01.18 19:38:50.034,1.4248,1.42492,1.50,1.07
2016.01.18 19:38:50.547,1.4248,1.42492,1.50,1.10
2016.01.18 19:38:57.026,1.4248,1.42493,1.37,1.17
2016.01.18 19:38:57.382,1.42482,1.42494,1.50,1.00
2016.01.18 19:38:57.483,1.42482,1.42492,1.37,1.00
2016.01.18 19:38:58.042,1.42482,1.42495,1.37,1.57
2016.01.18 19:38:58.573,1.42482,1.42495,1.37,1.65
2016.01.18 19:38:58.921,1.42482,1.42495,1.37,1.95
2016.01.18 19:38:59.225,1.42484,1.42495,1.12,1.65
2016.01.18 19:38:59.277,1.42484,1.42495,1.12,2.32
2016.01.18 19:38:59.614,1.42484,1.42493,1.12,1.12
2016.01.18 19:38:59.919,1.42484,1.42495,1.12,1.50
2016.01.18 19:39:00.317,1.42484,1.42495,1.12,1.57
2016.01.18 19:39:04.836,1.42483,1.42495,1.37,1.50
2016.01.18 19:39:08.911,1.42483,1.42495,1.12,1.50
2016.01.18 19:39:10.346,1.42483,1.42495,1.37,1.10
2016.01.18 19:39:11.609,1.42484,1.42495,1.37,1.10
2016.01.18 19:39:12.126,1.42484,1.42495,1.37,1.07
2016.01.18 19:39:12.584,1.42484,1.42494,1.37,1.07
2016.01.18 19:39:13.113,1.42484,1.42494,1.37,1.07
2016.01.18 19:39:13.408,1.42484,1.42495,2.62,1.10
2016.01.18 19:39:13.663,1.42484,1.42495,1.87,1.47
2016.01.18 19:39:14.616,1.42484,1.42495,1.50,1.00
2016.01.18 19:39:14.718,1.42481,1.42494,1.00,1.00
2016.01.18 19:39:14.871,1.4248,1.42492,1.00,1.00
2016.01.18 19:39:15.412,1.42479,1.42492,1.87,1.00
2016.01.18 19:39:20.725,1.4248,1.42492,1.00,1.00
2016.01.18 19:39:21.233,1.42479,1.42492,1.00,1.20
2016.01.18 19:39:21.840,1.42479,1.42492,1.00,1.12
2016.01.18 19:39:22.499,1.42478,1.42492,2.62,1.87
2016.01.18 19:39:23.453,1.42478,1.42492,2.25,1.95
2016.01.18 19:39:24.080,1.42478,1.42492,2.25,1.87
2016.01.18 19:39:25.147,1.42478,1.42492,2.62,1.87
2016.01.18 19:39:26.450,1.42478,1.42492,1.50,1.57
2016.01.18 19:39:28.858,1.42478,1.42491,1.00,1.00
2016.01.18 19:39:33.262,1.42479,1.42491,1.00,1.00
2016.01.18 19:39:34.326,1.42478,1.42492,1.50,1.50
2016.01.18 19:39:35.532,1.42479,1.42492,1.00,1.00
2016.01.18 19:39:36.079,1.42479,1.42494,1.50,1.80
2016.01.18 19:39:36.714,1.4248,1.42494,1.00,1.80
2016.01.18 19:39:37.243,1.42481,1.42493,1.00,1.05
2016.01.18 19:39:45.654,1.4248,1.42494,1.50,1.50
2016.01.18 19:39:47.816,1.4248,1.42494,1.37,1.87
2016.01.18 19:39:49.114,1.4248,1.42491,1.37,1.00
2016.01.18 19:39:49.450,1.42471,1.42483,1.87,1.50
2016.01.18 19:39:49.757,1.42468,1.4248,1.37,1.05
2016.01.18 19:39:50.422,1.42468,1.4248,1.37,1.05
2016.01.18 19:39:50.727,1.42471,1.42481,1.00,1.47
2016.01.18 19:39:50.880,1.42473,1.42484,1.00,1.50
2016.01.18 19:39:51.424,1.42473,1.42486,1.00,1.37
2016.01.18 19:39:51.933,1.42473,1.42486,1.37,1.37
2016.01.18 19:39:52.483,1.42473,1.42486,1.37,1.00
2016.01.18 19:40:00.251,1.42474,1.42486,1.00,2.25
2016.01.18 19:40:01.629,1.42473,1.42485,1.12,1.12
2016.01.18 19:40:02.920,1.42473,1.42483,1.00,1.12
2016.01.18 19:40:03.072,1.42469,1.42479,1.12,1.12
2016.01.18 19:40:03.427,1.42467,1.42479,1.20,1.00
2016.01.18 19:40:03.631,1.42467,1.42477,1.20,1.00
2016.01.18 19:40:04.028,1.42471,1.42482,1.20,1.00
2016.01.18 19:40:04.079,1.42471,1.42484,1.20,1.00
2016.01.18 19:40:06.912,1.42471,1.42485,2.70,1.12
2016.01.18 19:40:10.771,1.42472,1.42486,1.27,2.25
2016.01.18 19:40:20.878,1.42473,1.42486,1.20,1.50
2016.01.18 19:40:21.083,1.42478,1.42491,1.57,1.27
2016.01.18 19:40:21.185,1.42478,1.42491,2.70,1.27
2016.01.18 19:40:21.540,1.42478,1.42491,3.37,1.12
2016.01.18 19:40:22.391,1.42478,1.42491,3.37,1.10
2016.01.18 19:40:27.921,1.4248,1.42491,1.20,1.10
2016.01.18 19:40:30.430,1.42481,1.42492,1.15,1.00
2016.01.18 19:40:31.448,1.42481,1.42492,1.45,1.00
2016.01.18 19:40:40.569,1.4248,1.42492,1.20,1.00
2016.01.18 19:41:01.614,1.4248,1.42491,1.20,1.00
2016.01.18 19:41:01.716,1.42479,1.42486,1.37,1.37
2016.01.18 19:41:01.767,1.42479,1.42485,1.00,1.37
2016.01.18 19:41:01.869,1.42474,1.42485,1.57,1.12
2016.01.18 19:41:01.921,1.42472,1.42481,1.50,1.00
2016.01.18 19:41:02.022,1.4247,1.42478,1.75,1.00
2016.01.18 19:41:02.226,1.4247,1.42478,1.07,1.00
2016.01.18 19:41:02.733,1.42469,1.42478,1.12,1.00
2016.01.18 19:41:03.247,1.42468,1.42477,1.65,1.00
2016.01.18 19:41:03.298,1.42469,1.42477,2.62,1.00
2016.01.18 19:41:03.451,1.42473,1.42485,1.45,1.57
2016.01.18 19:41:03.654,1.42478,1.42488,1.00,1.37
2016.01.18 19:41:04.183,1.42478,1.4249,1.00,2.32
2016.01.18 19:41:05.760,1.42479,1.42491,1.00,1.95
2016.01.18 19:41:05.964,1.42479,1.42491,1.00,1.65
2016.01.18 19:41:13.202,1.42479,1.42491,1.10,1.10
2016.01.18 19:41:14.538,1.42479,1.42491,1.47,1.10
2016.01.18 19:41:18.923,1.42479,1.42491,1.57,1.00
2016.01.18 19:41:20.490,1.42479,1.42491,1.87,1.00
2016.01.18 19:41:21.030,1.42478,1.42489,1.87,1.00
2016.01.18 19:41:21.133,1.42477,1.42489,1.87,1.00
2016.01.18 19:41:21.795,1.42477,1.42489,1.57,1.00
2016.01.18 19:41:49.625,1.4248,1.42492,1.10,1.20
2016.01.18 19:41:49.727,1.42481,1.42492,1.00,1.10
2016.01.18 19:41:52.244,1.42481,1.42494,1.20,2.77
2016.01.18 19:42:09.016,1.42479,1.42493,3.37,1.57
2016.01.18 19:42:09.791,1.42484,1.42496,1.10,3.00
2016.01.18 19:42:09.842,1.42484,1.42496,1.10,2.62
2016.01.18 19:42:12.688,1.42484,1.42495,1.27,1.00
2016.01.18 19:42:13.826,1.42485,1.42496,1.57,1.00
2016.01.18 19:42:14.076,1.42485,1.42499,2.32,1.87
2016.01.18 19:42:16.006,1.42485,1.42499,1.57,1.87
2016.01.18 19:42:24.315,1.42485,1.42498,1.57,1.00
2016.01.18 19:42:25.408,1.42485,1.42499,2.32,1.87
2016.01.18 19:42:25.560,1.42485,1.42499,2.25,1.50
2016.01.18 19:42:26.542,1.42485,1.42499,3.00,1.50
2016.01.18 19:42:30.947,1.42485,1.42499,1.87,1.50
2016.01.18 19:42:35.138,1.42485,1.42499,1.12,1.50
2016.01.18 19:42:42.514,1.42485,1.42495,1.12,1.00
2016.01.18 19:42:42.819,1.42476,1.42487,1.65,1.12
2016.01.18 19:42:44.950,1.42476,1.42489,1.10,2.62
2016.01.18 19:42:46.338,1.42476,1.42489,1.12,2.62
2016.01.18 19:42:47.035,1.42476,1.42489,1.50,2.62
2016.01.18 19:42:48.742,1.42476,1.42489,1.57,2.62
2016.01.18 19:42:50.961,1.42476,1.42489,1.20,2.25
2016.01.18 19:42:52.991,1.42476,1.42489,1.57,2.25
2016.01.18 19:43:05.221,1.42476,1.42488,1.50,1.00
2016.01.18 19:43:05.539,1.42479,1.42488,1.37,1.00
2016.01.18 19:43:10.729,1.42479,1.42489,1.47,1.12
2016.01.18 19:43:21.914,1.42479,1.42489,1.50,1.00
2016.01.18 19:43:22.422,1.42479,1.42492,1.87,1.37
2016.01.18 19:43:23.402,1.42479,1.42492,2.25,1.00
2016.01.18 19:43:24.129,1.42479,1.42491,2.62,1.00
2016.01.18 19:43:24.232,1.42479,1.4249,1.87,1.37
2016.01.18 19:43:24.756,1.42479,1.4249,1.37,1.37
2016.01.18 19:43:29.736,1.42478,1.4249,2.62,1.12
2016.01.18 19:43:31.305,1.42478,1.4249,2.32,1.00
2016.01.18 19:43:36.528,1.42479,1.4249,1.12,1.00
2016.01.18 19:43:37.943,1.42478,1.4249,3.07,1.37
2016.01.18 19:43:38.248,1.42479,1.42492,2.25,1.37
2016.01.18 19:43:38.421,1.42479,1.42492,2.25,1.00
2016.01.18 19:43:40.054,1.42479,1.42492,1.87,1.37
2016.01.18 19:43:46.866,1.4248,1.42492,2.32,1.50
2016.01.18 19:43:47.019,1.42481,1.42492,1.75,1.50
2016.01.18 19:43:53.327,1.4248,1.42492,2.62,1.50
2016.01.18 19:44:00.528,1.4248,1.42492,3.00,1.00
2016.01.18 19:44:01.031,1.4248,1.42492,3.00,1.00
2016.01.18 19:44:07.123,1.4248,1.42493,2.32,1.00
2016.01.18 19:44:07.649,1.4248,1.42493,2.32,1.07
2016.01.18 19:44:14.008,1.42478,1.42492,3.37,1.95
2016.01.18 19:44:14.160,1.42479,1.42489,1.55,1.12
2016.01.18 19:44:14.678,1.42479,1.42489,1.57,1.12
2016.01.18 19:44:17.029,1.42479,1.42489,1.45,1.00
2016.01.18 19:44:17.578,1.42479,1.42489,1.12,1.00
2016.01.18 19:44:29.016,1.42478,1.42489,3.07,1.12
2016.01.18 19:44:30.572,1.42479,1.42489,1.65,1.12
2016.01.18 19:44:31.165,1.42479,1.42489,1.20,1.12
2016.01.18 19:44:31.216,1.42479,1.42487,1.20,1.00
2016.01.18 19:44:33.962,1.42477,1.42487,1.55,1.00
2016.01.18 19:44:36.181,1.42477,1.42487,1.87,1.00
2016.01.18 19:44:41.644,1.42477,1.42487,1.57,1.37
2016.01.18 19:44:42.641,1.42478,1.42487,1.45,1.00
2016.01.18 19:44:44.191,1.42478,1.42487,1.37,1.00
2016.01.18 19:44:44.700,1.42477,1.42487,1.57,1.00
2016.01.18 19:44:45.232,1.42478,1.42487,1.37,1.00
2016.01.18 19:44:45.734,1.42479,1.42487,1.00,1.00
2016.01.18 19:44:46.701,1.42478,1.42487,1.75,1.00
2016.01.18 19:44:47.219,1.42477,1.42487,1.92,1.00
2016.01.18 19:44:48.088,1.42478,1.42487,1.57,1.00
2016.01.18 19:44:49.299,1.42477,1.42487,1.92,1.00
2016.01.18 19:44:50.720,1.42478,1.42487,1.57,1.00
2016.01.18 19:44:51.224,1.42477,1.42487,1.92,1.00
2016.01.18 19:44:54.416,1.42478,1.42487,1.50,1.10
2016.01.18 19:44:54.934,1.42477,1.42487,1.95,1.00
2016.01.18 19:45:01.523,1.42478,1.42487,1.45,1.00
2016.01.18 19:45:02.034,1.42477,1.42487,1.95,1.00
2016.01.18 19:45:04.518,1.42478,1.42487,1.45,1.00
2016.01.18 19:45:07.444,1.42477,1.42487,1.95,1.00
2016.01.18 19:45:07.946,1.42477,1.42487,1.50,1.07
2016.01.18 19:45:12.355,1.42477,1.42487,1.57,1.10
2016.01.18 19:45:16.524,1.42477,1.42485,1.57,1.00
2016.01.18 19:45:17.847,1.42478,1.42485,1.45,1.00
2016.01.18 19:45:18.950,1.42477,1.42485,1.57,1.00
2016.01.18 19:45:20.696,1.42478,1.42487,1.37,1.10
2016.01.18 19:45:20.849,1.4248,1.4249,1.00,1.00
2016.01.18 19:45:25.308,1.4248,1.42491,1.00,1.65
2016.01.18 19:45:25.359,1.4248,1.42491,1.00,1.95
2016.01.18 19:45:25.562,1.4248,1.42491,1.10,1.65
2016.01.18 19:45:31.362,1.4248,1.42489,1.00,1.20
2016.01.18 19:45:31.616,1.42477,1.42488,1.00,2.25
2016.01.18 19:45:32.126,1.42477,1.42488,1.00,1.95
2016.01.18 19:45:48.462,1.42477,1.42488,1.00,1.10
2016.01.18 19:45:48.564,1.42477,1.42488,1.00,1.12
2016.01.18 19:45:50.216,1.42477,1.42488,1.00,1.17
2016.01.18 19:45:52.201,1.42478,1.42488,1.00,1.17
2016.01.18 19:45:53.048,1.42478,1.42488,1.00,1.20
2016.01.18 19:45:54.307,1.42478,1.42489,1.00,1.95
2016.01.18 19:46:03.298,1.42478,1.42489,1.00,1.95
2016.01.18 19:46:03.838,1.42478,1.42489,1.00,1.95
2016.01.18 19:46:05.175,1.42478,1.42486,1.00,1.00
2016.01.18 19:46:11.286,1.42478,1.42485,1.00,1.00
2016.01.18 19:46:13.225,1.42478,1.42489,1.00,1.00
2016.01.18 19:46:13.327,1.4248,1.4249,1.00,1.50
2016.01.18 19:46:13.632,1.42482,1.42489,1.00,1.00
2016.01.18 19:46:14.391,1.42482,1.42486,1.00,1.00
2016.01.18 19:46:15.345,1.42478,1.42486,1.12,1.00
2016.01.18 19:46:17.381,1.42478,1.42485,1.00,1.00
2016.01.18 19:46:17.916,1.42479,1.42485,1.00,1.00
2016.01.18 19:46:26.598,1.42479,1.42489,1.00,1.20
2016.01.18 19:46:27.157,1.42478,1.4249,1.27,1.50
2016.01.18 19:46:30.047,1.42478,1.42488,1.20,1.00
2016.01.18 19:46:33.391,1.42478,1.42485,1.00,1.00
2016.01.18 19:46:35.435,1.42479,1.42485,1.00,1.00
2016.01.18 19:46:43.476,1.42477,1.42485,1.00,1.00
2016.01.18 19:46:46.185,1.42477,1.42485,1.00,1.07
2016.01.18 19:46:46.712,1.42476,1.42485,1.12,1.00
2016.01.18 19:46:50.167,1.42476,1.42486,1.00,1.57
2016.01.18 19:46:50.319,1.42473,1.42476,1.10,1.00
2016.01.18 19:46:50.422,1.42466,1.42471,1.12,1.00
2016.01.18 19:46:50.473,1.42465,1.42474,1.50,1.50
2016.01.18 19:46:50.524,1.42462,1.42469,1.75,1.00
2016.01.18 19:46:50.627,1.42464,1.42473,1.87,1.00
2016.01.18 19:46:51.136,1.42464,1.42472,1.20,1.00
2016.01.18 19:46:51.309,1.42464,1.4247,1.27,1.00
2016.01.18 19:46:51.360,1.42464,1.42472,1.27,1.00
2016.01.18 19:46:56.433,1.42464,1.42472,1.00,1.00
2016.01.18 19:46:56.535,1.42464,1.42474,1.50,1.00
2016.01.18 19:46:56.637,1.42468,1.42476,1.12,1.00
2016.01.18 19:46:56.688,1.42468,1.42479,1.12,1.00
2016.01.18 19:46:56.739,1.42468,1.42481,1.87,1.45
2016.01.18 19:46:56.841,1.42468,1.4248,1.12,1.57
2016.01.18 19:46:56.892,1.42472,1.4248,1.00,1.57
2016.01.18 19:46:56.995,1.42472,1.42482,1.00,1.00
2016.01.18 19:46:57.351,1.42474,1.42482,1.00,1.00
2016.01.18 19:46:57.933,1.42474,1.42483,1.50,1.00
2016.01.18 19:46:58.273,1.42479,1.42486,1.00,1.00
2016.01.18 19:46:59.181,1.42479,1.42487,1.12,1.00
2016.01.18 19:46:59.693,1.4248,1.42487,1.00,1.00
2016.01.18 19:47:02.061,1.4248,1.42491,1.12,2.25
2016.01.18 19:47:03.413,1.4248,1.42484,1.00,1.00
2016.01.18 19:47:03.721,1.42482,1.42484,1.00,1.00
2016.01.18 19:47:04.674,1.42482,1.42489,1.00,1.00
2016.01.18 19:47:06.729,1.42482,1.42493,1.00,1.50
2016.01.18 19:47:09.289,1.42482,1.42488,1.00,1.00
2016.01.18 19:47:09.341,1.42482,1.42493,1.00,1.00
2016.01.18 19:47:11.533,1.42482,1.42492,1.00,1.00
2016.01.18 19:47:12.422,1.42482,1.42485,1.00,1.00
2016.01.18 19:47:13.132,1.42482,1.42488,1.00,1.00
2016.01.18 19:47:16.291,1.42482,1.42485,1.00,1.00
2016.01.18 19:47:17.787,1.42482,1.42488,1.00,1.00
2016.01.18 19:47:19.258,1.42482,1.42484,1.00,1.00
2016.01.18 19:47:21.709,1.42482,1.42488,1.00,1.00
2016.01.18 19:47:21.862,1.4248,1.42488,1.10,1.00
2016.01.18 19:47:25.745,1.4248,1.42485,1.00,1.00
2016.01.18 19:47:26.754,1.4248,1.42488,1.00,1.00
2016.01.18 19:47:27.725,1.4248,1.42485,1.10,1.00
2016.01.18 19:47:29.448,1.42478,1.4249,1.57,1.00
2016.01.18 19:47:30.750,1.4248,1.42488,1.00,1.00
2016.01.18 19:47:31.635,1.42482,1.42488,1.00,1.00
2016.01.18 19:47:34.768,1.42482,1.42485,1.00,1.00
2016.01.18 19:47:35.483,1.42482,1.42488,1.00,1.00
2016.01.18 19:47:37.116,1.42482,1.42492,1.00,1.00
2016.01.18 19:47:37.534,1.42482,1.42488,1.00,1.00
2016.01.18 19:47:37.636,1.42482,1.42492,1.00,1.00
2016.01.18 19:47:39.812,1.42482,1.42488,1.00,1.00
2016.01.18 19:47:39.915,1.42479,1.42488,1.00,1.00
2016.01.18 19:47:40.137,1.42479,1.42491,1.00,1.00
2016.01.18 19:47:40.239,1.42479,1.42491,1.00,1.00
2016.01.18 19:47:40.914,1.42479,1.42488,1.00,1.00
2016.01.18 19:47:41.909,1.42479,1.42488,1.20,1.00
2016.01.18 19:47:42.676,1.42479,1.42487,1.20,1.00
2016.01.18 19:47:43.455,1.42479,1.42487,1.12,1.00
2016.01.18 19:47:45.724,1.42479,1.42484,1.12,1.00
2016.01.18 19:47:49.857,1.42479,1.42487,1.00,1.00
2016.01.18 19:47:50.388,1.4248,1.42487,1.00,1.00
2016.01.18 19:47:51.101,1.4248,1.42484,1.00,1.00
2016.01.18 19:47:59.214,1.4248,1.42487,1.00,1.00
2016.01.18 19:48:00.173,1.4248,1.42491,1.00,1.00
2016.01.18 19:48:04.451,1.4248,1.42491,1.10,1.07
2016.01.18 19:48:06.747,1.4248,1.42487,1.10,1.00
2016.01.18 19:48:06.798,1.4248,1.4249,1.10,1.00
2016.01.18 19:48:08.022,1.4248,1.42488,1.00,1.00
2016.01.18 19:48:10.021,1.4248,1.4249,1.00,1.15
2016.01.18 19:48:11.019,1.4248,1.42488,1.00,1.00
2016.01.18 19:48:11.561,1.4248,1.4249,1.00,1.15
2016.01.18 19:48:13.410,1.4248,1.42486,1.00,1.00
2016.01.18 19:48:14.913,1.4248,1.42488,1.00,1.00
2016.01.18 19:48:17.207,1.4248,1.42487,1.00,1.00
2016.01.18 19:48:17.710,1.42481,1.4249,1.00,1.20
2016.01.18 19:48:21.849,1.42481,1.42489,1.00,1.20
2016.01.18 19:48:22.803,1.4248,1.42489,1.00,1.20
2016.01.18 19:48:30.164,1.42481,1.42489,1.00,1.20
2016.01.18 19:48:30.694,1.42481,1.42489,1.00,1.17
2016.01.18 19:48:43.173,1.42481,1.4249,1.00,1.17
2016.01.18 19:48:47.577,1.42481,1.42487,1.00,1.00
2016.01.18 19:48:48.618,1.42481,1.42491,1.00,1.20
2016.01.18 19:48:49.167,1.42481,1.42492,1.10,1.20
2016.01.18 19:48:51.284,1.42483,1.42492,1.00,1.20
2016.01.18 19:48:53.254,1.42484,1.42492,1.00,1.20
2016.01.18 19:48:57.365,1.42483,1.42492,1.00,1.20
2016.01.18 19:49:02.866,1.42484,1.42492,1.00,1.20
2016.01.18 19:49:06.943,1.42483,1.42493,1.00,1.50
2016.01.18 19:49:07.045,1.42481,1.42492,1.00,1.20
2016.01.18 19:49:11.304,1.42481,1.4249,1.00,1.20
2016.01.18 19:49:12.319,1.42482,1.42492,1.00,2.25
2016.01.18 19:49:15.221,1.42482,1.42487,1.00,1.00
2016.01.18 19:49:17.615,1.4248,1.42487,1.00,1.00
2016.01.18 19:49:20.240,1.4248,1.42488,1.00,1.10
2016.01.18 19:49:20.747,1.42481,1.4249,1.00,1.20
2016.01.18 19:49:24.240,1.42481,1.42487,1.00,1.00
2016.01.18 19:49:24.900,1.42481,1.4249,1.00,1.20
2016.01.18 19:49:28.611,1.42481,1.42489,1.00,1.00
2016.01.18 19:49:29.255,1.42481,1.42492,1.00,1.17
2016.01.18 19:49:29.407,1.42481,1.42492,1.37,1.17
2016.01.18 19:49:29.808,1.42482,1.42493,1.12,1.75
2016.01.18 19:49:31.676,1.42483,1.42493,1.00,1.75
2016.01.18 19:49:33.756,1.42482,1.42493,1.00,1.75
2016.01.18 19:49:37.808,1.42481,1.42493,1.00,2.25
2016.01.18 19:49:38.317,1.42481,1.42491,1.00,1.12
2016.01.18 19:49:40.027,1.4248,1.42491,1.00,1.87
2016.01.18 19:49:42.103,1.42481,1.42491,1.00,1.87
2016.01.18 19:49:45.875,1.42482,1.42491,1.00,1.12
2016.01.18 19:49:48.044,1.42481,1.42491,1.12,1.12
2016.01.18 19:49:50.917,1.42481,1.42491,1.12,1.57
2016.01.18 19:49:54.121,1.42482,1.42491,1.00,1.57
2016.01.18 19:49:56.104,1.42481,1.42491,1.00,1.07
2016.01.18 19:49:59.853,1.4248,1.42491,1.00,1.07
2016.01.18 19:50:05.108,1.4248,1.4249,1.00,1.00
2016.01.18 19:50:05.835,1.4248,1.42489,1.00,1.00
2016.01.18 19:50:07.165,1.4248,1.42489,1.37,1.00
2016.01.18 19:50:07.687,1.4248,1.42489,1.00,1.00
2016.01.18 19:50:11.275,1.42479,1.42489,1.00,1.00
2016.01.18 19:50:52.093,1.42479,1.4249,1.00,1.00
2016.01.18 19:51:01.424,1.42476,1.42486,1.57,1.00
2016.01.18 19:51:01.577,1.42475,1.42485,1.00,1.00
2016.01.18 19:51:01.679,1.42475,1.42483,1.00,1.00
2016.01.18 19:51:01.780,1.42471,1.42481,1.12,1.00
2016.01.18 19:51:01.984,1.42469,1.4248,1.12,1.65
2016.01.18 19:51:02.492,1.42469,1.4248,1.12,1.50
2016.01.18 19:51:03.297,1.42468,1.4248,1.12,1.65
2016.01.18 19:51:03.603,1.42476,1.42488,1.00,1.15
2016.01.18 19:51:03.908,1.42479,1.42488,1.00,1.00
2016.01.18 19:51:07.806,1.42479,1.42488,1.00,1.17
2016.01.18 19:51:08.911,1.42479,1.42489,1.00,1.00
2016.01.18 19:51:15.483,1.4248,1.42489,1.00,1.10
2016.01.18 19:51:17.173,1.4248,1.42488,1.00,1.00
2016.01.18 19:51:39.797,1.42481,1.4249,1.00,1.07
2016.01.18 19:51:39.848,1.42481,1.4249,1.00,1.10
2016.01.18 19:51:47.087,1.42481,1.42489,1.00,1.00
2016.01.18 19:51:47.595,1.4248,1.42489,1.00,1.00
2016.01.18 19:51:51.245,1.42478,1.42489,1.00,1.00
2016.01.18 19:51:53.282,1.42478,1.42488,1.00,1.00
2016.01.18 19:51:53.892,1.42478,1.42489,1.00,1.20
2016.01.18 19:51:55.524,1.42478,1.42487,1.00,1.00
2016.01.18 19:52:04.028,1.42478,1.42487,1.00,1.07
2016.01.18 19:52:06.073,1.42478,1.42487,1.37,1.07
2016.01.18 19:52:07.594,1.42478,1.42486,1.00,1.10
2016.01.18 19:52:11.299,1.42478,1.42489,1.00,1.50
2016.01.18 19:52:17.202,1.42479,1.42489,1.00,1.50
2016.01.18 19:52:23.387,1.42478,1.42489,1.00,1.50
2016.01.18 19:52:23.900,1.42478,1.42489,1.10,1.07
2016.01.18 19:52:25.254,1.42478,1.42489,1.00,2.25
2016.01.18 19:52:25.576,1.42478,1.42489,1.00,1.95
2016.01.18 19:52:26.761,1.42477,1.42489,1.12,1.95
2016.01.18 19:52:28.248,1.42477,1.42489,1.57,1.57
2016.01.18 19:52:28.802,1.42477,1.42488,1.57,1.00
2016.01.18 19:52:32.567,1.42477,1.42489,1.20,1.10
2016.01.18 19:52:33.092,1.42478,1.42488,1.00,1.00
2016.01.18 19:52:33.628,1.42478,1.42488,1.00,1.15
2016.01.18 19:52:34.756,1.42478,1.42486,1.00,1.00
2016.01.18 19:52:37.643,1.42478,1.42483,1.00,1.00
2016.01.18 19:52:43.174,1.42478,1.42486,1.00,1.00
2016.01.18 19:52:43.783,1.42478,1.42488,1.00,1.00
2016.01.18 19:52:46.781,1.42479,1.42488,1.00,1.00
2016.01.18 19:52:50.720,1.42479,1.42489,1.00,1.50
2016.01.18 19:52:59.351,1.42478,1.42489,1.10,1.50
2016.01.18 19:53:04.325,1.42478,1.42487,1.10,1.00
2016.01.18 19:53:05.550,1.42478,1.42487,1.00,1.17
2016.01.18 19:53:06.078,1.42478,1.42487,1.00,1.00
2016.01.18 19:53:06.479,1.42478,1.42485,1.00,1.00
2016.01.18 19:53:07.437,1.42478,1.42486,1.00,1.00
2016.01.18 19:53:09.184,1.42478,1.42489,1.00,1.65
2016.01.18 19:53:09.388,1.42479,1.42489,1.00,2.25
2016.01.18 19:53:13.707,1.42479,1.42485,1.00,1.00
2016.01.18 19:53:13.848,1.42478,1.42488,1.10,1.07
2016.01.18 19:53:15.091,1.42478,1.42488,1.27,1.10
2016.01.18 19:53:20.281,1.42478,1.42489,1.27,1.50
2016.01.18 19:53:25.108,1.42478,1.4249,1.27,1.00
2016.01.18 19:53:35.278,1.42478,1.42489,1.27,1.00
2016.01.18 19:53:51.486,1.42478,1.42492,1.17,2.02
2016.01.18 19:53:51.809,1.42478,1.42491,1.07,1.20
2016.01.18 19:53:52.152,1.42478,1.42491,1.00,1.50
2016.01.18 19:54:04.482,1.42478,1.42491,1.00,1.17
2016.01.18 19:54:15.713,1.42474,1.4249,1.92,1.10
2016.01.18 19:54:18.935,1.42474,1.42492,3.15,1.27
2016.01.18 19:54:26.192,1.42474,1.4249,2.77,1.95
2016.01.18 19:54:26.641,1.42474,1.4248,1.65,1.12
2016.01.18 19:54:26.693,1.4247,1.42481,2.77,1.87
2016.01.18 19:54:26.795,1.42469,1.4248,1.20,1.12
2016.01.18 19:54:26.947,1.42467,1.4248,1.95,1.37
2016.01.18 19:54:30.434,1.42468,1.42481,1.07,2.62
2016.01.18 19:54:34.376,1.4247,1.42482,1.12,1.20
2016.01.18 19:54:34.477,1.42473,1.42482,1.00,1.00
2016.01.18 19:54:35.018,1.42473,1.42483,1.00,1.00
2016.01.18 19:54:40.334,1.42472,1.42483,1.00,1.00
2016.01.18 19:54:44.397,1.42474,1.42483,1.00,1.10
2016.01.18 19:54:44.730,1.42474,1.42483,1.00,1.20
2016.01.18 19:54:51.795,1.42474,1.42483,1.00,1.00
2016.01.18 19:55:10.465,1.4247,1.42483,1.87,1.10
2016.01.18 19:55:10.516,1.4247,1.42482,1.20,1.00
2016.01.18 19:55:14.085,1.42473,1.42481,1.00,1.00
2016.01.18 19:55:14.390,1.42473,1.42481,1.00,1.15
2016.01.18 19:55:15.674,1.42473,1.42481,1.00,1.10
2016.01.18 19:55:16.744,1.42474,1.42483,1.87,1.00
2016.01.18 19:55:16.897,1.42474,1.42486,1.12,1.07
2016.01.18 19:55:16.948,1.42476,1.42488,1.00,1.57
2016.01.18 19:55:16.999,1.42476,1.42488,1.00,1.07
2016.01.18 19:55:17.506,1.42476,1.42488,1.12,1.07
2016.01.18 19:55:17.557,1.42476,1.42488,1.20,1.00
2016.01.18 19:55:17.660,1.42476,1.42488,1.57,1.00
2016.01.18 19:55:19.255,1.42477,1.42489,1.07,1.00
2016.01.18 19:55:19.927,1.42475,1.42487,1.95,1.00
2016.01.18 19:55:20.120,1.42475,1.42487,1.65,1.00
2016.01.18 19:55:41.737,1.42475,1.42485,1.57,1.37
2016.01.18 19:55:41.839,1.42474,1.42485,1.27,2.25
2016.01.18 19:55:42.387,1.42474,1.42482,1.12,1.00
2016.01.18 19:55:43.040,1.42474,1.42483,1.00,2.62
2016.01.18 19:55:47.238,1.42474,1.42483,1.00,2.62
2016.01.18 19:55:47.740,1.42473,1.42483,1.00,2.62
2016.01.18 19:56:11.248,1.42473,1.42481,1.50,1.00
2016.01.18 19:56:23.132,1.42473,1.42482,1.50,1.87
2016.01.18 19:56:23.284,1.42473,1.4248,1.00,1.37
2016.01.18 19:56:23.589,1.4248,1.42483,1.00,1.52
2016.01.18 19:56:23.641,1.4248,1.42487,1.00,2.40
2016.01.18 19:56:23.760,1.4248,1.42488,1.50,1.87
2016.01.18 19:56:23.812,1.4248,1.4249,1.87,1.37
2016.01.18 19:56:24.208,1.4248,1.4249,1.50,1.87
2016.01.18 19:56:35.526,1.42478,1.4249,1.75,1.37
2016.01.18 19:56:53.250,1.42477,1.4249,5.70,1.55
2016.01.18 19:56:53.454,1.42477,1.4249,6.37,1.45
2016.01.18 19:57:07.887,1.4248,1.4249,1.12,1.37
2016.01.18 19:57:37.198,1.4248,1.4249,1.00,2.25
2016.01.18 19:57:39.769,1.4248,1.4249,1.12,1.50
2016.01.18 19:57:49.995,1.4248,1.4249,1.10,1.57
2016.01.18 19:57:57.367,1.42478,1.4249,1.95,1.57
2016.01.18 19:58:11.996,1.42479,1.42489,1.00,1.20
2016.01.18 19:58:13.185,1.42479,1.4249,1.10,1.87
2016.01.18 19:58:22.701,1.42479,1.42488,2.32,1.37
2016.01.18 19:58:29.173,1.4248,1.42489,1.12,1.00
2016.01.18 19:58:29.375,1.42479,1.42489,1.57,1.00
2016.01.18 19:58:29.926,1.42479,1.42489,1.47,1.10
2016.01.18 19:58:31.117,1.42478,1.42489,3.37,1.12
2016.01.18 19:58:31.269,1.42478,1.42487,1.50,1.37
2016.01.18 19:58:31.571,1.42478,1.42487,1.37,2.25
2016.01.18 19:58:31.623,1.42478,1.42487,1.00,2.25
2016.01.18 19:58:31.675,1.42476,1.42485,1.00,3.00
2016.01.18 19:58:31.778,1.42473,1.42481,1.00,4.50
2016.01.18 19:58:32.033,1.42473,1.42481,2.25,1.12
2016.01.18 19:58:32.084,1.42475,1.42481,1.37,1.50
2016.01.18 19:58:32.238,1.42476,1.42485,2.25,1.12
2016.01.18 19:58:32.340,1.42476,1.42486,2.32,2.25
2016.01.18 19:58:32.442,1.42476,1.42486,2.32,1.00
2016.01.18 19:58:33.372,1.42477,1.42486,1.37,1.00
2016.01.18 19:58:33.677,1.42475,1.42486,2.32,1.00
2016.01.18 19:58:33.779,1.42473,1.42484,1.20,1.37
2016.01.18 19:58:34.084,1.42473,1.42483,1.00,1.57
2016.01.18 19:58:38.728,1.42473,1.42481,1.00,2.25
2016.01.18 19:58:39.236,1.42473,1.42481,1.00,1.95
2016.01.18 19:58:42.580,1.42473,1.4248,1.00,1.10
2016.01.18 19:58:42.682,1.42473,1.42481,1.00,6.00
2016.01.18 19:58:43.190,1.42473,1.4248,1.00,4.12
2016.01.18 19:58:43.674,1.42473,1.4248,1.00,1.87
2016.01.18 19:58:44.645,1.42473,1.4248,1.00,1.87
2016.01.18 19:58:44.798,1.42473,1.4248,1.00,1.27
2016.01.18 19:58:45.324,1.42473,1.4248,1.00,1.27
2016.01.18 19:58:46.517,1.42473,1.42481,1.00,4.50
2016.01.18 19:58:46.772,1.42473,1.42479,1.00,1.10
2016.01.18 19:58:50.978,1.42473,1.42478,1.00,1.00
2016.01.18 19:58:57.329,1.42472,1.42477,1.00,1.00
2016.01.18 19:59:00.513,1.42473,1.42477,1.00,1.50
2016.01.18 19:59:02.508,1.42473,1.42476,1.00,1.00
2016.01.18 19:59:05.004,1.42472,1.42477,1.00,1.20
2016.01.18 19:59:05.157,1.42471,1.42477,1.00,1.82
2016.01.18 19:59:05.209,1.42471,1.42476,1.00,1.75
2016.01.18 19:59:05.413,1.42469,1.42475,1.12,1.12
2016.01.18 19:59:05.517,1.42466,1.42474,1.37,1.57
2016.01.18 19:59:06.027,1.42466,1.42475,1.37,1.20
2016.01.18 19:59:06.194,1.42466,1.42475,1.37,1.10
2016.01.18 19:59:07.424,1.42467,1.42475,1.12,1.07
2016.01.18 19:59:12.294,1.42467,1.42477,1.05,1.82
2016.01.18 19:59:13.355,1.42465,1.42476,2.17,1.12
2016.01.18 19:59:14.106,1.42465,1.42475,2.17,1.12
2016.01.18 19:59:14.615,1.42465,1.42476,2.17,2.25
2016.01.18 19:59:15.444,1.42465,1.42476,2.17,2.25
2016.01.18 19:59:16.451,1.42465,1.42476,2.17,1.75
2016.01.18 19:59:18.384,1.42465,1.42476,2.17,1.50
2016.01.18 19:59:18.539,1.42465,1.42476,2.25,1.10
2016.01.18 19:59:18.642,1.42465,1.42476,2.17,2.25
2016.01.18 19:59:19.541,1.42465,1.42476,2.17,1.50
2016.01.18 19:59:20.079,1.42465,1.42476,2.17,1.50
2016.01.18 19:59:22.271,1.42465,1.42476,2.17,1.87
2016.01.18 19:59:22.807,1.42466,1.42476,1.00,1.87
2016.01.18 19:59:24.724,1.42465,1.42476,2.25,2.25
2016.01.18 19:59:25.932,1.42467,1.42475,1.00,1.75
2016.01.18 19:59:27.782,1.42466,1.42475,1.00,1.50
2016.01.18 19:59:28.023,1.42461,1.42472,2.62,1.10
2016.01.18 19:59:29.287,1.42461,1.42474,2.25,1.20
2016.01.18 19:59:29.338,1.42463,1.42474,1.00,1.20
2016.01.18 19:59:30.524,1.42463,1.42474,1.00,1.95
2016.01.18 19:59:31.031,1.42463,1.42474,1.00,1.50
2016.01.18 19:59:31.552,1.42462,1.42473,1.00,1.17
2016.01.18 19:59:32.060,1.42462,1.42474,1.00,1.45
2016.01.18 19:59:32.618,1.42462,1.42474,1.00,1.15
2016.01.18 19:59:33.125,1.42462,1.42474,1.00,1.20
2016.01.18 19:59:33.644,1.42462,1.42474,1.00,1.45
2016.01.18 19:59:34.050,1.42462,1.42474,1.10,1.17
2016.01.18 19:59:34.710,1.42462,1.42474,1.00,1.10
2016.01.18 19:59:34.812,1.42462,1.42474,1.00,1.12
2016.01.18 19:59:35.329,1.42461,1.42473,1.07,1.10
2016.01.18 19:59:35.633,1.42461,1.42471,1.00,1.17
2016.01.18 19:59:37.457,1.42459,1.42471,1.87,1.95
2016.01.18 19:59:37.761,1.42459,1.42471,1.12,1.87
2016.01.18 19:59:39.433,1.42458,1.42468,1.37,1.17
2016.01.18 19:59:39.967,1.42459,1.42468,1.20,1.00
2016.01.18 19:59:40.823,1.42458,1.42467,1.52,1.00
2016.01.18 19:59:47.359,1.42455,1.42467,2.32,1.20
2016.01.18 19:59:47.411,1.42455,1.42467,1.95,2.70
2016.01.18 19:59:47.462,1.42455,1.42464,1.37,1.75
2016.01.18 19:59:47.513,1.4245,1.42462,1.95,1.37
2016.01.18 19:59:47.565,1.4245,1.42461,1.87,1.12
2016.01.18 19:59:47.616,1.4245,1.42461,1.12,1.12
2016.01.18 19:59:47.719,1.42447,1.42459,1.87,1.12
2016.01.18 19:59:48.151,1.42447,1.4246,1.00,2.25
2016.01.18 19:59:48.355,1.42447,1.4246,1.00,2.25
2016.01.18 19:59:50.204,1.42447,1.4246,1.50,1.87
2016.01.18 19:59:50.717,1.42446,1.42458,1.12,1.47
2016.01.18 19:59:50.768,1.42445,1.42456,1.27,1.00
2016.01.18 19:59:51.292,1.42443,1.42456,1.95,1.10
2016.01.18 19:59:52.185,1.42443,1.42456,1.57,1.20
2016.01.18 19:59:53.844,1.42443,1.42456,1.12,2.25
2016.01.18 19:59:54.850,1.42443,1.42455,1.87,1.20
2016.01.18 19:59:56.261,1.42443,1.42455,1.00,1.50
2016.01.18 19:59:56.413,1.42442,1.42456,1.87,2.62
2016.01.18 19:59:56.943,1.42442,1.42456,1.87,2.32
2016.01.18 19:59:57.096,1.42442,1.42456,2.25,2.32
2016.01.18 19:59:57.633,1.42442,1.42456,2.77,1.27
2016.01.18 19:59:59.654,1.42443,1.42457,1.50,3.15
