2016.09.12 19:00:00.077,1.33338,1.33345,1.00,2.25
2016.09.12 19:00:00.128,1.33341,1.33346,1.12,1.12
2016.09.12 19:00:00.180,1.33343,1.33346,1.00,1.00
2016.09.12 19:00:00.283,1.33342,1.33346,1.00,1.00
2016.09.12 19:00:00.469,1.33338,1.33348,1.00,1.00
2016.09.12 19:00:00.523,1.33337,1.33348,4.20,1.50
2016.09.12 19:00:00.574,1.33337,1.33345,1.57,1.00
2016.09.12 19:00:00.626,1.33337,1.33345,1.10,1.00
2016.09.12 19:00:00.677,1.33338,1.33345,1.00,1.00
2016.09.12 19:00:00.728,1.33337,1.33344,1.50,1.00
2016.09.12 19:00:00.781,1.33337,1.33343,1.00,1.00
2016.09.12 19:00:00.985,1.33337,1.33343,1.50,1.00
2016.09.12 19:00:01.036,1.33338,1.33343,1.00,1.00
2016.09.12 19:00:01.579,1.33337,1.33343,1.00,1.00
2016.09.12 19:00:01.630,1.3334,1.33343,1.91,1.00
2016.09.12 19:00:01.682,1.33342,1.33347,1.00,1.50
2016.09.12 19:00:01.733,1.33342,1.33347,1.00,1.00
2016.09.12 19:00:01.997,1.33342,1.33347,1.00,1.50
2016.09.12 19:00:02.152,1.33342,1.33347,1.00,1.00
2016.09.12 19:00:02.413,1.33341,1.33347,1.00,1.00
2016.09.12 19:00:02.625,1.33341,1.33347,1.00,1.50
2016.09.12 19:00:02.909,1.33341,1.33347,1.00,1.00
2016.09.12 19:00:03.115,1.33342,1.33347,1.00,1.00
2016.09.12 19:00:03.220,1.33342,1.33347,1.50,1.00
2016.09.12 19:00:03.323,1.33342,1.33347,1.00,1.00
2016.09.12 19:00:03.895,1.33341,1.33347,3.00,1.00
2016.09.12 19:00:03.947,1.33341,1.33347,2.25,1.00
2016.09.12 19:00:04.050,1.33341,1.33347,1.00,1.00
2016.09.12 19:00:04.153,1.33341,1.33348,1.00,1.12
2016.09.12 19:00:04.204,1.33341,1.33348,1.50,1.12
2016.09.12 19:00:04.255,1.33341,1.33348,2.25,1.12
2016.09.12 19:00:04.725,1.33342,1.33348,1.50,1.12
2016.09.12 19:00:05.536,1.33342,1.33348,1.50,1.12
2016.09.12 19:00:05.594,1.33342,1.33348,2.25,1.12
2016.09.12 19:00:06.612,1.33343,1.33348,1.12,1.12
2016.09.12 19:00:06.715,1.33343,1.33348,1.12,1.12
2016.09.12 19:00:06.767,1.33343,1.33348,2.85,1.12
2016.09.12 19:00:06.855,1.33344,1.33348,1.67,1.12
2016.09.12 19:00:06.906,1.33344,1.33348,1.67,1.12
2016.09.12 19:00:06.957,1.33344,1.33348,1.00,1.12
2016.09.12 19:00:07.161,1.33343,1.33348,1.37,1.12
2016.09.12 19:00:07.662,1.33343,1.33348,1.50,1.12
2016.09.12 19:00:07.787,1.33343,1.33348,1.50,1.00
2016.09.12 19:00:08.247,1.33343,1.33348,1.37,1.00
2016.09.12 19:00:09.146,1.33343,1.33348,1.37,1.50
2016.09.12 19:00:09.459,1.33343,1.33348,1.37,1.00
2016.09.12 19:00:09.561,1.33343,1.33348,1.12,1.50
2016.09.12 19:00:09.663,1.33343,1.33348,1.00,1.50
2016.09.12 19:00:09.867,1.33343,1.33348,1.00,2.25
2016.09.12 19:00:09.918,1.33342,1.33348,1.50,2.25
2016.09.12 19:00:09.970,1.33341,1.33348,1.10,1.50
2016.09.12 19:00:10.227,1.3334,1.33348,1.07,2.62
2016.09.12 19:00:10.420,1.33339,1.33342,2.25,1.50
2016.09.12 19:00:10.472,1.33334,1.33342,2.32,1.50
2016.09.12 19:00:10.524,1.33336,1.33342,1.35,1.50
2016.09.12 19:00:10.577,1.33336,1.33342,1.12,1.50
2016.09.12 19:00:10.672,1.33336,1.33342,1.95,1.50
2016.09.12 19:00:10.723,1.33336,1.33342,1.10,1.50
2016.09.12 19:00:11.405,1.33335,1.33342,2.25,1.50
2016.09.12 19:00:11.489,1.33335,1.33342,1.00,1.50
2016.09.12 19:00:11.592,1.33335,1.33342,1.00,1.00
2016.09.12 19:00:11.695,1.33335,1.33342,1.12,1.00
2016.09.12 19:00:11.797,1.33335,1.33342,1.00,1.00
2016.09.12 19:00:13.260,1.33335,1.33342,1.00,1.50
2016.09.12 19:00:13.617,1.33335,1.33342,1.00,1.00
2016.09.12 19:00:14.318,1.33335,1.33342,1.00,1.50
2016.09.12 19:00:14.928,1.33335,1.33342,1.00,1.00
2016.09.12 19:00:15.121,1.33335,1.33342,1.00,1.50
2016.09.12 19:00:15.327,1.33335,1.33342,1.00,2.25
2016.09.12 19:00:20.069,1.33335,1.33342,1.00,1.50
2016.09.12 19:00:20.836,1.33335,1.33342,1.12,2.25
2016.09.12 19:00:21.020,1.33335,1.33342,1.50,2.25
2016.09.12 19:00:21.124,1.33335,1.33342,1.12,2.25
2016.09.12 19:00:21.176,1.33335,1.33342,1.00,2.25
2016.09.12 19:00:21.331,1.33335,1.33342,1.00,1.50
2016.09.12 19:00:21.551,1.33335,1.33342,1.00,2.25
2016.09.12 19:00:22.056,1.33335,1.33342,1.00,1.50
2016.09.12 19:00:22.107,1.33335,1.33341,1.00,1.00
2016.09.12 19:00:27.754,1.33335,1.33341,1.50,1.00
2016.09.12 19:00:27.805,1.33334,1.33341,1.75,1.00
2016.09.12 19:00:27.858,1.33334,1.33341,1.75,1.50
2016.09.12 19:00:28.438,1.33334,1.33341,1.75,1.00
2016.09.12 19:00:28.489,1.33334,1.33342,1.75,1.37
2016.09.12 19:00:28.540,1.33334,1.33342,1.75,1.87
2016.09.12 19:00:28.643,1.33335,1.33342,1.50,1.37
2016.09.12 19:00:28.694,1.33336,1.33343,1.87,1.12
2016.09.12 19:00:28.847,1.33336,1.33343,1.87,1.87
2016.09.12 19:00:29.842,1.33336,1.33343,1.87,1.12
2016.09.12 19:00:29.944,1.33336,1.33343,1.87,1.12
2016.09.12 19:00:29.995,1.33336,1.33344,1.12,1.12
2016.09.12 19:00:30.097,1.33337,1.33344,1.00,1.12
2016.09.12 19:00:30.148,1.33337,1.33344,1.00,1.12
2016.09.12 19:00:30.199,1.33335,1.33343,1.50,1.37
2016.09.12 19:00:30.250,1.33334,1.33343,1.95,1.37
2016.09.12 19:00:30.352,1.33334,1.33343,1.57,1.37
2016.09.12 19:00:30.454,1.33334,1.33343,1.50,1.87
2016.09.12 19:00:30.556,1.33334,1.33343,1.50,1.37
2016.09.12 19:00:30.658,1.33334,1.33343,1.87,1.37
2016.09.12 19:00:30.887,1.33334,1.33343,1.87,1.87
2016.09.12 19:00:30.938,1.33334,1.33343,1.50,1.37
2016.09.12 19:00:31.246,1.33334,1.33343,1.00,1.87
2016.09.12 19:00:31.997,1.33334,1.33342,1.00,1.12
2016.09.12 19:00:32.048,1.33334,1.33342,1.00,1.87
2016.09.12 19:00:32.353,1.33334,1.33342,1.00,1.37
2016.09.12 19:00:32.964,1.33334,1.33342,1.00,1.87
2016.09.12 19:00:33.283,1.33334,1.33342,1.00,1.37
2016.09.12 19:00:33.385,1.33334,1.33342,1.50,1.37
2016.09.12 19:00:34.003,1.33334,1.33342,1.87,1.37
2016.09.12 19:00:34.054,1.33334,1.33342,2.25,1.37
2016.09.12 19:00:34.259,1.33334,1.33342,2.25,1.87
2016.09.12 19:00:34.527,1.33339,1.33342,1.00,1.87
2016.09.12 19:00:34.581,1.33342,1.33344,1.00,1.12
2016.09.12 19:00:34.633,1.33342,1.33347,1.00,1.95
2016.09.12 19:00:34.685,1.33342,1.33347,1.37,1.37
2016.09.12 19:00:34.788,1.33342,1.33349,1.00,1.87
2016.09.12 19:00:34.891,1.33342,1.33349,1.00,1.12
2016.09.12 19:00:35.676,1.33342,1.33349,1.50,1.12
2016.09.12 19:00:36.405,1.33342,1.3335,1.50,1.50
2016.09.12 19:00:36.677,1.33342,1.3335,1.00,1.50
2016.09.12 19:00:36.830,1.33342,1.33352,1.00,1.85
2016.09.12 19:00:36.938,1.33342,1.33353,1.00,3.82
2016.09.12 19:00:36.989,1.33342,1.33352,1.00,1.85
2016.09.12 19:00:37.091,1.33342,1.33352,1.00,1.10
2016.09.12 19:00:37.244,1.33342,1.33352,1.00,1.95
2016.09.12 19:00:37.295,1.33342,1.33352,1.00,2.70
2016.09.12 19:00:37.397,1.33342,1.33352,1.00,1.95
2016.09.12 19:00:37.448,1.33342,1.33352,1.00,1.10
2016.09.12 19:00:38.786,1.33342,1.33352,1.87,1.10
2016.09.12 19:00:38.837,1.33343,1.33352,1.37,1.10
2016.09.12 19:00:38.889,1.33343,1.33353,1.12,1.07
2016.09.12 19:00:38.941,1.33343,1.33354,1.12,2.32
2016.09.12 19:00:38.993,1.33343,1.33354,1.87,3.07
2016.09.12 19:00:39.299,1.33343,1.33354,2.25,3.07
2016.09.12 19:00:39.401,1.33345,1.33354,1.00,3.07
2016.09.12 19:00:39.894,1.33345,1.33354,1.00,2.32
2016.09.12 19:00:40.472,1.33345,1.33354,1.00,1.57
2016.09.12 19:00:40.574,1.33345,1.33354,1.00,2.32
2016.09.12 19:00:40.879,1.33345,1.33354,1.00,1.57
2016.09.12 19:00:40.930,1.33344,1.33355,1.50,5.62
2016.09.12 19:00:40.982,1.33344,1.33355,1.50,3.37
2016.09.12 19:00:41.124,1.3335,1.33355,1.00,1.50
2016.09.12 19:00:41.175,1.33352,1.33359,1.50,1.87
2016.09.12 19:00:41.226,1.33352,1.33359,1.57,1.50
2016.09.12 19:00:41.278,1.33352,1.33362,1.10,2.25
2016.09.12 19:00:41.382,1.33352,1.33362,1.00,2.25
2016.09.12 19:00:41.454,1.33352,1.33362,1.00,1.12
2016.09.12 19:00:41.558,1.33352,1.33362,1.00,2.25
2016.09.12 19:00:41.661,1.33352,1.33361,1.00,1.75
2016.09.12 19:00:41.764,1.33352,1.33361,1.00,1.12
2016.09.12 19:00:42.042,1.33352,1.33362,1.00,1.37
2016.09.12 19:00:42.093,1.33352,1.33362,1.00,1.87
2016.09.12 19:00:42.195,1.33352,1.33362,1.50,1.87
2016.09.12 19:00:42.297,1.33352,1.33362,1.50,2.62
2016.09.12 19:00:42.349,1.33352,1.33362,1.50,3.75
2016.09.12 19:00:42.502,1.33352,1.33361,1.50,1.00
2016.09.12 19:00:42.820,1.33352,1.33361,1.00,1.50
2016.09.12 19:00:43.194,1.33352,1.33361,1.87,1.00
2016.09.12 19:00:43.245,1.33353,1.33361,1.00,1.00
2016.09.12 19:00:43.297,1.33353,1.33361,3.37,1.00
2016.09.12 19:00:43.348,1.33353,1.33361,3.75,1.00
2016.09.12 19:00:43.502,1.33353,1.33363,3.75,4.87
2016.09.12 19:00:44.014,1.33353,1.33363,3.75,5.62
2016.09.12 19:00:44.066,1.33353,1.33363,3.75,4.87
2016.09.12 19:00:44.132,1.33352,1.33362,1.00,1.50
2016.09.12 19:00:44.185,1.33352,1.33362,1.00,1.50
2016.09.12 19:00:44.237,1.33352,1.33363,1.00,6.64
2016.09.12 19:00:44.288,1.33352,1.33362,1.00,1.50
2016.09.12 19:00:44.596,1.33352,1.33363,1.00,5.89
2016.09.12 19:00:44.698,1.33352,1.33363,1.00,6.22
2016.09.12 19:00:44.868,1.33352,1.33361,1.00,1.12
2016.09.12 19:00:45.977,1.33352,1.33361,1.00,1.46
2016.09.12 19:00:46.079,1.33352,1.33361,1.00,1.12
2016.09.12 19:00:47.388,1.33349,1.33359,3.82,1.00
2016.09.12 19:00:47.439,1.3335,1.33359,1.10,1.50
2016.09.12 19:00:47.491,1.3335,1.33358,1.10,1.00
2016.09.12 19:00:47.542,1.33349,1.33358,1.00,1.00
2016.09.12 19:00:47.593,1.33349,1.33356,1.00,1.00
2016.09.12 19:00:47.644,1.33348,1.33356,1.00,1.00
2016.09.12 19:00:47.695,1.33346,1.33356,2.25,1.00
2016.09.12 19:00:47.747,1.33346,1.33356,1.57,1.00
2016.09.12 19:00:47.929,1.33345,1.33352,1.87,1.00
2016.09.12 19:00:47.984,1.33345,1.33352,1.00,1.00
2016.09.12 19:00:48.086,1.33345,1.33354,1.00,1.00
2016.09.12 19:00:48.546,1.33345,1.33354,1.50,1.00
2016.09.12 19:00:48.598,1.33345,1.33355,3.00,1.00
2016.09.12 19:00:48.702,1.33345,1.33355,2.25,1.00
2016.09.12 19:00:49.328,1.33345,1.33355,1.50,1.00
2016.09.12 19:00:49.430,1.33345,1.33353,2.25,1.00
2016.09.12 19:00:50.004,1.33345,1.33354,3.00,1.00
2016.09.12 19:00:50.312,1.33345,1.33354,2.25,1.00
2016.09.12 19:00:50.465,1.33346,1.33354,1.00,1.00
2016.09.12 19:00:55.037,1.33346,1.33354,1.50,1.00
2016.09.12 19:00:55.453,1.33346,1.33354,1.00,1.00
2016.09.12 19:00:55.505,1.33344,1.33352,2.40,1.00
2016.09.12 19:00:55.671,1.33342,1.33349,1.00,1.00
2016.09.12 19:00:55.723,1.33342,1.33351,1.00,1.00
2016.09.12 19:00:55.827,1.33342,1.33349,1.00,1.00
2016.09.12 19:00:57.141,1.33342,1.33349,1.50,1.00
2016.09.12 19:00:57.243,1.33342,1.33351,1.50,1.50
2016.09.12 19:00:57.397,1.33342,1.3335,1.50,1.00
2016.09.12 19:00:58.215,1.33342,1.33352,1.50,1.00
2016.09.12 19:00:58.266,1.33342,1.33352,1.00,1.50
2016.09.12 19:00:58.318,1.33341,1.3335,2.62,1.00
2016.09.12 19:00:58.419,1.33341,1.33348,1.12,1.00
2016.09.12 19:01:00.307,1.33339,1.33348,3.37,1.00
2016.09.12 19:01:00.379,1.33339,1.33348,1.87,1.00
2016.09.12 19:01:00.431,1.33339,1.33347,1.50,1.00
2016.09.12 19:01:00.637,1.33339,1.33347,1.00,1.00
2016.09.12 19:01:01.041,1.33339,1.33349,1.10,1.00
2016.09.12 19:01:01.092,1.3334,1.33349,1.12,1.00
2016.09.12 19:01:01.143,1.3334,1.3335,1.12,1.10
2016.09.12 19:01:01.246,1.3334,1.3335,2.62,1.10
2016.09.12 19:01:01.348,1.3334,1.3335,1.12,1.10
2016.09.12 19:01:01.446,1.33341,1.3335,2.25,1.10
2016.09.12 19:01:01.549,1.33341,1.33351,2.25,2.62
2016.09.12 19:01:01.954,1.33342,1.33351,1.00,2.62
2016.09.12 19:01:02.005,1.33342,1.33351,1.00,1.87
2016.09.12 19:01:02.057,1.33342,1.33351,1.00,1.57
2016.09.12 19:01:02.108,1.33342,1.33351,1.00,1.10
2016.09.12 19:01:02.211,1.33342,1.33351,1.00,1.10
2016.09.12 19:01:02.262,1.33342,1.33351,1.00,1.00
2016.09.12 19:01:02.313,1.33342,1.33352,1.00,2.25
2016.09.12 19:01:02.364,1.33342,1.33352,1.57,2.25
2016.09.12 19:01:02.466,1.33342,1.33352,1.95,1.12
2016.09.12 19:01:03.124,1.33342,1.33351,1.95,1.00
2016.09.12 19:01:03.582,1.33342,1.33351,2.70,1.00
2016.09.12 19:01:03.684,1.33342,1.33351,2.32,1.00
2016.09.12 19:01:03.903,1.33343,1.33351,1.10,1.00
2016.09.12 19:01:03.954,1.33343,1.33353,3.82,2.25
2016.09.12 19:01:04.005,1.33347,1.33353,1.00,2.25
2016.09.12 19:01:04.057,1.33348,1.33355,1.00,1.75
2016.09.12 19:01:04.108,1.33349,1.33356,1.00,1.87
2016.09.12 19:01:04.159,1.33349,1.33357,1.00,1.75
2016.09.12 19:01:04.523,1.33349,1.33357,1.00,1.00
2016.09.12 19:01:04.814,1.33349,1.33357,1.00,1.50
2016.09.12 19:01:04.917,1.3335,1.33357,1.00,1.00
2016.09.12 19:01:04.969,1.3335,1.33359,1.00,1.50
2016.09.12 19:01:05.020,1.33349,1.3336,1.12,4.12
2016.09.12 19:01:05.071,1.33349,1.3336,1.00,4.12
2016.09.12 19:01:05.123,1.33349,1.33359,1.00,1.50
2016.09.12 19:01:05.174,1.33349,1.33359,1.00,2.62
2016.09.12 19:01:05.226,1.33349,1.33359,1.00,1.87
2016.09.12 19:01:05.279,1.33349,1.3336,1.00,2.62
2016.09.12 19:01:05.611,1.33349,1.3336,1.12,3.37
2016.09.12 19:01:05.664,1.33349,1.3336,1.12,3.75
2016.09.12 19:01:05.716,1.33348,1.33359,1.47,1.50
2016.09.12 19:01:05.872,1.3335,1.33359,1.00,1.50
2016.09.12 19:01:05.923,1.3335,1.33359,1.00,1.50
2016.09.12 19:01:06.025,1.33349,1.33354,1.12,2.25
2016.09.12 19:01:06.076,1.33347,1.33354,4.20,2.25
2016.09.12 19:01:06.128,1.33347,1.33354,4.95,2.25
2016.09.12 19:01:06.179,1.33347,1.33354,4.57,2.25
2016.09.12 19:01:06.281,1.33347,1.33354,3.07,2.25
2016.09.12 19:01:06.334,1.33346,1.33354,1.45,3.00
2016.09.12 19:01:06.406,1.33346,1.33354,1.45,2.25
2016.09.12 19:01:06.457,1.33345,1.33354,1.57,2.25
2016.09.12 19:01:06.640,1.33345,1.33354,3.07,2.25
2016.09.12 19:01:07.154,1.33345,1.33352,1.57,1.00
2016.09.12 19:01:08.062,1.33344,1.33351,4.12,2.25
2016.09.12 19:01:08.113,1.33344,1.33349,3.37,1.00
2016.09.12 19:01:08.164,1.33344,1.33349,2.62,1.50
2016.09.12 19:01:08.215,1.33342,1.33349,5.62,1.00
2016.09.12 19:01:08.266,1.33342,1.33349,4.12,1.00
2016.09.12 19:01:09.175,1.33342,1.33349,3.41,1.00
2016.09.12 19:01:09.227,1.33342,1.33348,2.70,1.50
2016.09.12 19:01:09.278,1.33342,1.33348,1.00,1.50
2016.09.12 19:01:09.330,1.33341,1.33348,1.20,1.00
2016.09.12 19:01:09.791,1.33341,1.33348,1.57,1.00
2016.09.12 19:01:09.894,1.33341,1.33348,1.20,1.00
2016.09.12 19:01:10.252,1.3334,1.33348,3.79,1.00
2016.09.12 19:01:10.392,1.3334,1.33348,2.66,1.00
2016.09.12 19:01:10.444,1.3334,1.33349,2.29,3.00
2016.09.12 19:01:10.902,1.3334,1.33349,1.54,3.00
2016.09.12 19:01:11.157,1.33341,1.33349,1.10,3.00
2016.09.12 19:01:11.208,1.3334,1.33349,1.20,3.00
2016.09.12 19:01:11.259,1.33339,1.33347,1.57,1.00
2016.09.12 19:01:11.426,1.33339,1.33347,1.10,1.00
2016.09.12 19:01:11.477,1.33339,1.33347,1.91,1.50
2016.09.12 19:01:11.537,1.33339,1.33347,1.57,1.50
2016.09.12 19:01:11.589,1.33341,1.33347,1.12,1.50
2016.09.12 19:01:11.641,1.33341,1.33348,1.12,2.25
2016.09.12 19:01:11.744,1.33341,1.33348,2.62,2.25
2016.09.12 19:01:11.796,1.33341,1.33348,2.25,2.25
2016.09.12 19:01:12.651,1.33341,1.33348,1.00,2.25
2016.09.12 19:01:12.703,1.33341,1.33348,1.09,2.25
2016.09.12 19:01:12.754,1.33341,1.33348,1.00,2.25
2016.09.12 19:01:13.832,1.33341,1.3335,1.00,1.50
2016.09.12 19:01:15.292,1.33341,1.3335,1.20,1.50
2016.09.12 19:01:15.444,1.33341,1.3335,1.20,1.00
2016.09.12 19:01:15.699,1.33342,1.3335,3.07,1.00
2016.09.12 19:01:15.750,1.33345,1.33352,1.12,1.12
2016.09.12 19:01:15.801,1.33345,1.33353,3.45,2.25
2016.09.12 19:01:15.903,1.33345,1.33353,3.07,2.25
2016.09.12 19:01:16.246,1.33345,1.33353,1.10,2.25
2016.09.12 19:01:16.298,1.33344,1.33353,1.20,3.00
2016.09.12 19:01:16.349,1.33343,1.33352,3.37,1.00
2016.09.12 19:01:16.401,1.33343,1.33352,2.62,1.00
2016.09.12 19:01:16.453,1.33343,1.33352,1.87,2.25
2016.09.12 19:01:16.555,1.33343,1.33352,1.50,1.00
2016.09.12 19:01:16.657,1.33343,1.33352,1.50,1.50
2016.09.12 19:01:16.759,1.33343,1.33352,2.25,1.50
2016.09.12 19:01:16.810,1.33343,1.33352,1.00,1.50
2016.09.12 19:01:16.862,1.33343,1.33352,1.00,2.25
2016.09.12 19:01:17.090,1.33343,1.33352,1.00,1.50
2016.09.12 19:01:17.535,1.33343,1.33352,1.00,1.00
2016.09.12 19:01:17.789,1.33343,1.33353,1.00,2.25
2016.09.12 19:01:17.841,1.33343,1.33353,1.12,1.50
2016.09.12 19:01:17.943,1.33343,1.33353,2.62,1.50
2016.09.12 19:01:18.101,1.33344,1.33353,1.48,1.00
2016.09.12 19:01:18.152,1.33345,1.33354,1.37,1.00
2016.09.12 19:01:18.203,1.33345,1.33354,1.00,1.00
2016.09.12 19:01:20.444,1.33343,1.33352,3.90,1.00
2016.09.12 19:01:20.496,1.33343,1.33352,1.65,1.00
2016.09.12 19:01:20.547,1.33343,1.33353,1.10,1.00
2016.09.12 19:01:20.598,1.33341,1.33353,6.00,1.00
2016.09.12 19:01:20.649,1.33341,1.33352,6.00,1.00
2016.09.12 19:01:20.702,1.33341,1.33352,4.87,1.00
2016.09.12 19:01:20.753,1.33341,1.33352,4.50,1.00
2016.09.12 19:01:20.957,1.33341,1.33352,3.00,1.50
2016.09.12 19:01:21.083,1.33341,1.33351,2.02,1.00
2016.09.12 19:01:21.134,1.33341,1.3335,2.77,1.00
2016.09.12 19:01:21.389,1.33341,1.3335,2.70,1.00
2016.09.12 19:01:21.441,1.33341,1.3335,2.62,1.00
2016.09.12 19:01:21.748,1.33341,1.3335,2.25,1.00
2016.09.12 19:01:22.002,1.33341,1.3335,1.00,1.00
2016.09.12 19:01:22.136,1.33341,1.3335,2.25,1.00
2016.09.12 19:01:22.195,1.33344,1.33353,1.12,1.00
2016.09.12 19:01:22.249,1.33344,1.33353,1.00,1.00
2016.09.12 19:01:22.300,1.33344,1.33353,1.20,1.00
2016.09.12 19:01:22.352,1.33343,1.33354,3.00,1.00
2016.09.12 19:01:22.403,1.33343,1.33355,3.75,1.00
2016.09.12 19:01:22.454,1.33343,1.33353,4.50,1.00
2016.09.12 19:01:22.760,1.33343,1.33354,3.75,1.00
2016.09.12 19:01:23.282,1.33343,1.33354,3.07,1.00
2016.09.12 19:01:24.325,1.33345,1.33355,2.59,1.00
2016.09.12 19:01:24.376,1.33346,1.33358,1.87,5.02
2016.09.12 19:01:24.428,1.33346,1.33358,1.87,5.36
2016.09.12 19:01:24.479,1.33346,1.33358,1.87,4.24
2016.09.12 19:01:24.583,1.33346,1.33358,2.25,5.36
2016.09.12 19:01:24.686,1.33346,1.33358,1.87,5.36
2016.09.12 19:01:24.737,1.33347,1.33358,1.12,5.02
2016.09.12 19:01:24.789,1.33347,1.33358,2.59,2.40
2016.09.12 19:01:24.840,1.33347,1.33359,3.34,4.20
2016.09.12 19:01:24.891,1.33347,1.33359,3.00,2.32
2016.09.12 19:01:24.943,1.33347,1.33359,2.70,1.50
2016.09.12 19:01:24.994,1.33347,1.33359,4.20,1.50
2016.09.12 19:01:25.045,1.33347,1.33359,3.45,1.50
2016.09.12 19:01:25.097,1.33348,1.33354,1.10,1.00
2016.09.12 19:01:25.270,1.33345,1.33353,3.56,2.25
2016.09.12 19:01:25.376,1.33342,1.33352,1.50,1.00
2016.09.12 19:01:25.427,1.33342,1.33352,1.00,1.50
2016.09.12 19:01:25.478,1.33342,1.33351,1.00,1.00
2016.09.12 19:01:25.581,1.33342,1.3335,1.00,1.00
2016.09.12 19:01:25.838,1.33344,1.3335,1.00,1.00
2016.09.12 19:01:25.889,1.33344,1.33353,1.50,1.50
2016.09.12 19:01:26.057,1.33344,1.33353,1.00,1.00
2016.09.12 19:01:26.161,1.33343,1.33352,1.00,1.37
2016.09.12 19:01:26.213,1.33342,1.33352,1.87,1.37
2016.09.12 19:01:26.264,1.33342,1.33351,1.50,1.87
2016.09.12 19:01:26.520,1.33342,1.33351,1.50,1.87
2016.09.12 19:01:26.674,1.33342,1.33351,1.00,1.87
2016.09.12 19:01:26.881,1.3334,1.3335,3.00,1.50
2016.09.12 19:01:27.292,1.3334,1.3335,3.00,1.00
2016.09.12 19:01:28.347,1.3334,1.33351,3.00,1.87
2016.09.12 19:01:29.117,1.3334,1.33351,3.75,1.87
2016.09.12 19:01:29.168,1.3334,1.33351,3.75,1.12
2016.09.12 19:01:29.525,1.3334,1.33351,4.50,1.12
2016.09.12 19:01:30.094,1.33341,1.33351,1.00,1.12
2016.09.12 19:01:30.146,1.33341,1.33351,1.00,1.00
2016.09.12 19:01:30.314,1.33341,1.33351,1.00,1.50
2016.09.12 19:01:30.372,1.33341,1.33351,1.00,2.25
2016.09.12 19:01:30.424,1.33341,1.33351,2.25,2.25
2016.09.12 19:01:30.835,1.33341,1.33351,1.50,2.25
2016.09.12 19:01:30.886,1.3334,1.3335,3.00,2.25
2016.09.12 19:01:30.988,1.3334,1.33349,3.00,1.00
2016.09.12 19:01:31.090,1.3334,1.33349,3.00,1.00
2016.09.12 19:01:31.219,1.3334,1.33349,1.50,1.00
2016.09.12 19:01:32.222,1.33341,1.33349,1.50,1.00
2016.09.12 19:01:32.632,1.33341,1.33349,1.50,1.00
2016.09.12 19:01:33.731,1.3334,1.33349,1.00,1.00
2016.09.12 19:01:34.189,1.3334,1.33351,1.50,2.62
2016.09.12 19:01:34.291,1.3334,1.33351,1.84,2.62
2016.09.12 19:01:34.342,1.3334,1.33351,2.21,2.62
2016.09.12 19:01:34.393,1.3334,1.33351,2.59,2.62
2016.09.12 19:01:34.495,1.3334,1.33351,3.34,2.62
2016.09.12 19:01:34.598,1.3334,1.33351,4.84,2.62
2016.09.12 19:01:34.792,1.3334,1.33351,4.09,2.62
2016.09.12 19:01:34.945,1.3334,1.33351,3.37,2.62
2016.09.12 19:01:34.996,1.3334,1.3335,3.00,1.00
2016.09.12 19:01:35.047,1.3334,1.3335,3.75,1.00
2016.09.12 19:01:35.150,1.3334,1.3335,4.12,1.00
2016.09.12 19:01:35.201,1.3334,1.33351,4.50,1.50
2016.09.12 19:01:35.252,1.3334,1.33351,4.12,1.50
2016.09.12 19:01:35.304,1.3334,1.33351,4.12,2.25
2016.09.12 19:01:35.456,1.3334,1.33351,3.37,2.25
2016.09.12 19:01:35.713,1.3334,1.33351,3.75,1.50
2016.09.12 19:01:35.892,1.3334,1.33351,3.37,1.50
2016.09.12 19:01:35.944,1.3334,1.33351,3.75,1.50
2016.09.12 19:01:36.250,1.3334,1.33351,3.37,1.50
2016.09.12 19:01:36.454,1.3334,1.33351,3.75,1.50
2016.09.12 19:01:36.556,1.3334,1.33351,3.37,1.50
2016.09.12 19:01:36.811,1.3334,1.33351,3.75,1.50
2016.09.12 19:01:37.090,1.3334,1.33351,3.37,1.50
2016.09.12 19:01:37.452,1.3334,1.33351,3.75,1.50
2016.09.12 19:01:37.508,1.3334,1.33351,3.37,1.50
2016.09.12 19:01:38.106,1.3334,1.33349,3.00,1.00
2016.09.12 19:01:38.361,1.3334,1.33349,2.25,1.00
2016.09.12 19:01:39.406,1.3334,1.33349,2.62,1.00
2016.09.12 19:01:39.458,1.3334,1.33349,3.37,1.00
2016.09.12 19:01:39.713,1.33341,1.33351,1.50,1.50
2016.09.12 19:01:39.764,1.33341,1.33352,2.25,3.00
2016.09.12 19:01:39.815,1.33341,1.33352,2.59,2.25
2016.09.12 19:01:39.866,1.33341,1.33352,2.96,1.50
2016.09.12 19:01:39.917,1.33341,1.33352,2.96,2.25
2016.09.12 19:01:40.019,1.33341,1.33352,2.62,2.25
2016.09.12 19:01:40.070,1.33341,1.33352,3.37,2.25
2016.09.12 19:01:40.249,1.33341,1.33352,3.79,2.25
2016.09.12 19:01:40.710,1.33341,1.33352,3.79,1.50
2016.09.12 19:01:40.761,1.33341,1.33352,3.04,1.50
2016.09.12 19:01:41.170,1.33341,1.33352,3.04,2.25
2016.09.12 19:01:43.125,1.33342,1.33352,1.09,2.25
2016.09.12 19:01:44.191,1.33342,1.33352,1.09,3.37
2016.09.12 19:01:44.293,1.33342,1.33351,1.09,1.00
2016.09.12 19:01:45.006,1.33342,1.33351,1.46,1.00
2016.09.12 19:01:45.057,1.33342,1.33351,2.59,1.00
2016.09.12 19:01:45.574,1.33342,1.33351,3.34,1.00
2016.09.12 19:01:45.626,1.33348,1.33351,1.00,1.00
2016.09.12 19:01:45.790,1.33351,1.33352,1.00,2.25
2016.09.12 19:01:45.841,1.33351,1.33361,4.57,1.00
2016.09.12 19:01:45.892,1.33352,1.33362,1.50,3.00
2016.09.12 19:01:45.995,1.33352,1.33362,1.50,2.25
2016.09.12 19:01:46.098,1.33352,1.33362,1.50,1.50
2016.09.12 19:01:46.302,1.33352,1.33362,1.50,2.25
2016.09.12 19:01:46.847,1.33352,1.33362,1.50,1.50
2016.09.12 19:01:46.899,1.33352,1.33361,1.50,1.00
2016.09.12 19:01:47.308,1.33352,1.33361,1.50,1.50
2016.09.12 19:01:47.410,1.33352,1.33361,1.50,1.00
2016.09.12 19:01:47.893,1.33352,1.33361,1.50,1.50
2016.09.12 19:01:49.355,1.33352,1.33361,1.50,1.50
2016.09.12 19:01:49.406,1.33352,1.33361,1.12,2.25
2016.09.12 19:01:49.559,1.33352,1.33361,1.00,2.25
2016.09.12 19:01:50.310,1.33352,1.33361,1.12,1.50
2016.09.12 19:01:50.361,1.33352,1.33361,1.12,1.50
2016.09.12 19:01:50.413,1.33352,1.33361,2.96,1.00
2016.09.12 19:01:50.464,1.33352,1.33361,3.00,1.00
2016.09.12 19:01:50.567,1.33352,1.33361,3.07,1.00
2016.09.12 19:01:50.746,1.33352,1.33363,3.07,3.45
2016.09.12 19:01:50.797,1.33352,1.33363,1.91,3.45
2016.09.12 19:01:50.849,1.33353,1.33363,1.00,3.45
2016.09.12 19:01:50.900,1.33353,1.33363,1.00,1.95
2016.09.12 19:01:50.951,1.33353,1.33363,1.00,1.57
2016.09.12 19:01:51.259,1.33352,1.33363,1.20,1.57
2016.09.12 19:01:51.526,1.33352,1.33361,1.57,1.00
2016.09.12 19:01:53.176,1.33353,1.33361,1.00,1.00
2016.09.12 19:01:53.227,1.33353,1.33363,1.00,4.20
2016.09.12 19:01:53.332,1.33353,1.33363,1.00,3.45
2016.09.12 19:01:53.814,1.33353,1.33363,1.00,2.32
2016.09.12 19:01:53.917,1.33353,1.33363,1.00,3.07
2016.09.12 19:01:54.070,1.33352,1.33363,3.07,2.32
2016.09.12 19:01:54.122,1.33358,1.33364,1.05,3.00
2016.09.12 19:01:54.175,1.33361,1.33364,1.00,1.87
2016.09.12 19:01:54.226,1.33361,1.33369,1.37,2.25
2016.09.12 19:01:54.278,1.3336,1.33369,4.50,1.12
2016.09.12 19:01:54.330,1.3336,1.33372,3.75,5.32
2016.09.12 19:01:54.381,1.3336,1.33371,3.37,1.75
2016.09.12 19:01:54.554,1.3336,1.33372,3.37,6.45
2016.09.12 19:01:54.605,1.3336,1.33372,3.37,3.07
2016.09.12 19:01:54.657,1.33362,1.33372,1.12,3.07
2016.09.12 19:01:54.708,1.33362,1.33371,2.21,1.00
2016.09.12 19:01:54.761,1.33362,1.33372,1.54,2.25
2016.09.12 19:01:54.813,1.33362,1.33372,1.95,1.50
2016.09.12 19:01:54.865,1.33362,1.33373,3.90,1.12
2016.09.12 19:01:54.916,1.33362,1.33372,3.90,1.00
2016.09.12 19:01:54.968,1.33362,1.33372,1.27,1.00
2016.09.12 19:01:55.071,1.33362,1.33372,1.61,1.00
2016.09.12 19:01:55.122,1.33362,1.33373,1.24,3.00
2016.09.12 19:01:55.346,1.33362,1.33372,1.24,1.00
2016.09.12 19:01:55.550,1.33362,1.33372,1.20,1.00
2016.09.12 19:01:56.264,1.33361,1.33372,4.84,1.00
2016.09.12 19:01:56.496,1.33361,1.33372,3.52,1.00
2016.09.12 19:01:56.985,1.33361,1.33372,3.15,1.00
2016.09.12 19:01:57.082,1.33361,1.33372,2.77,1.00
2016.09.12 19:01:57.133,1.33361,1.33372,2.77,1.50
2016.09.12 19:01:57.931,1.33361,1.33371,2.02,1.00
2016.09.12 19:01:58.744,1.33361,1.33372,3.90,1.50
2016.09.12 19:01:58.795,1.33361,1.33372,4.27,1.50
2016.09.12 19:01:58.948,1.33361,1.33371,4.27,1.00
2016.09.12 19:01:59.355,1.33361,1.33371,5.02,1.00
2016.09.12 19:01:59.457,1.33361,1.33371,1.95,1.10
2016.09.12 19:01:59.508,1.33361,1.3337,1.87,1.00
2016.09.12 19:01:59.559,1.33361,1.3337,1.12,1.00
2016.09.12 19:01:59.661,1.33361,1.3337,2.62,1.00
2016.09.12 19:02:00.138,1.33362,1.3337,1.00,1.00
2016.09.12 19:02:00.445,1.33361,1.3337,4.12,1.00
2016.09.12 19:02:00.497,1.33361,1.3337,3.75,1.00
2016.09.12 19:02:00.548,1.33361,1.3337,3.37,1.00
2016.09.12 19:02:00.651,1.33361,1.3337,1.87,1.00
2016.09.12 19:02:00.702,1.33361,1.3337,1.87,1.50
2016.09.12 19:02:01.212,1.33361,1.33369,1.12,1.00
2016.09.12 19:02:01.569,1.33361,1.33365,1.12,1.00
2016.09.12 19:02:01.672,1.33358,1.33365,1.50,1.00
2016.09.12 19:02:01.724,1.33357,1.33362,1.75,1.00
2016.09.12 19:02:01.913,1.3335,1.33359,8.25,1.12
2016.09.12 19:02:01.965,1.3335,1.33359,2.62,1.12
2016.09.12 19:02:02.016,1.3335,1.33359,2.62,1.20
2016.09.12 19:02:02.166,1.3335,1.33359,1.87,1.10
2016.09.12 19:02:02.218,1.33351,1.33359,1.00,1.10
2016.09.12 19:02:02.269,1.33351,1.3336,1.00,1.95
2016.09.12 19:02:02.360,1.33351,1.3336,1.00,1.45
2016.09.12 19:02:02.411,1.33351,1.33361,1.00,1.95
2016.09.12 19:02:02.462,1.33351,1.33361,1.12,1.95
2016.09.12 19:02:02.565,1.33351,1.33362,1.12,1.50
2016.09.12 19:02:02.746,1.33351,1.33362,1.12,2.62
2016.09.12 19:02:03.257,1.33351,1.33362,2.25,1.87
2016.09.12 19:02:03.780,1.33351,1.33362,1.50,1.87
2016.09.12 19:02:05.077,1.33351,1.3336,1.87,2.32
2016.09.12 19:02:05.231,1.33351,1.3336,1.87,1.57
2016.09.12 19:02:06.628,1.33351,1.3336,1.87,2.32
2016.09.12 19:02:06.679,1.33351,1.3336,1.87,1.57
2016.09.12 19:02:07.378,1.33351,1.3336,1.87,1.87
2016.09.12 19:02:07.430,1.33351,1.3336,1.87,2.32
2016.09.12 19:02:08.295,1.33351,1.3336,1.87,1.95
2016.09.12 19:02:08.743,1.33351,1.3336,1.12,1.95
2016.09.12 19:02:08.845,1.33351,1.33359,1.12,1.10
2016.09.12 19:02:08.947,1.33351,1.3336,1.12,1.95
2016.09.12 19:02:09.355,1.33351,1.3336,1.12,1.20
2016.09.12 19:02:09.406,1.3335,1.33356,3.37,1.00
2016.09.12 19:02:09.458,1.33349,1.33355,1.37,1.00
2016.09.12 19:02:09.601,1.33349,1.33355,1.00,1.00
2016.09.12 19:02:09.654,1.33344,1.33355,3.75,1.00
2016.09.12 19:02:10.164,1.33344,1.33355,3.00,1.50
2016.09.12 19:02:10.469,1.33344,1.33355,3.75,1.50
2016.09.12 19:02:10.571,1.33344,1.33355,3.00,1.50
2016.09.12 19:02:10.707,1.33344,1.33355,2.25,1.50
2016.09.12 19:02:11.014,1.33347,1.33355,1.00,1.00
2016.09.12 19:02:11.065,1.33347,1.33356,1.00,1.95
2016.09.12 19:02:11.116,1.33345,1.33354,2.25,1.00
2016.09.12 19:02:11.167,1.33344,1.33354,4.87,1.00
2016.09.12 19:02:11.218,1.33344,1.33354,3.75,1.00
2016.09.12 19:02:11.270,1.33344,1.33353,2.62,1.00
2016.09.12 19:02:11.321,1.33345,1.33353,1.00,1.00
2016.09.12 19:02:11.372,1.33345,1.33353,1.00,1.50
2016.09.12 19:02:11.441,1.33343,1.33352,1.12,1.00
2016.09.12 19:02:11.492,1.33343,1.33352,1.12,1.12
2016.09.12 19:02:12.438,1.33343,1.3335,1.12,1.00
2016.09.12 19:02:12.540,1.33342,1.33351,1.50,1.12
2016.09.12 19:02:13.678,1.33341,1.3335,3.07,1.00
2016.09.12 19:02:13.729,1.33341,1.3335,2.32,1.37
2016.09.12 19:02:13.780,1.33341,1.3335,1.50,1.37
2016.09.12 19:02:13.831,1.33341,1.33351,1.50,1.12
2016.09.12 19:02:14.430,1.33341,1.33351,2.25,1.12
2016.09.12 19:02:16.738,1.33341,1.33351,2.25,1.87
2016.09.12 19:02:16.789,1.33342,1.33351,1.00,1.87
2016.09.12 19:02:16.953,1.33342,1.33351,1.00,2.25
2016.09.12 19:02:17.513,1.33342,1.3335,1.00,1.00
2016.09.12 19:02:18.033,1.33342,1.3335,1.00,1.12
2016.09.12 19:02:19.313,1.33342,1.3335,1.00,1.50
2016.09.12 19:02:19.533,1.33342,1.3335,1.00,1.87
2016.09.12 19:02:19.765,1.3334,1.3335,1.00,2.25
2016.09.12 19:02:20.020,1.3334,1.3335,1.50,2.25
2016.09.12 19:02:21.161,1.3334,1.33348,1.50,1.12
2016.09.12 19:02:21.216,1.3334,1.33344,1.50,1.37
2016.09.12 19:02:21.268,1.3334,1.33345,1.00,2.62
2016.09.12 19:02:21.319,1.33337,1.33345,1.00,1.50
2016.09.12 19:02:21.371,1.33337,1.33345,1.00,2.25
2016.09.12 19:02:21.451,1.33334,1.3334,2.62,1.00
2016.09.12 19:02:21.503,1.33334,1.33342,1.12,1.65
2016.09.12 19:02:21.555,1.33334,1.33342,1.00,1.95
2016.09.12 19:02:21.608,1.33332,1.33342,1.00,1.87
2016.09.12 19:02:21.777,1.33332,1.33341,1.00,1.00
2016.09.12 19:02:22.134,1.33332,1.33341,1.00,1.20
2016.09.12 19:02:22.288,1.33332,1.33341,1.00,1.20
2016.09.12 19:02:22.667,1.33331,1.33341,2.25,1.20
2016.09.12 19:02:23.332,1.33331,1.33341,2.62,1.20
2016.09.12 19:02:23.384,1.33331,1.33341,3.37,1.20
2016.09.12 19:02:23.435,1.33331,1.33341,8.32,1.10
2016.09.12 19:02:23.488,1.33331,1.33342,9.07,1.10
2016.09.12 19:02:23.650,1.33331,1.33342,9.90,1.10
2016.09.12 19:02:23.702,1.33331,1.33342,11.02,1.00
2016.09.12 19:02:23.855,1.33332,1.33342,1.87,1.00
2016.09.12 19:02:23.907,1.33332,1.33343,2.62,1.00
2016.09.12 19:02:23.958,1.33332,1.33344,3.37,1.65
2016.09.12 19:02:24.009,1.33334,1.33344,1.12,1.65
2016.09.12 19:02:25.530,1.33334,1.33343,1.12,1.00
2016.09.12 19:02:25.582,1.33334,1.33342,1.00,1.00
2016.09.12 19:02:25.633,1.33334,1.33342,1.00,1.12
2016.09.12 19:02:25.686,1.33334,1.33342,1.00,1.87
2016.09.12 19:02:25.825,1.33333,1.33342,1.00,1.87
2016.09.12 19:02:25.878,1.33332,1.33341,1.00,1.20
2016.09.12 19:02:25.982,1.33332,1.3334,1.00,1.00
2016.09.12 19:02:26.394,1.33332,1.33341,1.00,1.10
2016.09.12 19:02:26.446,1.33332,1.33341,1.00,1.57
2016.09.12 19:02:26.965,1.33332,1.33341,1.50,1.57
2016.09.12 19:02:27.067,1.33333,1.33341,1.00,1.57
2016.09.12 19:02:27.170,1.33333,1.33341,1.00,1.10
2016.09.12 19:02:27.284,1.33333,1.33341,1.00,1.57
2016.09.12 19:02:27.387,1.33333,1.33341,1.00,1.10
2016.09.12 19:02:27.944,1.33333,1.33341,1.00,1.57
2016.09.12 19:02:28.250,1.33332,1.33341,1.50,1.57
2016.09.12 19:02:28.301,1.33332,1.33341,1.00,1.57
2016.09.12 19:02:28.353,1.33332,1.33341,1.00,1.10
2016.09.12 19:02:28.455,1.33332,1.3334,1.00,1.00
2016.09.12 19:02:28.664,1.33332,1.33341,1.00,1.57
2016.09.12 19:02:28.910,1.33327,1.33331,2.62,1.00
2016.09.12 19:02:28.962,1.33325,1.33331,3.75,2.25
2016.09.12 19:02:29.014,1.33321,1.33331,1.87,2.25
2016.09.12 19:02:29.066,1.33321,1.33331,1.87,1.12
2016.09.12 19:02:29.895,1.33321,1.33331,2.62,1.12
2016.09.12 19:02:30.099,1.33321,1.33331,1.87,1.12
2016.09.12 19:02:30.608,1.33321,1.33331,1.87,1.12
2016.09.12 19:02:30.659,1.33321,1.33328,1.87,1.87
2016.09.12 19:02:30.710,1.33321,1.33328,1.12,2.62
2016.09.12 19:02:30.761,1.3332,1.33328,1.37,1.87
2016.09.12 19:02:30.937,1.33319,1.33328,3.00,1.87
2016.09.12 19:02:30.992,1.33319,1.33328,2.25,1.50
2016.09.12 19:02:31.299,1.33319,1.33328,3.00,1.50
2016.09.12 19:02:31.605,1.3332,1.33328,1.12,1.50
2016.09.12 19:02:31.707,1.3332,1.33328,1.87,1.00
2016.09.12 19:02:31.758,1.3332,1.33329,1.87,1.00
2016.09.12 19:02:31.860,1.3332,1.33329,2.62,1.00
2016.09.12 19:02:32.036,1.3332,1.33329,4.12,1.00
2016.09.12 19:02:32.750,1.3332,1.33325,3.37,1.00
2016.09.12 19:02:32.802,1.3332,1.33325,1.12,1.00
2016.09.12 19:02:32.853,1.33317,1.33325,2.77,1.00
2016.09.12 19:02:33.026,1.33317,1.33324,1.12,1.00
2016.09.12 19:02:33.128,1.33317,1.33324,1.12,1.00
2016.09.12 19:02:33.180,1.33317,1.33324,1.87,1.00
2016.09.12 19:02:33.282,1.33317,1.33326,1.12,1.00
2016.09.12 19:02:33.385,1.33317,1.33324,1.12,1.00
2016.09.12 19:02:33.436,1.33319,1.33324,1.00,1.00
2016.09.12 19:02:33.487,1.3332,1.33327,1.00,1.12
2016.09.12 19:02:33.540,1.3332,1.33329,1.00,1.00
2016.09.12 19:02:33.591,1.3332,1.33332,1.12,5.21
2016.09.12 19:02:33.773,1.3332,1.33332,4.87,2.59
2016.09.12 19:02:33.825,1.3332,1.33332,5.62,2.25
2016.09.12 19:02:33.928,1.3332,1.33332,4.50,2.25
2016.09.12 19:02:34.030,1.3332,1.33332,4.50,1.50
2016.09.12 19:02:34.082,1.3332,1.33332,3.37,1.00
2016.09.12 19:02:34.339,1.3332,1.33332,4.50,1.00
2016.09.12 19:02:34.441,1.3332,1.33332,5.25,1.00
2016.09.12 19:02:34.769,1.33321,1.33332,3.00,1.00
2016.09.12 19:02:34.821,1.33323,1.33333,1.37,1.50
2016.09.12 19:02:34.874,1.33327,1.33335,1.12,1.57
2016.09.12 19:02:34.926,1.33331,1.33337,1.00,1.50
2016.09.12 19:02:34.977,1.33331,1.33339,1.00,2.25
2016.09.12 19:02:35.028,1.33331,1.33339,1.00,1.12
2016.09.12 19:02:35.079,1.33333,1.3334,1.00,1.00
2016.09.12 19:02:35.130,1.33333,1.3334,1.00,1.00
2016.09.12 19:02:35.284,1.33333,1.33343,1.00,4.20
2016.09.12 19:02:35.386,1.33333,1.33343,1.00,5.32
2016.09.12 19:02:35.539,1.33333,1.33343,1.00,4.95
2016.09.12 19:02:36.064,1.33333,1.33343,1.00,3.82
2016.09.12 19:02:36.167,1.33333,1.33343,1.00,4.95
2016.09.12 19:02:36.269,1.33333,1.33343,1.00,3.82
2016.09.12 19:02:36.423,1.33333,1.33341,1.00,1.37
2016.09.12 19:02:36.475,1.33333,1.33339,1.00,1.00
2016.09.12 19:02:36.527,1.33331,1.33339,1.00,1.12
2016.09.12 19:02:36.578,1.33331,1.33339,1.00,1.12
2016.09.12 19:02:36.681,1.33331,1.33339,1.00,1.50
2016.09.12 19:02:36.911,1.33331,1.33339,1.00,1.00
2016.09.12 19:02:36.962,1.33331,1.3334,1.00,1.20
2016.09.12 19:02:37.014,1.33331,1.3334,1.00,1.10
2016.09.12 19:02:37.272,1.33331,1.3334,1.00,1.95
2016.09.12 19:02:37.374,1.33331,1.3334,1.00,1.10
2016.09.12 19:02:37.630,1.3333,1.3334,1.50,1.57
2016.09.12 19:02:37.682,1.3333,1.33338,1.00,1.00
2016.09.12 19:02:38.091,1.3333,1.3334,1.00,3.07
2016.09.12 19:02:39.145,1.33328,1.3334,1.87,3.07
2016.09.12 19:02:39.196,1.33328,1.33339,2.25,1.00
2016.09.12 19:02:39.422,1.33328,1.33339,1.50,1.00
2016.09.12 19:02:39.473,1.33328,1.3334,1.50,1.95
2016.09.12 19:02:39.524,1.33328,1.3334,1.87,1.57
2016.09.12 19:02:39.780,1.33328,1.33338,1.87,1.00
2016.09.12 19:02:39.833,1.33333,1.33338,1.00,1.00
2016.09.12 19:02:39.885,1.33333,1.33342,1.00,1.87
2016.09.12 19:02:39.937,1.33333,1.33342,1.00,1.20
2016.09.12 19:02:39.988,1.33333,1.33342,1.00,1.10
2016.09.12 19:02:40.090,1.33333,1.33342,1.00,1.57
2016.09.12 19:02:40.192,1.33333,1.33342,1.00,1.10
2016.09.12 19:02:40.395,1.33333,1.33344,1.00,3.00
2016.09.12 19:02:40.684,1.33333,1.33344,1.00,3.37
2016.09.12 19:02:40.736,1.33333,1.33344,1.00,3.37
2016.09.12 19:02:40.787,1.33333,1.33344,1.00,3.00
2016.09.12 19:02:40.838,1.33333,1.33344,1.00,2.62
2016.09.12 19:02:41.195,1.33332,1.33344,1.50,1.87
2016.09.12 19:02:41.246,1.33332,1.33344,1.50,1.50
2016.09.12 19:02:41.297,1.33332,1.33344,1.00,1.20
2016.09.12 19:02:41.611,1.33332,1.33344,1.50,1.20
2016.09.12 19:02:41.866,1.33332,1.33344,1.50,1.95
2016.09.12 19:02:41.917,1.33332,1.33344,1.00,1.95
2016.09.12 19:02:41.968,1.33332,1.33344,1.00,1.95
2016.09.12 19:02:42.127,1.33331,1.33344,2.62,1.95
2016.09.12 19:02:42.186,1.33331,1.33344,1.87,1.95
2016.09.12 19:02:42.441,1.33331,1.33344,2.62,1.95
2016.09.12 19:02:42.492,1.33332,1.33344,1.00,2.20
2016.09.12 19:02:44.190,1.33332,1.33342,1.00,1.00
2016.09.12 19:02:44.343,1.33333,1.33343,1.50,1.10
2016.09.12 19:02:44.396,1.33334,1.33345,1.12,3.37
2016.09.12 19:02:44.448,1.33335,1.33344,1.50,1.10
2016.09.12 19:02:44.499,1.33336,1.33347,1.37,1.12
2016.09.12 19:02:44.550,1.33337,1.33347,1.12,1.12
2016.09.12 19:02:44.602,1.33337,1.33347,1.12,1.00
2016.09.12 19:02:45.874,1.33337,1.33347,1.12,1.50
2016.09.12 19:02:46.484,1.33337,1.33347,1.12,1.00
2016.09.12 19:02:47.578,1.33337,1.33347,1.12,1.50
2016.09.12 19:02:48.296,1.33335,1.33347,3.82,1.50
2016.09.12 19:02:48.653,1.33335,1.33344,1.85,1.00
2016.09.12 19:02:48.705,1.33334,1.33344,1.45,1.50
2016.09.12 19:02:48.756,1.33333,1.33344,1.82,1.50
2016.09.12 19:02:48.858,1.33333,1.33344,1.20,1.50
2016.09.12 19:02:49.012,1.33333,1.33344,1.20,1.00
2016.09.12 19:02:49.114,1.33334,1.33343,1.50,1.00
2016.09.12 19:02:52.562,1.33334,1.33344,1.50,1.50
2016.09.12 19:02:52.613,1.33334,1.33345,1.87,1.00
2016.09.12 19:02:52.664,1.33334,1.33345,1.50,1.00
2016.09.12 19:02:52.715,1.33334,1.33345,1.87,1.00
2016.09.12 19:02:52.868,1.33334,1.33345,3.00,1.00
2016.09.12 19:02:53.142,1.33334,1.33345,1.87,1.00
2016.09.12 19:02:58.670,1.33334,1.33345,1.12,1.00
2016.09.12 19:02:59.622,1.33334,1.33344,1.12,1.00
2016.09.12 19:03:00.614,1.33335,1.33343,1.10,1.00
2016.09.12 19:03:00.843,1.33335,1.33341,1.00,1.00
2016.09.12 19:03:01.207,1.33331,1.33341,1.12,1.00
2016.09.12 19:03:01.360,1.33331,1.3334,1.00,1.00
2016.09.12 19:03:01.587,1.3333,1.33339,2.62,1.00
2016.09.12 19:03:01.843,1.33329,1.33339,3.45,1.00
2016.09.12 19:03:02.149,1.33329,1.33339,3.75,1.00
2016.09.12 19:03:04.333,1.33329,1.33339,3.37,1.00
2016.09.12 19:03:04.458,1.33329,1.33339,3.07,1.00
2016.09.12 19:03:04.509,1.33329,1.33339,3.82,1.00
2016.09.12 19:03:04.560,1.3333,1.33339,1.50,1.00
2016.09.12 19:03:04.611,1.3333,1.33339,1.50,1.00
2016.09.12 19:03:04.662,1.3333,1.33339,1.87,1.00
2016.09.12 19:03:04.866,1.3333,1.33339,1.50,1.00
2016.09.12 19:03:05.019,1.3333,1.33339,1.50,1.00
2016.09.12 19:03:05.445,1.3333,1.33338,1.87,1.00
2016.09.12 19:03:05.649,1.33331,1.33341,1.00,1.50
2016.09.12 19:03:05.700,1.33331,1.33341,1.12,1.00
2016.09.12 19:03:05.752,1.33331,1.33342,5.62,1.87
2016.09.12 19:03:05.803,1.33334,1.33343,1.00,1.50
2016.09.12 19:03:05.854,1.33334,1.33343,1.37,1.00
2016.09.12 19:03:05.905,1.33334,1.33343,1.87,1.00
2016.09.12 19:03:06.007,1.33334,1.33343,1.87,1.00
2016.09.12 19:03:06.058,1.33334,1.33343,1.95,1.00
2016.09.12 19:03:06.255,1.33334,1.33343,2.70,1.00
2016.09.12 19:03:06.869,1.33338,1.33347,1.00,1.95
2016.09.12 19:03:06.920,1.33338,1.33347,1.00,1.20
2016.09.12 19:03:06.972,1.33338,1.33347,2.62,1.20
2016.09.12 19:03:07.107,1.33339,1.33347,1.95,1.10
2016.09.12 19:03:07.159,1.33339,1.33349,1.95,1.00
2016.09.12 19:03:07.233,1.33339,1.33349,2.25,1.00
2016.09.12 19:03:07.337,1.3334,1.33349,1.20,1.00
2016.09.12 19:03:07.493,1.3334,1.33349,1.10,1.00
2016.09.12 19:03:07.998,1.3334,1.3335,3.07,1.00
2016.09.12 19:03:08.306,1.3334,1.3335,3.45,1.00
2016.09.12 19:03:08.409,1.3334,1.3335,3.07,1.00
2016.09.12 19:03:08.917,1.3334,1.3335,3.45,1.00
2016.09.12 19:03:09.071,1.3334,1.33351,3.45,1.87
2016.09.12 19:03:09.122,1.3334,1.33351,3.07,1.87
2016.09.12 19:03:09.408,1.3334,1.33351,3.45,1.87
2016.09.12 19:03:09.510,1.3334,1.33351,3.07,1.87
2016.09.12 19:03:10.131,1.3334,1.33351,3.45,1.87
2016.09.12 19:03:10.233,1.3334,1.33351,3.07,1.87
2016.09.12 19:03:10.335,1.3334,1.33351,2.70,1.87
2016.09.12 19:03:10.657,1.3334,1.33351,3.07,1.87
2016.09.12 19:03:10.816,1.3334,1.33351,2.70,1.87
2016.09.12 19:03:11.122,1.3334,1.33351,3.07,1.87
2016.09.12 19:03:11.173,1.3334,1.33351,3.82,1.87
2016.09.12 19:03:11.327,1.3334,1.33351,3.45,1.87
2016.09.12 19:03:11.735,1.3334,1.33351,3.82,1.87
2016.09.12 19:03:12.159,1.3334,1.33351,3.07,1.87
2016.09.12 19:03:12.297,1.3334,1.33351,3.07,1.50
2016.09.12 19:03:12.399,1.3334,1.33351,4.57,1.50
2016.09.12 19:03:12.908,1.3334,1.33351,2.32,1.50
2016.09.12 19:03:14.289,1.3334,1.33351,3.07,1.50
2016.09.12 19:03:16.713,1.3334,1.33349,3.07,1.00
2016.09.12 19:03:16.764,1.3334,1.33348,1.07,1.00
2016.09.12 19:03:16.892,1.33339,1.33345,1.12,2.25
2016.09.12 19:03:16.971,1.33334,1.33341,3.75,1.00
2016.09.12 19:03:17.023,1.33332,1.33341,1.07,1.00
2016.09.12 19:03:17.278,1.33332,1.33341,1.95,1.00
2016.09.12 19:03:17.330,1.33332,1.33342,1.20,1.00
2016.09.12 19:03:18.523,1.33332,1.33342,1.20,1.50
2016.09.12 19:03:18.625,1.33332,1.33342,1.07,1.50
2016.09.12 19:03:18.676,1.33332,1.33342,1.20,1.50
2016.09.12 19:03:19.009,1.33332,1.33342,1.20,1.00
2016.09.12 19:03:19.163,1.33332,1.33342,1.07,1.00
2016.09.12 19:03:19.369,1.33332,1.33342,2.32,1.00
2016.09.12 19:03:20.109,1.33332,1.33342,1.20,1.00
2016.09.12 19:03:20.620,1.33332,1.33343,1.07,1.00
2016.09.12 19:03:20.811,1.33332,1.33343,2.32,1.00
2016.09.12 19:03:20.864,1.33332,1.33342,1.95,1.00
2016.09.12 19:03:20.916,1.33331,1.33342,4.12,1.00
2016.09.12 19:03:20.968,1.33331,1.33342,4.87,1.00
2016.09.12 19:03:21.070,1.33331,1.33342,4.12,1.00
2016.09.12 19:03:21.528,1.33331,1.33342,4.12,1.50
2016.09.12 19:03:22.140,1.33331,1.33342,4.87,1.50
2016.09.12 19:03:24.772,1.33333,1.33342,1.10,1.50
2016.09.12 19:03:25.334,1.33333,1.33341,1.10,1.00
2016.09.12 19:03:25.387,1.33333,1.33341,1.00,1.00
2016.09.12 19:03:25.440,1.33332,1.33333,1.00,1.00
2016.09.12 19:03:25.592,1.3333,1.33332,2.70,1.00
2016.09.12 19:03:25.644,1.33324,1.33332,1.00,1.50
2016.09.12 19:03:25.747,1.33324,1.33332,1.50,1.50
2016.09.12 19:03:25.850,1.33324,1.33332,1.00,1.00
2016.09.12 19:03:25.952,1.33324,1.33332,1.50,1.00
2016.09.12 19:03:27.456,1.33328,1.33333,1.87,1.00
2016.09.12 19:03:27.508,1.3333,1.33336,1.50,1.20
2016.09.12 19:03:27.663,1.33331,1.33336,1.87,1.10
2016.09.12 19:03:27.715,1.33333,1.33343,1.95,1.00
2016.09.12 19:03:27.766,1.33333,1.33343,1.57,1.00
2016.09.12 19:03:27.869,1.33333,1.33344,1.95,1.00
2016.09.12 19:03:27.971,1.33333,1.33344,1.95,1.50
2016.09.12 19:03:28.175,1.33333,1.33344,2.32,1.50
2016.09.12 19:03:28.975,1.33334,1.33344,1.20,1.50
2016.09.12 19:03:30.281,1.33334,1.33343,1.10,1.00
2016.09.12 19:03:30.742,1.33334,1.33343,1.10,1.50
2016.09.12 19:03:30.969,1.33334,1.33343,1.00,1.50
2016.09.12 19:03:31.173,1.33334,1.33343,1.00,1.50
2016.09.12 19:03:31.480,1.33333,1.33343,2.25,1.50
2016.09.12 19:03:31.685,1.33333,1.33343,1.50,1.50
2016.09.12 19:03:31.737,1.33333,1.33343,1.50,1.00
2016.09.12 19:03:31.789,1.33333,1.33343,1.87,1.00
2016.09.12 19:03:31.841,1.33334,1.33343,1.12,1.00
2016.09.12 19:03:32.031,1.33334,1.33343,1.87,1.00
2016.09.12 19:03:32.082,1.33334,1.33343,1.50,1.00
2016.09.12 19:03:32.184,1.33334,1.33343,1.12,1.00
2016.09.12 19:03:32.279,1.33334,1.33343,1.50,1.00
2016.09.12 19:03:32.382,1.33334,1.33343,1.00,1.00
2016.09.12 19:03:32.740,1.33334,1.33344,1.75,1.00
2016.09.12 19:03:33.065,1.33334,1.33341,1.75,1.00
2016.09.12 19:03:33.218,1.33332,1.33341,1.75,1.00
2016.09.12 19:03:33.474,1.33332,1.33341,2.25,1.00
2016.09.12 19:03:33.576,1.33331,1.33335,3.00,1.00
2016.09.12 19:03:33.627,1.33331,1.33335,1.50,1.00
2016.09.12 19:03:33.849,1.33326,1.33334,2.25,1.50
2016.09.12 19:03:33.952,1.33323,1.33334,2.25,1.50
2016.09.12 19:03:34.258,1.33323,1.33334,3.00,1.50
2016.09.12 19:03:34.411,1.33323,1.33333,2.25,1.00
2016.09.12 19:03:35.567,1.33323,1.33333,2.25,1.50
2016.09.12 19:03:35.618,1.33323,1.33333,3.00,1.50
2016.09.12 19:03:35.757,1.33323,1.33333,2.25,1.50
2016.09.12 19:03:36.675,1.33323,1.33333,2.25,1.00
2016.09.12 19:03:36.983,1.33323,1.33333,1.87,1.00
2016.09.12 19:03:37.187,1.33323,1.33333,1.87,1.50
2016.09.12 19:03:37.488,1.33323,1.33333,2.25,1.50
2016.09.12 19:03:37.590,1.33323,1.33333,2.25,1.50
2016.09.12 19:03:37.641,1.33323,1.33333,2.25,1.00
2016.09.12 19:03:37.692,1.33323,1.33334,1.87,1.50
2016.09.12 19:03:37.794,1.33323,1.33334,3.37,1.00
2016.09.12 19:03:38.138,1.33324,1.33334,1.00,1.00
2016.09.12 19:03:38.189,1.33325,1.33334,1.00,1.00
2016.09.12 19:03:40.525,1.33324,1.33334,1.50,1.00
2016.09.12 19:03:40.627,1.33324,1.33334,1.00,1.00
2016.09.12 19:03:40.780,1.33324,1.33334,1.00,1.00
2016.09.12 19:03:41.073,1.33324,1.33334,1.50,1.00
2016.09.12 19:03:41.429,1.33324,1.33334,1.00,1.00
2016.09.12 19:03:41.481,1.33324,1.33334,1.00,1.50
2016.09.12 19:03:41.786,1.33323,1.3333,3.00,1.00
2016.09.12 19:03:41.838,1.33322,1.3333,1.95,1.00
2016.09.12 19:03:41.889,1.33322,1.33331,1.47,1.50
2016.09.12 19:03:41.940,1.33322,1.33331,1.10,1.50
2016.09.12 19:03:42.474,1.33322,1.33331,1.20,1.50
2016.09.12 19:03:42.881,1.33322,1.33331,1.47,1.00
2016.09.12 19:03:43.033,1.33322,1.33331,2.70,1.00
2016.09.12 19:03:43.421,1.33322,1.33331,2.70,1.50
2016.09.12 19:03:43.526,1.33322,1.33331,1.95,1.50
2016.09.12 19:03:43.833,1.33322,1.33331,2.32,1.50
2016.09.12 19:03:43.884,1.33322,1.33331,2.32,1.00
2016.09.12 19:03:44.190,1.33323,1.33331,1.12,1.00
2016.09.12 19:03:45.176,1.33323,1.3333,1.12,1.00
2016.09.12 19:03:45.283,1.33323,1.3333,1.00,1.50
2016.09.12 19:03:45.865,1.33323,1.33329,1.00,1.00
2016.09.12 19:03:46.174,1.33323,1.33329,1.00,1.50
2016.09.12 19:03:46.277,1.33321,1.33329,1.00,1.50
2016.09.12 19:03:48.285,1.33321,1.33329,1.00,1.50
2016.09.12 19:03:50.217,1.3332,1.33329,2.25,1.50
2016.09.12 19:03:50.268,1.3332,1.33329,1.50,1.50
2016.09.12 19:03:51.895,1.3332,1.33329,1.00,1.50
2016.09.12 19:03:51.946,1.3332,1.33327,1.00,1.12
2016.09.12 19:03:52.125,1.33314,1.33315,9.37,1.00
2016.09.12 19:03:52.183,1.33313,1.33319,1.50,3.37
2016.09.12 19:03:52.234,1.33317,1.3332,1.00,1.57
2016.09.12 19:03:52.330,1.33314,1.33323,2.62,2.62
2016.09.12 19:03:52.384,1.3332,1.33323,1.00,2.25
2016.09.12 19:03:52.435,1.3332,1.33323,1.12,1.37
2016.09.12 19:03:52.487,1.3332,1.33327,1.12,6.00
2016.09.12 19:03:52.655,1.3332,1.33327,2.25,3.75
2016.09.12 19:03:52.706,1.3332,1.33329,1.00,1.00
2016.09.12 19:03:52.863,1.3332,1.33329,1.50,1.00
2016.09.12 19:03:52.914,1.3332,1.33331,1.00,1.12
2016.09.12 19:03:53.017,1.3332,1.3333,3.00,1.00
2016.09.12 19:03:53.120,1.3332,1.3333,3.37,1.00
2016.09.12 19:03:53.172,1.3332,1.3333,3.60,1.00
2016.09.12 19:03:53.223,1.3332,1.33332,3.97,1.50
2016.09.12 19:03:53.342,1.33321,1.33332,1.50,1.50
2016.09.12 19:03:53.393,1.33321,1.33332,2.47,1.50
2016.09.12 19:03:53.445,1.33323,1.33332,1.05,1.57
2016.09.12 19:03:53.496,1.33323,1.33333,1.16,3.45
2016.09.12 19:03:53.547,1.33322,1.33333,3.11,1.85
2016.09.12 19:03:53.599,1.33322,1.33333,3.86,1.10
2016.09.12 19:03:53.650,1.33324,1.33334,1.41,1.12
2016.09.12 19:03:53.701,1.33324,1.33335,2.66,2.40
2016.09.12 19:03:53.753,1.33324,1.33336,3.60,3.75
2016.09.12 19:03:53.805,1.33326,1.33336,1.72,3.00
2016.09.12 19:03:53.859,1.33326,1.33336,1.91,2.62
2016.09.12 19:03:53.911,1.33328,1.33336,1.00,1.00
2016.09.12 19:03:54.038,1.33332,1.33336,1.00,1.00
2016.09.12 19:03:54.090,1.3333,1.3334,1.49,1.87
2016.09.12 19:03:54.165,1.3333,1.3334,1.50,1.50
2016.09.12 19:03:54.218,1.3333,1.3334,1.50,1.12
2016.09.12 19:03:54.270,1.3333,1.3334,1.50,1.50
2016.09.12 19:03:54.322,1.3333,1.3334,1.50,2.25
2016.09.12 19:03:54.374,1.3333,1.3334,1.50,1.87
2016.09.12 19:03:55.182,1.3333,1.33338,1.00,1.00
2016.09.12 19:03:55.234,1.3333,1.33333,1.00,1.00
2016.09.12 19:03:55.285,1.33326,1.33333,2.32,1.00
2016.09.12 19:03:55.337,1.33326,1.33333,1.00,1.00
2016.09.12 19:03:55.389,1.33323,1.33332,1.12,1.00
2016.09.12 19:03:55.440,1.33321,1.33332,2.77,1.00
2016.09.12 19:03:55.492,1.33321,1.33332,3.15,1.00
2016.09.12 19:03:55.594,1.33321,1.33333,3.90,1.50
2016.09.12 19:03:55.645,1.33322,1.33331,1.75,1.00
2016.09.12 19:03:55.894,1.33322,1.33331,1.12,1.00
2016.09.12 19:03:57.142,1.33322,1.33333,1.87,2.25
2016.09.12 19:03:57.194,1.33323,1.33333,1.00,1.50
2016.09.12 19:03:57.245,1.33323,1.33333,1.00,2.25
2016.09.12 19:03:57.325,1.33323,1.33333,1.00,1.50
2016.09.12 19:03:57.800,1.33323,1.33333,1.00,1.50
2016.09.12 19:03:57.953,1.33323,1.33333,1.00,1.12
2016.09.12 19:03:58.110,1.33322,1.33333,3.00,1.12
2016.09.12 19:03:58.212,1.33322,1.33333,3.75,1.12
2016.09.12 19:03:59.212,1.33322,1.33333,3.00,1.12
2016.09.12 19:03:59.817,1.33323,1.33334,1.37,1.50
2016.09.12 19:03:59.952,1.33324,1.33334,1.37,1.00
2016.09.12 19:04:00.004,1.33323,1.33335,2.32,1.50
2016.09.12 19:04:00.264,1.33323,1.33335,2.32,1.12
2016.09.12 19:04:00.520,1.33323,1.33335,2.32,1.50
2016.09.12 19:04:00.896,1.33323,1.33335,2.32,1.12
2016.09.12 19:04:00.998,1.33324,1.33335,1.12,1.12
2016.09.12 19:04:01.049,1.33324,1.33336,1.87,3.07
2016.09.12 19:04:01.100,1.33326,1.33336,2.25,1.57
2016.09.12 19:04:01.152,1.33326,1.33337,3.82,1.12
2016.09.12 19:04:01.204,1.33326,1.33337,3.45,1.12
2016.09.12 19:04:01.255,1.33326,1.33337,3.82,1.12
2016.09.12 19:04:01.410,1.33326,1.33337,4.57,1.87
2016.09.12 19:04:01.461,1.33326,1.33337,3.82,1.87
2016.09.12 19:04:01.513,1.33326,1.33337,3.45,1.87
2016.09.12 19:04:01.792,1.33326,1.33337,3.82,1.87
2016.09.12 19:04:01.894,1.33326,1.33337,3.45,1.87
2016.09.12 19:04:02.209,1.33326,1.33337,3.82,1.87
2016.09.12 19:04:02.464,1.33326,1.33337,4.20,1.87
2016.09.12 19:04:03.035,1.33326,1.33337,4.20,3.00
2016.09.12 19:04:03.137,1.33326,1.33337,4.20,3.75
2016.09.12 19:04:03.240,1.33326,1.33337,5.70,3.75
2016.09.12 19:04:03.291,1.33326,1.33337,5.70,3.00
2016.09.12 19:04:03.342,1.33329,1.33337,1.00,3.00
2016.09.12 19:04:03.444,1.33329,1.33337,1.00,2.25
2016.09.12 19:04:04.129,1.33329,1.33337,1.00,3.00
2016.09.12 19:04:04.180,1.33329,1.33337,1.00,2.25
2016.09.12 19:04:04.436,1.33329,1.33337,1.00,1.12
2016.09.12 19:04:06.119,1.33329,1.33339,1.50,3.07
2016.09.12 19:04:06.171,1.33329,1.33339,1.50,2.25
2016.09.12 19:04:06.222,1.33329,1.33339,2.25,2.25
2016.09.12 19:04:06.390,1.33329,1.33339,1.87,2.25
2016.09.12 19:04:06.513,1.33329,1.33339,1.12,1.50
2016.09.12 19:04:06.564,1.33329,1.33339,1.12,1.00
2016.09.12 19:04:06.615,1.33329,1.33339,1.50,1.00
2016.09.12 19:04:06.819,1.33329,1.33339,1.12,1.00
2016.09.12 19:04:07.398,1.33329,1.33339,1.50,1.00
2016.09.12 19:04:07.807,1.33329,1.33339,1.87,1.00
2016.09.12 19:04:09.010,1.33329,1.33339,1.50,1.00
2016.09.12 19:04:09.115,1.33329,1.33339,1.87,1.00
2016.09.12 19:04:09.268,1.33329,1.33339,1.87,1.50
2016.09.12 19:04:09.422,1.33329,1.33339,1.50,1.50
2016.09.12 19:04:09.626,1.33329,1.33339,1.87,1.50
2016.09.12 19:04:09.728,1.33329,1.33339,1.50,1.50
2016.09.12 19:04:10.306,1.33329,1.33339,1.87,1.50
2016.09.12 19:04:10.408,1.33329,1.33339,1.50,1.50
2016.09.12 19:04:10.815,1.33329,1.33339,1.87,1.50
2016.09.12 19:04:10.916,1.33329,1.33339,1.50,1.50
2016.09.12 19:04:11.426,1.33329,1.33339,1.87,1.50
2016.09.12 19:04:11.528,1.33329,1.33339,1.50,1.50
2016.09.12 19:04:12.714,1.33329,1.33339,1.87,1.50
2016.09.12 19:04:12.816,1.33329,1.33339,1.50,1.50
2016.09.12 19:04:13.550,1.33329,1.33339,1.80,1.50
2016.09.12 19:04:13.652,1.33329,1.33339,2.17,1.50
2016.09.12 19:04:13.957,1.33329,1.33339,1.80,1.50
2016.09.12 19:04:14.059,1.33329,1.33339,2.17,1.50
2016.09.12 19:04:14.110,1.33329,1.33339,2.55,1.50
2016.09.12 19:04:14.332,1.33329,1.33339,4.05,1.50
2016.09.12 19:04:14.384,1.33329,1.33339,4.80,1.50
2016.09.12 19:04:14.436,1.33329,1.33339,4.42,1.50
2016.09.12 19:04:14.487,1.33329,1.33339,3.37,1.50
2016.09.12 19:04:14.538,1.33329,1.33339,3.75,1.50
2016.09.12 19:04:14.641,1.33329,1.33339,3.37,1.50
2016.09.12 19:04:14.693,1.33329,1.33339,4.87,1.50
2016.09.12 19:04:14.845,1.33329,1.33339,5.25,1.50
2016.09.12 19:04:14.949,1.33329,1.33339,4.87,1.50
2016.09.12 19:04:15.155,1.33329,1.33339,4.50,1.87
2016.09.12 19:04:15.258,1.33329,1.33339,4.12,1.87
2016.09.12 19:04:15.445,1.3333,1.33339,2.32,1.00
2016.09.12 19:04:17.092,1.3333,1.33339,3.82,1.00
2016.09.12 19:04:18.672,1.3333,1.33339,3.82,1.50
2016.09.12 19:04:19.617,1.3333,1.33339,3.82,2.25
2016.09.12 19:04:19.668,1.3333,1.33339,3.82,1.50
2016.09.12 19:04:19.958,1.3333,1.33339,3.82,1.00
2016.09.12 19:04:20.932,1.3333,1.33338,3.82,1.00
2016.09.12 19:04:21.136,1.33332,1.33339,1.00,1.00
2016.09.12 19:04:21.655,1.33332,1.33339,1.00,1.00
2016.09.12 19:04:21.757,1.33332,1.33339,3.00,1.00
2016.09.12 19:04:21.860,1.33334,1.33339,2.25,1.00
2016.09.12 19:04:23.887,1.33332,1.33339,2.25,1.00
2016.09.12 19:04:23.939,1.33331,1.33339,2.77,1.00
2016.09.12 19:04:23.990,1.33331,1.33339,2.32,1.00
2016.09.12 19:04:24.041,1.33331,1.33339,2.25,1.00
2016.09.12 19:04:24.780,1.33331,1.33339,1.00,1.00
2016.09.12 19:04:24.832,1.33331,1.33339,1.50,1.00
2016.09.12 19:04:24.884,1.33331,1.33339,1.87,1.00
2016.09.12 19:04:24.952,1.33331,1.33339,1.12,1.00
2016.09.12 19:04:25.598,1.33331,1.33339,1.00,1.00
2016.09.12 19:04:25.649,1.33331,1.33339,1.00,1.12
2016.09.12 19:04:26.566,1.3333,1.33339,1.00,1.12
2016.09.12 19:04:26.871,1.3333,1.33339,1.00,1.00
2016.09.12 19:04:30.621,1.33329,1.3334,1.20,1.12
2016.09.12 19:04:30.673,1.33329,1.3334,1.57,1.00
2016.09.12 19:04:30.725,1.3333,1.33341,2.25,1.50
2016.09.12 19:04:30.776,1.3333,1.33341,3.00,1.00
2016.09.12 19:04:30.828,1.3333,1.33341,1.57,1.00
2016.09.12 19:04:32.033,1.33331,1.33341,1.12,1.00
2016.09.12 19:04:32.287,1.33331,1.33341,1.12,1.00
2016.09.12 19:04:32.678,1.33331,1.33341,1.12,1.00
2016.09.12 19:04:32.730,1.33331,1.33341,3.37,1.00
2016.09.12 19:04:32.783,1.33333,1.33341,1.00,1.00
2016.09.12 19:04:32.834,1.33332,1.33341,2.32,1.00
2016.09.12 19:04:33.515,1.33333,1.33341,1.37,1.00
2016.09.12 19:04:34.860,1.33332,1.33341,2.70,1.00
2016.09.12 19:04:34.911,1.33332,1.33341,1.20,1.00
2016.09.12 19:04:35.014,1.33332,1.33341,1.00,1.00
2016.09.12 19:04:35.065,1.33332,1.33341,1.00,1.50
2016.09.12 19:04:35.167,1.3333,1.33341,1.87,1.50
2016.09.12 19:04:35.269,1.3333,1.33341,1.50,1.50
2016.09.12 19:04:35.493,1.33329,1.3334,1.10,1.00
2016.09.12 19:04:35.544,1.33328,1.33337,4.50,1.00
2016.09.12 19:04:35.596,1.33328,1.33336,3.37,1.00
2016.09.12 19:04:35.647,1.33326,1.33335,3.00,1.00
2016.09.12 19:04:35.699,1.33326,1.33335,1.87,1.00
2016.09.12 19:04:35.751,1.33326,1.33335,1.50,1.00
2016.09.12 19:04:35.803,1.33326,1.33335,1.10,1.00
2016.09.12 19:04:35.854,1.33324,1.33335,3.45,1.00
2016.09.12 19:04:35.906,1.33325,1.33335,1.12,1.00
2016.09.12 19:04:35.957,1.33327,1.33335,1.00,1.00
2016.09.12 19:04:36.487,1.33327,1.33336,1.00,1.00
2016.09.12 19:04:36.640,1.33327,1.33336,1.00,1.00
2016.09.12 19:04:37.825,1.33327,1.33337,1.00,1.57
2016.09.12 19:04:37.876,1.33327,1.33337,1.00,1.10
2016.09.12 19:04:37.979,1.33327,1.33337,1.50,1.57
2016.09.12 19:04:38.081,1.33327,1.33337,1.57,1.50
2016.09.12 19:04:39.864,1.33327,1.33337,1.10,1.00
2016.09.12 19:04:43.034,1.33327,1.33336,1.10,1.00
2016.09.12 19:04:43.085,1.33327,1.33336,1.95,1.00
2016.09.12 19:04:43.137,1.33327,1.33338,1.57,3.07
2016.09.12 19:04:43.188,1.33327,1.33338,1.57,2.32
2016.09.12 19:04:43.646,1.33327,1.33338,1.20,2.32
2016.09.12 19:04:43.697,1.33327,1.33338,1.10,2.32
2016.09.12 19:04:43.850,1.33326,1.33338,5.62,2.32
2016.09.12 19:04:43.901,1.33326,1.33338,5.62,1.57
2016.09.12 19:04:44.004,1.33328,1.33338,1.00,1.57
2016.09.12 19:04:44.142,1.33329,1.33338,3.37,1.00
2016.09.12 19:04:44.194,1.33331,1.33341,1.00,1.57
2016.09.12 19:04:45.009,1.33331,1.33341,1.50,1.57
2016.09.12 19:04:45.060,1.33332,1.33339,1.00,1.00
2016.09.12 19:04:45.112,1.33332,1.33339,1.50,1.00
2016.09.12 19:04:45.163,1.33332,1.33339,1.00,1.00
2016.09.12 19:04:45.356,1.3333,1.33339,1.10,1.00
2016.09.12 19:04:45.714,1.3333,1.33339,1.57,1.00
2016.09.12 19:04:45.766,1.33333,1.3334,1.00,1.00
2016.09.12 19:04:46.604,1.33333,1.33342,1.00,1.12
2016.09.12 19:04:46.757,1.33333,1.33342,1.50,1.12
2016.09.12 19:04:48.719,1.33333,1.33343,2.25,2.51
2016.09.12 19:04:48.872,1.33334,1.33343,1.12,2.51
2016.09.12 19:04:48.923,1.33334,1.33343,1.12,2.32
2016.09.12 19:04:48.975,1.33334,1.33343,1.12,2.25
2016.09.12 19:04:49.026,1.33334,1.33343,1.12,1.57
2016.09.12 19:04:49.078,1.33334,1.33343,1.00,1.57
2016.09.12 19:04:49.768,1.33333,1.33343,2.25,1.57
2016.09.12 19:04:51.162,1.33333,1.33343,1.50,1.57
2016.09.12 19:04:51.672,1.33334,1.33343,1.00,1.57
2016.09.12 19:04:51.924,1.33333,1.33343,1.50,1.57
2016.09.12 19:04:57.480,1.33334,1.33343,1.00,1.57
2016.09.12 19:04:57.939,1.33335,1.33343,1.00,1.50
2016.09.12 19:04:58.042,1.33334,1.33343,1.10,1.50
2016.09.12 19:05:01.204,1.33333,1.33343,3.00,1.50
2016.09.12 19:05:01.551,1.33333,1.33343,3.75,1.50
2016.09.12 19:05:01.605,1.33335,1.33343,1.00,1.50
2016.09.12 19:05:03.056,1.33335,1.33343,1.00,2.25
2016.09.12 19:05:03.311,1.33333,1.33343,2.25,2.25
2016.09.12 19:05:03.363,1.33333,1.33343,2.62,1.00
2016.09.12 19:05:03.515,1.33334,1.33343,1.20,1.00
2016.09.12 19:05:04.116,1.33334,1.33344,1.20,2.25
2016.09.12 19:05:04.575,1.33334,1.33344,1.10,2.25
2016.09.12 19:05:04.729,1.33335,1.33344,1.00,2.25
2016.09.12 19:05:05.063,1.33334,1.33344,1.10,2.25
2016.09.12 19:05:05.115,1.33333,1.33344,2.62,2.25
2016.09.12 19:05:05.166,1.33333,1.33344,2.25,2.25
2016.09.12 19:05:05.217,1.33335,1.33344,1.00,2.25
2016.09.12 19:05:06.747,1.33334,1.33344,1.00,2.25
2016.09.12 19:05:06.798,1.33333,1.33343,1.50,2.62
2016.09.12 19:05:06.901,1.33333,1.33343,1.00,2.25
2016.09.12 19:05:07.125,1.33333,1.33343,1.00,2.25
2016.09.12 19:05:08.441,1.33333,1.33343,1.50,2.25
2016.09.12 19:05:08.645,1.33333,1.33343,2.25,2.25
2016.09.12 19:05:08.851,1.33333,1.33343,1.50,2.25
2016.09.12 19:05:09.837,1.33333,1.33343,1.50,3.00
2016.09.12 19:05:10.981,1.33333,1.33343,2.25,3.00
2016.09.12 19:05:11.032,1.33333,1.33343,1.50,3.00
2016.09.12 19:05:11.440,1.33333,1.33343,1.00,3.00
2016.09.12 19:05:11.847,1.33333,1.33343,1.50,3.00
2016.09.12 19:05:12.160,1.33333,1.33343,1.00,2.25
2016.09.12 19:05:12.369,1.33333,1.33343,1.50,1.00
2016.09.12 19:05:12.640,1.33333,1.33343,1.00,1.00
2016.09.12 19:05:12.966,1.33333,1.33343,1.50,1.00
2016.09.12 19:05:13.170,1.33333,1.33343,1.00,1.00
2016.09.12 19:05:13.576,1.33333,1.33343,1.50,1.00
2016.09.12 19:05:13.841,1.33333,1.33343,1.00,1.00
2016.09.12 19:05:13.943,1.33333,1.33343,1.50,1.00
2016.09.12 19:05:14.045,1.33333,1.33343,1.00,1.00
2016.09.12 19:05:14.452,1.33333,1.33343,1.50,1.00
2016.09.12 19:05:15.177,1.33333,1.33343,1.00,1.00
2016.09.12 19:05:17.538,1.33333,1.33343,1.00,1.12
2016.09.12 19:05:17.971,1.33333,1.33344,1.50,5.70
2016.09.12 19:05:18.023,1.33333,1.33344,2.62,4.20
2016.09.12 19:05:18.125,1.33334,1.33344,1.00,4.20
2016.09.12 19:05:22.244,1.3334,1.33344,1.00,2.70
2016.09.12 19:05:22.296,1.3334,1.33345,1.00,3.82
2016.09.12 19:05:22.347,1.33343,1.33345,1.50,1.20
2016.09.12 19:05:22.495,1.33343,1.33348,1.50,1.50
2016.09.12 19:05:22.564,1.33344,1.33351,1.00,1.00
2016.09.12 19:05:22.669,1.33346,1.33351,1.00,1.00
2016.09.12 19:05:22.720,1.33345,1.33353,1.00,1.10
2016.09.12 19:05:22.874,1.33347,1.33353,1.00,1.10
2016.09.12 19:05:22.925,1.33347,1.33353,1.00,1.10
2016.09.12 19:05:22.976,1.33347,1.33353,2.25,1.10
2016.09.12 19:05:23.027,1.33347,1.33353,1.50,1.00
2016.09.12 19:05:23.079,1.33346,1.33356,1.50,1.50
2016.09.12 19:05:23.131,1.33346,1.33356,1.10,2.25
2016.09.12 19:05:23.308,1.33348,1.33356,1.00,2.25
2016.09.12 19:05:23.361,1.33348,1.33356,1.00,1.50
2016.09.12 19:05:23.871,1.33348,1.33355,1.00,1.00
2016.09.12 19:05:23.922,1.33348,1.33355,1.00,1.00
2016.09.12 19:05:23.974,1.33345,1.33354,1.00,1.00
2016.09.12 19:05:24.076,1.33345,1.33354,1.00,1.00
2016.09.12 19:05:24.204,1.33345,1.33354,1.00,1.10
2016.09.12 19:05:24.256,1.33345,1.33354,1.50,1.10
2016.09.12 19:05:24.358,1.33347,1.33354,1.00,1.10
2016.09.12 19:05:24.409,1.33347,1.33356,1.00,1.20
2016.09.12 19:05:24.665,1.33347,1.33356,1.00,1.57
2016.09.12 19:05:25.575,1.33346,1.33356,1.50,1.57
2016.09.12 19:05:25.626,1.33346,1.33356,1.50,1.12
2016.09.12 19:05:25.678,1.33346,1.33356,1.00,1.12
2016.09.12 19:05:25.729,1.33346,1.33357,1.50,3.45
2016.09.12 19:05:27.034,1.33346,1.33355,1.00,1.00
2016.09.12 19:05:27.085,1.33345,1.33354,1.00,1.00
2016.09.12 19:05:27.136,1.33345,1.33354,1.00,1.00
2016.09.12 19:05:27.989,1.33344,1.33356,1.57,4.50
2016.09.12 19:05:28.040,1.33345,1.33356,1.00,5.62
2016.09.12 19:05:28.092,1.33345,1.33356,1.00,5.25
2016.09.12 19:05:28.143,1.33345,1.33356,1.00,4.12
2016.09.12 19:05:28.194,1.33347,1.33356,1.00,2.62
2016.09.12 19:05:28.361,1.33347,1.33356,1.00,1.50
2016.09.12 19:05:29.074,1.33347,1.33356,1.00,2.62
2016.09.12 19:05:29.125,1.3335,1.33356,1.00,1.87
2016.09.12 19:05:29.176,1.33351,1.33357,1.50,5.70
2016.09.12 19:05:29.228,1.33352,1.33357,1.00,2.70
2016.09.12 19:05:29.279,1.33353,1.33361,1.00,2.70
2016.09.12 19:05:29.501,1.33353,1.33363,1.50,1.57
2016.09.12 19:05:29.571,1.33353,1.33363,1.00,1.57
2016.09.12 19:05:29.676,1.33353,1.33363,1.50,1.95
2016.09.12 19:05:30.289,1.33353,1.33363,1.50,1.20
2016.09.12 19:05:30.340,1.33355,1.33363,1.00,1.20
2016.09.12 19:05:30.514,1.33355,1.33364,1.00,3.82
2016.09.12 19:05:32.172,1.33353,1.33362,1.00,1.00
2016.09.12 19:05:32.223,1.33353,1.33362,1.00,3.00
2016.09.12 19:05:32.274,1.33352,1.33362,2.25,3.00
2016.09.12 19:05:32.441,1.33352,1.33362,2.25,2.62
2016.09.12 19:05:32.925,1.33352,1.33362,2.25,2.70
2016.09.12 19:05:33.165,1.33352,1.33362,1.50,2.70
2016.09.12 19:05:33.449,1.33352,1.33362,1.50,3.07
2016.09.12 19:05:33.551,1.33352,1.33362,1.50,2.70
2016.09.12 19:05:34.302,1.33353,1.33362,1.00,1.57
2016.09.12 19:05:34.619,1.33353,1.33363,1.00,3.07
2016.09.12 19:05:34.722,1.33352,1.33363,1.00,3.82
2016.09.12 19:05:34.824,1.33352,1.33363,1.00,5.70
2016.09.12 19:05:35.144,1.33352,1.33363,1.00,6.45
2016.09.12 19:05:35.246,1.33352,1.33363,1.50,6.45
2016.09.12 19:05:35.348,1.33352,1.33363,1.00,6.45
2016.09.12 19:05:35.399,1.33352,1.33363,1.00,6.07
2016.09.12 19:05:35.452,1.33352,1.33362,1.00,1.20
2016.09.12 19:05:37.876,1.33352,1.33362,1.50,1.20
2016.09.12 19:05:39.097,1.33352,1.33361,2.25,1.00
2016.09.12 19:05:39.471,1.33352,1.33361,1.50,1.00
2016.09.12 19:05:40.443,1.33352,1.33361,1.50,1.50
2016.09.12 19:05:40.697,1.33352,1.33361,1.00,1.00
2016.09.12 19:05:40.748,1.33351,1.33361,2.25,1.00
2016.09.12 19:05:40.799,1.33351,1.33361,1.50,1.00
2016.09.12 19:05:40.961,1.33351,1.33359,1.50,1.00
2016.09.12 19:05:41.012,1.33351,1.33357,1.50,1.87
2016.09.12 19:05:41.063,1.3335,1.33357,1.12,3.00
2016.09.12 19:05:41.115,1.33349,1.33357,1.47,4.50
2016.09.12 19:05:41.166,1.33348,1.33356,1.12,1.37
2016.09.12 19:05:41.217,1.33346,1.33355,1.57,1.12
2016.09.12 19:05:41.268,1.33345,1.33355,1.50,1.12
2016.09.12 19:05:41.371,1.33345,1.33356,1.50,3.82
2016.09.12 19:05:41.501,1.33345,1.33356,2.25,4.20
2016.09.12 19:05:41.604,1.33345,1.33356,1.50,4.20
2016.09.12 19:05:42.240,1.33345,1.33356,1.00,4.20
2016.09.12 19:05:42.393,1.33345,1.33356,1.50,4.20
2016.09.12 19:05:42.648,1.33345,1.33355,1.50,1.12
2016.09.12 19:05:42.801,1.33345,1.33355,1.00,1.20
2016.09.12 19:05:43.720,1.33345,1.33355,1.50,1.20
2016.09.12 19:05:43.823,1.33345,1.33355,1.50,1.10
2016.09.12 19:05:43.874,1.33345,1.33355,1.00,1.10
2016.09.12 19:05:44.129,1.33345,1.33355,1.00,1.00
2016.09.12 19:05:45.164,1.33345,1.33355,1.50,1.00
2016.09.12 19:05:46.703,1.33346,1.33355,1.00,1.00
2016.09.12 19:05:46.755,1.33346,1.33355,1.50,1.00
2016.09.12 19:05:46.984,1.33346,1.33355,1.00,1.00
2016.09.12 19:05:47.760,1.33346,1.33355,1.50,1.00
2016.09.12 19:05:48.790,1.33346,1.33355,1.00,1.00
2016.09.12 19:05:49.196,1.33346,1.33356,1.00,2.62
2016.09.12 19:05:49.248,1.33346,1.33356,1.87,1.12
2016.09.12 19:05:49.299,1.33346,1.33356,2.62,1.00
2016.09.12 19:05:49.350,1.33346,1.33356,2.25,1.00
2016.09.12 19:05:49.401,1.33347,1.33356,1.87,1.00
2016.09.12 19:05:49.911,1.33347,1.33357,3.37,3.00
2016.09.12 19:05:49.962,1.33347,1.33357,2.62,1.50
2016.09.12 19:05:50.064,1.33348,1.33357,1.00,1.50
2016.09.12 19:05:50.166,1.33347,1.33357,1.87,1.50
2016.09.12 19:05:50.217,1.33347,1.33357,1.12,1.50
2016.09.12 19:05:50.389,1.33347,1.33357,1.87,1.50
2016.09.12 19:05:50.593,1.33347,1.33357,1.12,1.50
2016.09.12 19:05:50.645,1.33347,1.33357,1.12,1.00
2016.09.12 19:05:50.697,1.33347,1.33357,1.87,1.00
2016.09.12 19:05:50.748,1.33347,1.33357,1.87,1.50
2016.09.12 19:05:50.799,1.33347,1.33357,2.62,1.87
2016.09.12 19:05:50.852,1.33347,1.33357,2.25,3.37
2016.09.12 19:05:51.006,1.33347,1.33357,1.50,3.37
2016.09.12 19:05:51.687,1.33347,1.33357,1.00,3.37
2016.09.12 19:05:53.287,1.33346,1.33357,1.50,3.37
2016.09.12 19:05:53.389,1.33346,1.33355,1.00,1.00
2016.09.12 19:05:53.491,1.33345,1.33355,3.90,1.00
2016.09.12 19:05:53.594,1.33345,1.33353,3.90,1.00
2016.09.12 19:05:53.696,1.33345,1.33353,3.00,1.00
2016.09.12 19:05:53.747,1.33345,1.33353,1.00,1.00
2016.09.12 19:05:55.167,1.33345,1.33353,1.50,1.00
2016.09.12 19:05:55.689,1.33345,1.33354,1.50,1.00
2016.09.12 19:05:56.716,1.33345,1.33354,1.87,1.00
2016.09.12 19:05:57.676,1.33349,1.33356,1.00,1.00
2016.09.12 19:05:57.779,1.33354,1.33356,1.00,1.00
2016.09.12 19:05:57.830,1.33354,1.33359,1.00,1.07
2016.09.12 19:05:57.881,1.33353,1.3336,1.00,1.50
2016.09.12 19:05:57.933,1.33353,1.3336,1.00,1.00
2016.09.12 19:05:58.151,1.33351,1.3336,1.50,1.00
2016.09.12 19:05:58.202,1.33353,1.3336,1.00,1.00
2016.09.12 19:05:58.305,1.33351,1.3336,1.50,1.00
2016.09.12 19:05:59.244,1.33351,1.3336,1.00,1.00
2016.09.12 19:05:59.295,1.33352,1.3336,1.00,1.00
2016.09.12 19:05:59.805,1.33351,1.3336,1.00,1.00
2016.09.12 19:06:00.314,1.33352,1.3336,1.00,1.00
2016.09.12 19:06:00.819,1.33354,1.3336,1.00,1.00
2016.09.12 19:06:01.722,1.33352,1.3336,1.00,1.00
2016.09.12 19:06:01.773,1.33352,1.3336,1.50,1.00
2016.09.12 19:06:01.825,1.33353,1.3336,1.00,1.00
2016.09.12 19:06:01.980,1.33352,1.3336,1.50,1.00
2016.09.12 19:06:02.032,1.33352,1.33362,1.50,1.50
2016.09.12 19:06:02.083,1.33352,1.33362,1.00,1.50
2016.09.12 19:06:02.134,1.33352,1.33362,1.00,2.25
2016.09.12 19:06:02.185,1.33352,1.33362,1.50,2.25
2016.09.12 19:06:02.288,1.33352,1.33362,1.00,2.25
2016.09.12 19:06:02.339,1.33352,1.33362,1.00,1.50
2016.09.12 19:06:03.877,1.33352,1.33362,1.50,1.50
2016.09.12 19:06:06.230,1.33352,1.33362,1.50,2.25
2016.09.12 19:06:08.845,1.33352,1.33362,1.50,1.50
2016.09.12 19:06:10.408,1.33353,1.33362,1.12,1.50
2016.09.12 19:06:10.510,1.33354,1.33363,1.00,3.75
2016.09.12 19:06:10.561,1.33354,1.33363,1.00,3.37
2016.09.12 19:06:11.436,1.33354,1.33363,1.00,4.12
2016.09.12 19:06:11.640,1.33354,1.33363,1.00,3.75
2016.09.12 19:06:12.609,1.33354,1.33363,1.00,3.00
2016.09.12 19:06:12.711,1.33357,1.33363,1.00,2.25
2016.09.12 19:06:12.814,1.33357,1.33363,1.00,1.00
2016.09.12 19:06:12.865,1.33357,1.33363,1.00,1.00
2016.09.12 19:06:12.917,1.33355,1.33365,1.87,2.32
2016.09.12 19:06:12.969,1.33355,1.33365,1.87,2.25
2016.09.12 19:06:13.021,1.33356,1.33365,1.12,1.87
2016.09.12 19:06:13.271,1.33355,1.33365,1.50,1.87
2016.09.12 19:06:13.733,1.33355,1.33365,2.25,1.87
2016.09.12 19:06:15.796,1.33357,1.33365,1.00,1.87
2016.09.12 19:06:15.847,1.33357,1.33365,1.00,1.87
2016.09.12 19:06:16.818,1.33357,1.33365,1.00,3.00
2016.09.12 19:06:17.364,1.33357,1.33365,1.00,1.87
2016.09.12 19:06:17.415,1.33357,1.33365,1.00,3.37
2016.09.12 19:06:17.960,1.33357,1.33365,1.00,4.50
2016.09.12 19:06:18.320,1.33357,1.33365,1.00,3.37
2016.09.12 19:06:19.237,1.33356,1.33365,1.50,3.37
2016.09.12 19:06:21.234,1.33357,1.33365,1.00,1.37
2016.09.12 19:06:21.286,1.3336,1.33366,1.50,1.00
2016.09.12 19:06:21.389,1.33363,1.33371,1.50,3.75
2016.09.12 19:06:21.462,1.33364,1.33372,1.00,1.00
2016.09.12 19:06:21.615,1.33363,1.33372,1.50,1.00
2016.09.12 19:06:21.718,1.33363,1.33372,1.00,1.00
2016.09.12 19:06:22.313,1.33363,1.33372,1.00,1.00
2016.09.12 19:06:22.364,1.33363,1.33372,1.00,1.00
2016.09.12 19:06:22.448,1.33363,1.33372,1.00,1.10
2016.09.12 19:06:22.551,1.33363,1.33373,1.00,4.20
2016.09.12 19:06:23.147,1.33362,1.33371,1.00,1.00
2016.09.12 19:06:23.299,1.33361,1.33371,3.07,1.00
2016.09.12 19:06:23.350,1.33361,1.33371,3.07,1.50
2016.09.12 19:06:23.401,1.33361,1.33371,1.57,1.50
2016.09.12 19:06:23.453,1.33363,1.33371,1.00,1.00
2016.09.12 19:06:23.504,1.33361,1.33371,1.57,1.00
2016.09.12 19:06:24.421,1.33361,1.33369,1.10,1.00
2016.09.12 19:06:25.152,1.33361,1.33369,1.00,1.00
2016.09.12 19:06:25.407,1.33358,1.33368,2.14,1.50
2016.09.12 19:06:25.459,1.33358,1.33368,1.20,1.87
2016.09.12 19:06:25.511,1.33358,1.33367,1.10,1.12
2016.09.12 19:06:25.562,1.33358,1.33367,1.10,3.00
2016.09.12 19:06:25.614,1.33358,1.33367,1.00,3.07
2016.09.12 19:06:25.755,1.3336,1.33367,1.00,2.70
2016.09.12 19:06:25.806,1.33363,1.3337,1.00,3.45
2016.09.12 19:06:25.857,1.33363,1.3337,1.00,1.95
2016.09.12 19:06:25.908,1.3336,1.3337,1.00,1.57
2016.09.12 19:06:26.011,1.3336,1.3337,1.00,1.50
2016.09.12 19:06:26.725,1.33359,1.33371,1.50,3.45
2016.09.12 19:06:26.905,1.33358,1.3337,2.25,1.65
2016.09.12 19:06:26.956,1.33358,1.3337,1.50,1.65
2016.09.12 19:06:27.007,1.33358,1.33369,1.50,1.12
2016.09.12 19:06:27.364,1.33358,1.33369,1.50,1.00
2016.09.12 19:06:27.669,1.33361,1.33369,1.00,1.00
2016.09.12 19:06:27.720,1.33363,1.33371,1.00,2.25
2016.09.12 19:06:27.772,1.33363,1.33372,1.00,1.95
2016.09.12 19:06:27.823,1.33363,1.33372,1.00,1.87
2016.09.12 19:06:27.988,1.33363,1.33372,1.00,1.12
2016.09.12 19:06:28.040,1.33363,1.33372,1.00,1.00
2016.09.12 19:06:28.243,1.33363,1.33372,1.00,1.50
2016.09.12 19:06:28.653,1.33362,1.33372,1.00,1.00
2016.09.12 19:06:29.722,1.33363,1.33373,1.00,3.07
2016.09.12 19:06:29.773,1.33363,1.33373,1.00,2.32
2016.09.12 19:06:30.060,1.33363,1.33373,1.00,1.95
2016.09.12 19:06:32.327,1.33362,1.33373,1.00,2.32
2016.09.12 19:06:36.366,1.33362,1.33373,1.50,1.20
2016.09.12 19:06:36.465,1.33364,1.33373,1.00,1.57
2016.09.12 19:06:36.568,1.33364,1.33373,1.00,1.20
2016.09.12 19:06:36.877,1.33366,1.33373,1.00,2.25
2016.09.12 19:06:36.931,1.33366,1.33373,1.00,1.87
2016.09.12 19:06:36.982,1.33366,1.33373,1.00,1.50
2016.09.12 19:06:37.288,1.33365,1.33373,1.00,1.00
2016.09.12 19:06:37.748,1.33365,1.33374,1.00,2.02
2016.09.12 19:06:38.303,1.33366,1.33374,1.00,1.12
2016.09.12 19:06:41.232,1.33367,1.33374,1.00,1.37
2016.09.12 19:06:41.334,1.33366,1.33374,1.00,1.12
2016.09.12 19:06:41.386,1.33366,1.33374,1.00,1.87
2016.09.12 19:06:41.882,1.33366,1.33374,1.00,1.37
2016.09.12 19:06:42.295,1.33366,1.33374,1.00,1.87
2016.09.12 19:06:42.760,1.33365,1.33374,1.00,1.12
2016.09.12 19:06:43.079,1.33367,1.33374,1.00,1.12
2016.09.12 19:06:43.131,1.33365,1.33374,1.00,1.12
2016.09.12 19:06:43.182,1.33365,1.33374,1.00,2.62
2016.09.12 19:06:43.284,1.33366,1.33374,3.00,2.62
2016.09.12 19:06:43.752,1.33366,1.33374,3.00,1.87
2016.09.12 19:06:43.854,1.33366,1.33374,3.00,1.12
2016.09.12 19:06:45.342,1.33366,1.33375,3.00,3.37
2016.09.12 19:06:45.393,1.33366,1.33374,3.00,1.12
2016.09.12 19:06:45.444,1.33366,1.33374,2.25,1.50
2016.09.12 19:06:45.624,1.33364,1.33374,1.50,1.50
2016.09.12 19:06:45.777,1.33364,1.33374,1.00,1.87
2016.09.12 19:06:45.982,1.33363,1.33374,3.00,1.57
2016.09.12 19:06:46.084,1.33363,1.33374,3.00,2.02
2016.09.12 19:06:46.135,1.33363,1.33374,3.00,2.77
2016.09.12 19:06:46.238,1.33364,1.33374,1.00,3.90
2016.09.12 19:06:46.289,1.33364,1.33374,1.00,4.57
2016.09.12 19:06:46.341,1.33363,1.33372,3.00,1.12
2016.09.12 19:06:46.542,1.33364,1.33372,1.00,1.12
2016.09.12 19:06:46.594,1.33364,1.33372,1.00,1.87
2016.09.12 19:06:46.645,1.33362,1.33372,1.00,1.87
2016.09.12 19:06:46.697,1.33362,1.33372,1.00,1.12
2016.09.12 19:06:46.799,1.33362,1.33372,1.00,1.12
2016.09.12 19:06:46.850,1.33364,1.33373,1.00,2.40
2016.09.12 19:06:46.902,1.33364,1.33372,1.00,1.00
2016.09.12 19:06:47.005,1.33364,1.33373,1.00,1.65
2016.09.12 19:06:47.500,1.33364,1.33372,1.00,1.00
2016.09.12 19:06:47.603,1.33364,1.33373,1.00,3.15
2016.09.12 19:06:47.671,1.33364,1.33372,1.00,1.00
2016.09.12 19:06:47.977,1.33364,1.33373,1.00,3.15
2016.09.12 19:06:48.799,1.33364,1.33372,1.00,1.00
2016.09.12 19:06:48.901,1.33364,1.33373,1.00,3.15
2016.09.12 19:06:49.267,1.33364,1.33373,1.00,3.45
2016.09.12 19:06:49.369,1.33364,1.33373,1.00,3.75
2016.09.12 19:06:49.472,1.33364,1.33372,1.00,1.20
2016.09.12 19:06:50.179,1.33364,1.33373,1.00,3.75
2016.09.12 19:06:50.281,1.33364,1.33372,1.00,1.20
2016.09.12 19:06:50.486,1.33364,1.33373,1.00,3.75
2016.09.12 19:06:50.741,1.33362,1.33371,1.00,1.00
2016.09.12 19:06:52.012,1.33362,1.33371,1.00,1.50
2016.09.12 19:06:52.063,1.33359,1.33371,2.32,2.62
2016.09.12 19:06:52.115,1.33359,1.3337,1.50,1.50
2016.09.12 19:06:52.167,1.33358,1.3337,1.95,2.62
2016.09.12 19:06:52.219,1.33358,1.33366,1.12,1.00
2016.09.12 19:06:52.397,1.33357,1.33366,1.50,1.00
2016.09.12 19:06:52.450,1.33359,1.33367,1.00,1.47
2016.09.12 19:06:52.503,1.33359,1.33367,1.00,1.10
2016.09.12 19:06:52.554,1.3336,1.33367,1.00,1.00
2016.09.12 19:06:52.606,1.3336,1.33367,1.00,1.00
2016.09.12 19:06:52.679,1.33359,1.33367,1.00,1.00
2016.09.12 19:06:52.835,1.33357,1.33367,1.50,1.37
2016.09.12 19:06:52.887,1.33356,1.33367,1.85,2.25
2016.09.12 19:06:52.939,1.33356,1.33365,1.85,1.37
2016.09.12 19:06:52.993,1.33355,1.33365,3.15,1.50
2016.09.12 19:06:53.044,1.33355,1.33365,3.07,1.50
2016.09.12 19:06:53.095,1.33355,1.33365,3.00,1.37
2016.09.12 19:06:53.146,1.33357,1.33365,1.50,1.00
2016.09.12 19:06:53.443,1.33355,1.33365,3.75,1.00
2016.09.12 19:06:53.494,1.33357,1.33365,1.50,1.00
2016.09.12 19:06:53.545,1.33358,1.33365,1.87,1.00
2016.09.12 19:06:53.750,1.33358,1.33367,1.12,1.00
2016.09.12 19:06:53.801,1.33357,1.33368,1.50,4.57
2016.09.12 19:06:53.852,1.33356,1.33368,2.25,4.57
2016.09.12 19:06:53.954,1.33358,1.33368,1.12,4.57
2016.09.12 19:06:54.005,1.33358,1.33368,1.12,5.32
2016.09.12 19:06:55.030,1.33358,1.33367,1.50,1.00
2016.09.12 19:06:55.083,1.33356,1.33367,2.25,3.75
2016.09.12 19:06:55.135,1.33356,1.33366,2.25,1.50
2016.09.12 19:06:55.188,1.33356,1.33365,2.25,1.12
2016.09.12 19:06:55.240,1.33356,1.33365,2.25,2.62
2016.09.12 19:06:55.292,1.33356,1.33365,2.25,2.25
2016.09.12 19:06:55.497,1.33356,1.33365,2.25,2.25
2016.09.12 19:06:55.722,1.33356,1.33365,2.25,2.25
2016.09.12 19:06:56.079,1.33356,1.33365,2.25,2.25
2016.09.12 19:06:56.182,1.33356,1.33365,2.25,2.25
2016.09.12 19:06:56.234,1.33356,1.33365,2.25,1.00
2016.09.12 19:06:56.285,1.33356,1.33366,2.25,2.32
2016.09.12 19:06:56.336,1.33356,1.33366,3.00,1.95
2016.09.12 19:06:56.388,1.33357,1.33366,1.75,1.95
2016.09.12 19:06:56.463,1.33362,1.33366,1.00,1.10
2016.09.12 19:06:56.586,1.33364,1.33366,1.00,1.10
2016.09.12 19:06:56.638,1.33364,1.33371,1.00,1.95
2016.09.12 19:06:56.689,1.33362,1.33371,1.00,1.95
2016.09.12 19:06:56.741,1.33362,1.33371,1.00,3.45
2016.09.12 19:06:56.792,1.33361,1.33371,1.00,3.07
2016.09.12 19:06:57.202,1.33361,1.33371,1.00,3.82
2016.09.12 19:06:57.253,1.33361,1.33371,1.00,4.20
2016.09.12 19:06:57.304,1.33361,1.33371,1.00,3.45
2016.09.12 19:06:57.356,1.3336,1.33371,1.00,3.45
2016.09.12 19:06:57.408,1.3336,1.3337,1.00,1.20
2016.09.12 19:06:57.459,1.33358,1.33368,2.25,1.00
2016.09.12 19:06:57.627,1.33358,1.33368,1.50,1.10
2016.09.12 19:06:57.682,1.33358,1.33368,1.00,1.10
2016.09.12 19:06:57.798,1.3336,1.33368,1.00,1.10
2016.09.12 19:06:57.850,1.33363,1.3337,1.00,1.10
2016.09.12 19:06:57.901,1.33363,1.33372,1.00,2.70
2016.09.12 19:06:57.952,1.33362,1.33372,1.00,2.40
2016.09.12 19:06:58.055,1.33363,1.33371,1.00,1.00
2016.09.12 19:06:58.106,1.33363,1.33371,1.00,1.50
2016.09.12 19:06:58.157,1.33362,1.33371,1.00,1.87
2016.09.12 19:06:58.514,1.33362,1.33371,1.00,1.12
2016.09.12 19:06:58.999,1.33362,1.33371,1.00,1.87
2016.09.12 19:06:59.407,1.33362,1.33371,1.00,1.12
2016.09.12 19:06:59.458,1.33362,1.33372,1.50,4.27
2016.09.12 19:06:59.510,1.33362,1.33372,1.50,3.52
2016.09.12 19:07:00.011,1.33362,1.33372,1.00,3.15
2016.09.12 19:07:00.165,1.33361,1.33372,1.00,4.65
2016.09.12 19:07:00.217,1.33361,1.33371,1.00,1.87
2016.09.12 19:07:00.268,1.33359,1.33371,1.57,2.62
2016.09.12 19:07:00.320,1.33359,1.3337,1.57,1.12
2016.09.12 19:07:00.371,1.33359,1.3337,1.50,1.12
2016.09.12 19:07:00.422,1.33359,1.3337,1.50,1.50
2016.09.12 19:07:00.525,1.33359,1.3337,1.50,1.12
2016.09.12 19:07:00.859,1.3336,1.3337,1.00,1.12
2016.09.12 19:07:01.016,1.3336,1.3337,1.00,1.12
2016.09.12 19:07:01.118,1.33361,1.33371,1.00,2.70
2016.09.12 19:07:01.169,1.33361,1.33371,1.50,3.07
2016.09.12 19:07:01.221,1.33361,1.33371,1.50,1.57
2016.09.12 19:07:01.272,1.33362,1.33372,1.00,2.32
2016.09.12 19:07:01.323,1.33362,1.33372,1.00,1.57
2016.09.12 19:07:01.375,1.33361,1.33372,1.50,1.50
2016.09.12 19:07:01.459,1.33363,1.33372,1.00,1.20
2016.09.12 19:07:03.964,1.33363,1.33373,1.00,4.20
2016.09.12 19:07:04.578,1.33362,1.33373,1.00,4.95
2016.09.12 19:07:04.891,1.33361,1.33373,1.50,4.95
2016.09.12 19:07:04.944,1.33361,1.33371,1.50,2.62
2016.09.12 19:07:04.997,1.33361,1.33371,1.50,1.12
2016.09.12 19:07:05.051,1.33361,1.3337,1.00,1.50
2016.09.12 19:07:05.103,1.33361,1.3337,1.00,1.87
2016.09.12 19:07:05.155,1.33361,1.3337,1.00,1.37
2016.09.12 19:07:05.207,1.33359,1.3337,1.10,1.50
2016.09.12 19:07:05.260,1.33359,1.3337,1.10,1.87
2016.09.12 19:07:05.311,1.3336,1.3337,1.00,2.32
2016.09.12 19:07:05.362,1.33358,1.3337,2.62,2.32
2016.09.12 19:07:05.989,1.33358,1.3337,2.62,3.82
2016.09.12 19:07:07.083,1.33358,1.3337,2.62,7.05
2016.09.12 19:07:07.218,1.33358,1.33368,1.12,1.00
2016.09.12 19:07:07.271,1.33359,1.33369,1.12,2.02
2016.09.12 19:07:07.323,1.33359,1.33369,1.12,3.15
2016.09.12 19:07:07.374,1.33359,1.33368,1.12,1.87
2016.09.12 19:07:07.426,1.33359,1.33368,1.12,1.87
2016.09.12 19:07:07.477,1.33359,1.33368,1.12,1.50
2016.09.12 19:07:07.528,1.33359,1.33368,1.12,1.50
2016.09.12 19:07:08.190,1.33359,1.33369,1.87,4.27
2016.09.12 19:07:08.241,1.33359,1.33369,1.87,5.40
2016.09.12 19:07:09.198,1.33359,1.33369,1.87,4.65
2016.09.12 19:07:09.351,1.33359,1.33369,1.87,3.52
2016.09.12 19:07:09.402,1.3336,1.33369,1.00,3.52
2016.09.12 19:07:09.612,1.33359,1.33369,1.87,3.52
2016.09.12 19:07:09.714,1.33359,1.33369,1.87,4.65
2016.09.12 19:07:09.884,1.33359,1.33369,1.87,4.27
2016.09.12 19:07:09.935,1.33359,1.33369,1.12,3.15
2016.09.12 19:07:09.986,1.3336,1.33369,1.00,2.40
2016.09.12 19:07:10.038,1.3336,1.33368,1.00,1.37
2016.09.12 19:07:10.089,1.33359,1.33368,1.12,2.62
2016.09.12 19:07:10.141,1.33359,1.33368,1.12,3.37
2016.09.12 19:07:10.192,1.3336,1.33368,1.00,3.37
2016.09.12 19:07:10.244,1.3336,1.33368,1.00,2.62
2016.09.12 19:07:10.397,1.3336,1.33368,1.00,3.37
2016.09.12 19:07:10.600,1.33359,1.33368,1.12,3.37
2016.09.12 19:07:10.954,1.33359,1.33368,1.87,3.00
2016.09.12 19:07:11.007,1.3336,1.33368,1.50,1.12
2016.09.12 19:07:11.059,1.3336,1.33368,1.50,1.00
2016.09.12 19:07:11.161,1.3336,1.33368,1.00,1.00
2016.09.12 19:07:11.216,1.33359,1.33368,1.87,1.00
2016.09.12 19:07:11.676,1.33359,1.33369,1.87,1.65
2016.09.12 19:07:11.727,1.33359,1.33369,1.87,1.20
2016.09.12 19:07:12.048,1.3336,1.33369,1.00,1.20
2016.09.12 19:07:12.099,1.3336,1.3337,1.00,1.50
2016.09.12 19:07:12.150,1.33362,1.3337,1.00,1.12
2016.09.12 19:07:12.203,1.33364,1.33371,1.00,1.50
2016.09.12 19:07:12.267,1.33364,1.33372,1.00,1.20
2016.09.12 19:07:12.318,1.33365,1.33374,1.00,3.82
2016.09.12 19:07:12.370,1.33365,1.33374,1.00,3.45
2016.09.12 19:07:12.523,1.33365,1.33374,1.00,3.82
2016.09.12 19:07:12.574,1.33363,1.33374,1.00,3.82
2016.09.12 19:07:12.625,1.33363,1.33374,1.00,3.45
2016.09.12 19:07:13.046,1.33364,1.33374,1.00,3.82
2016.09.12 19:07:13.148,1.33364,1.33374,1.00,3.45
2016.09.12 19:07:13.352,1.33364,1.33374,1.00,3.82
2016.09.12 19:07:14.935,1.33364,1.33374,1.00,5.70
2016.09.12 19:07:14.986,1.33362,1.33374,1.50,5.70
2016.09.12 19:07:15.147,1.33362,1.33374,2.25,5.70
2016.09.12 19:07:15.198,1.33364,1.33374,1.00,4.57
2016.09.12 19:07:15.659,1.33364,1.33374,1.00,4.20
2016.09.12 19:07:16.030,1.33364,1.33374,1.00,5.32
2016.09.12 19:07:16.502,1.33364,1.33374,1.00,4.95
2016.09.12 19:07:16.604,1.33364,1.33374,1.00,4.20
2016.09.12 19:07:16.706,1.33364,1.33374,1.00,4.95
2016.09.12 19:07:16.961,1.33364,1.33374,1.00,5.70
2016.09.12 19:07:17.063,1.33364,1.33374,1.00,6.45
2016.09.12 19:07:17.114,1.33362,1.33374,1.50,5.70
2016.09.12 19:07:17.165,1.33362,1.33374,1.50,6.07
2016.09.12 19:07:17.369,1.33362,1.33372,1.50,1.00
2016.09.12 19:07:17.421,1.33362,1.3337,1.00,1.00
2016.09.12 19:07:17.565,1.3336,1.3337,1.87,1.12
2016.09.12 19:07:17.619,1.3336,1.3337,1.12,1.12
2016.09.12 19:07:17.744,1.3336,1.3337,1.12,1.00
2016.09.12 19:07:17.795,1.3336,1.3337,1.12,1.50
2016.09.12 19:07:17.846,1.3336,1.3337,1.87,1.50
2016.09.12 19:07:18.552,1.33361,1.3337,1.00,1.50
2016.09.12 19:07:18.659,1.33361,1.3337,1.00,1.50
2016.09.12 19:07:18.710,1.3336,1.3337,1.50,1.50
2016.09.12 19:07:18.761,1.3336,1.3337,1.50,1.00
2016.09.12 19:07:19.527,1.3336,1.3337,1.00,1.00
2016.09.12 19:07:19.733,1.3336,1.3337,1.50,1.00
2016.09.12 19:07:20.039,1.3336,1.3337,1.50,2.62
2016.09.12 19:07:20.192,1.33361,1.3337,1.00,1.12
2016.09.12 19:07:20.294,1.3336,1.3337,1.00,1.12
2016.09.12 19:07:21.187,1.3336,1.3337,1.50,1.12
2016.09.12 19:07:21.293,1.33359,1.3337,1.00,1.12
2016.09.12 19:07:21.396,1.3336,1.3337,1.00,1.12
2016.09.12 19:07:21.468,1.3336,1.3337,1.00,1.12
2016.09.12 19:07:21.571,1.33358,1.3337,2.02,1.12
2016.09.12 19:07:21.623,1.33358,1.3337,2.02,2.62
2016.09.12 19:07:21.674,1.33358,1.3337,2.02,2.62
2016.09.12 19:07:21.777,1.33358,1.3337,2.02,3.00
2016.09.12 19:07:21.948,1.33358,1.3337,2.02,2.62
2016.09.12 19:07:22.000,1.3336,1.3337,1.00,2.62
2016.09.12 19:07:22.461,1.3336,1.3337,1.00,3.00
2016.09.12 19:07:22.563,1.3336,1.3337,1.00,3.37
2016.09.12 19:07:22.614,1.33359,1.3337,1.00,3.37
2016.09.12 19:07:23.406,1.33359,1.33367,1.00,1.87
2016.09.12 19:07:23.458,1.33356,1.33367,1.00,3.45
2016.09.12 19:07:23.561,1.33356,1.33366,1.00,1.00
2016.09.12 19:07:23.664,1.33356,1.33367,1.00,3.82
2016.09.12 19:07:23.767,1.33356,1.33367,1.00,4.20
2016.09.12 19:07:23.869,1.33356,1.33367,1.00,3.82
2016.09.12 19:07:24.022,1.33356,1.33367,1.00,4.57
2016.09.12 19:07:24.582,1.33356,1.33367,1.00,4.95
2016.09.12 19:07:24.894,1.33356,1.33367,1.00,4.57
2016.09.12 19:07:25.098,1.33356,1.33366,1.00,1.12
2016.09.12 19:07:25.557,1.33356,1.33366,1.00,1.12
2016.09.12 19:07:25.608,1.33354,1.33364,1.57,1.00
2016.09.12 19:07:25.660,1.33354,1.33364,1.57,1.37
2016.09.12 19:07:25.712,1.33354,1.33364,1.10,1.37
2016.09.12 19:07:25.763,1.33354,1.33363,1.00,1.87
2016.09.12 19:07:25.814,1.33353,1.33363,1.00,3.37
2016.09.12 19:07:25.979,1.33353,1.33363,1.00,3.75
2016.09.12 19:07:26.032,1.33353,1.3336,1.00,2.70
2016.09.12 19:07:26.084,1.3335,1.3336,1.00,5.70
2016.09.12 19:07:26.135,1.3335,1.3336,1.00,6.45
2016.09.12 19:07:26.186,1.3335,1.33358,1.00,1.00
2016.09.12 19:07:26.441,1.3335,1.3336,1.00,6.45
2016.09.12 19:07:26.492,1.3335,1.3336,1.00,4.95
2016.09.12 19:07:26.645,1.3335,1.3336,1.00,6.45
2016.09.12 19:07:26.696,1.3335,1.33359,1.00,2.32
2016.09.12 19:07:27.076,1.3335,1.33357,1.00,1.00
2016.09.12 19:07:27.280,1.3335,1.33359,1.00,2.32
2016.09.12 19:07:27.434,1.33348,1.33358,1.57,3.00
2016.09.12 19:07:27.486,1.33348,1.33356,1.10,2.25
2016.09.12 19:07:27.538,1.33346,1.33355,1.45,3.00
2016.09.12 19:07:27.589,1.33346,1.33355,1.12,4.50
2016.09.12 19:07:27.641,1.33344,1.33355,1.87,6.07
2016.09.12 19:07:27.713,1.33344,1.33355,1.00,5.40
2016.09.12 19:07:27.764,1.33344,1.33355,1.00,4.57
2016.09.12 19:07:27.926,1.33344,1.33355,1.00,5.70
2016.09.12 19:07:27.978,1.33344,1.33355,1.00,4.57
2016.09.12 19:07:28.236,1.33344,1.33355,1.00,5.70
2016.09.12 19:07:28.440,1.33344,1.33355,1.00,4.57
2016.09.12 19:07:29.131,1.33344,1.33355,1.00,6.07
2016.09.12 19:07:29.184,1.33344,1.33355,1.00,5.77
2016.09.12 19:07:29.235,1.33344,1.33355,1.00,6.52
2016.09.12 19:07:29.440,1.33344,1.33355,1.00,5.77
2016.09.12 19:07:29.492,1.33344,1.33355,1.00,4.27
2016.09.12 19:07:29.963,1.33344,1.33355,1.00,3.52
2016.09.12 19:07:30.387,1.33344,1.33355,1.00,3.52
2016.09.12 19:07:30.905,1.33343,1.33355,2.25,3.52
2016.09.12 19:07:31.268,1.33343,1.33355,2.25,3.15
2016.09.12 19:07:31.447,1.33343,1.33355,2.25,3.90
2016.09.12 19:07:31.498,1.33344,1.33355,1.00,4.65
2016.09.12 19:07:31.873,1.33344,1.33355,1.00,5.02
2016.09.12 19:07:31.924,1.33343,1.33354,2.25,2.25
2016.09.12 19:07:32.026,1.33343,1.33354,1.50,2.25
2016.09.12 19:07:32.434,1.33343,1.33354,1.50,3.00
2016.09.12 19:07:32.672,1.33343,1.33354,2.25,3.00
2016.09.12 19:07:33.175,1.33343,1.33354,1.50,3.00
2016.09.12 19:07:33.924,1.33343,1.33354,1.50,2.25
2016.09.12 19:07:35.044,1.33343,1.33354,1.50,3.00
2016.09.12 19:07:35.146,1.33343,1.33354,1.00,3.00
2016.09.12 19:07:35.248,1.33343,1.33354,1.50,3.00
2016.09.12 19:07:36.030,1.33343,1.33354,1.50,2.25
2016.09.12 19:07:36.132,1.33343,1.33354,1.00,3.00
2016.09.12 19:07:36.489,1.33343,1.33354,1.00,3.75
2016.09.12 19:07:37.030,1.33343,1.33354,1.00,3.00
2016.09.12 19:07:37.132,1.33343,1.33354,1.50,1.50
2016.09.12 19:07:37.183,1.33343,1.33354,1.50,1.12
2016.09.12 19:07:37.235,1.33343,1.33354,1.00,1.12
2016.09.12 19:07:37.345,1.33343,1.33353,1.00,1.00
2016.09.12 19:07:37.397,1.33341,1.33353,6.00,3.00
2016.09.12 19:07:37.448,1.33341,1.33353,2.32,4.12
2016.09.12 19:07:37.500,1.3334,1.33352,2.25,3.45
2016.09.12 19:07:37.552,1.3334,1.33351,1.00,1.47
2016.09.12 19:07:37.654,1.33339,1.33351,1.00,1.95
2016.09.12 19:07:37.706,1.33338,1.3335,3.82,1.50
2016.09.12 19:07:37.955,1.33338,1.3335,2.32,1.50
2016.09.12 19:07:38.058,1.3334,1.3335,1.00,1.87
2016.09.12 19:07:38.110,1.3334,1.33351,1.50,5.70
2016.09.12 19:07:38.163,1.33342,1.33351,1.00,4.20
2016.09.12 19:07:38.215,1.3334,1.33351,1.50,2.62
2016.09.12 19:07:38.266,1.3334,1.33351,1.50,1.37
2016.09.12 19:07:38.318,1.3334,1.33352,1.00,1.95
2016.09.12 19:07:38.369,1.3334,1.33351,1.00,1.87
2016.09.12 19:07:38.523,1.33341,1.33351,1.50,1.87
2016.09.12 19:07:38.574,1.33341,1.33351,1.50,1.12
2016.09.12 19:07:38.677,1.33341,1.33351,1.50,1.50
2016.09.12 19:07:39.466,1.33341,1.33351,2.25,1.00
2016.09.12 19:07:40.948,1.33341,1.33352,2.25,1.47
2016.09.12 19:07:41.000,1.33341,1.33353,2.25,6.07
2016.09.12 19:07:41.204,1.33341,1.33353,2.25,6.82
2016.09.12 19:07:41.951,1.33341,1.33352,2.25,1.10
2016.09.12 19:07:42.156,1.33341,1.33353,2.25,6.82
2016.09.12 19:07:42.449,1.33341,1.33352,2.25,1.10
2016.09.12 19:07:43.192,1.33341,1.33353,2.25,7.57
2016.09.12 19:07:43.411,1.33341,1.33353,2.25,7.20
2016.09.12 19:07:44.334,1.33341,1.33352,2.25,1.10
2016.09.12 19:07:44.540,1.33343,1.33352,1.00,1.10
2016.09.12 19:07:44.593,1.33343,1.33353,1.00,2.62
2016.09.12 19:07:44.644,1.33345,1.33353,1.00,2.25
2016.09.12 19:07:44.696,1.33345,1.33353,1.00,1.00
2016.09.12 19:07:44.850,1.33344,1.33355,1.00,5.32
2016.09.12 19:07:45.002,1.33345,1.33355,1.00,4.20
2016.09.12 19:07:45.054,1.33344,1.33355,1.00,4.57
2016.09.12 19:07:45.460,1.33346,1.33355,1.00,3.07
2016.09.12 19:07:45.511,1.33346,1.33355,1.00,3.00
2016.09.12 19:07:45.562,1.33344,1.33355,1.57,5.32
2016.09.12 19:07:45.919,1.33344,1.33355,1.57,4.57
2016.09.12 19:07:46.276,1.33344,1.33355,1.57,3.45
2016.09.12 19:07:46.988,1.33344,1.33355,1.10,3.45
2016.09.12 19:07:47.345,1.33344,1.33355,1.10,4.57
2016.09.12 19:07:47.447,1.33344,1.33355,1.10,3.45
2016.09.12 19:07:48.905,1.33345,1.33355,1.00,3.45
2016.09.12 19:07:49.131,1.33345,1.33355,1.00,4.27
2016.09.12 19:07:49.183,1.33345,1.33355,1.00,4.20
2016.09.12 19:07:49.693,1.33345,1.33355,1.00,4.57
2016.09.12 19:07:49.744,1.33345,1.33355,1.00,6.07
2016.09.12 19:07:49.972,1.33343,1.33355,1.50,6.07
2016.09.12 19:07:50.276,1.33343,1.33354,1.50,1.47
2016.09.12 19:07:51.260,1.33343,1.33354,1.50,1.57
2016.09.12 19:07:51.507,1.33343,1.33354,1.50,1.95
2016.09.12 19:07:51.761,1.33343,1.33354,1.50,2.70
2016.09.12 19:07:51.914,1.33343,1.33353,1.50,1.12
2016.09.12 19:07:51.966,1.33343,1.33353,1.00,1.37
2016.09.12 19:07:52.017,1.33343,1.33352,1.00,1.00
2016.09.12 19:07:52.119,1.33341,1.33352,2.32,1.00
2016.09.12 19:07:52.170,1.33341,1.33353,1.57,4.50
2016.09.12 19:07:52.221,1.33341,1.33353,1.57,4.57
2016.09.12 19:07:52.272,1.33341,1.33353,1.57,5.70
2016.09.12 19:07:52.405,1.33341,1.33351,1.57,2.62
2016.09.12 19:07:52.456,1.3334,1.33349,1.12,1.00
2016.09.12 19:07:52.508,1.3334,1.33349,1.00,1.00
2016.09.12 19:07:52.711,1.33338,1.33349,2.32,1.00
2016.09.12 19:07:53.564,1.33338,1.3335,3.07,2.25
2016.09.12 19:07:53.616,1.33338,1.3335,3.07,1.50
2016.09.12 19:07:54.195,1.33338,1.3335,2.32,1.50
2016.09.12 19:07:55.384,1.33339,1.3335,1.00,1.50
2016.09.12 19:07:55.435,1.33339,1.3335,1.00,2.25
2016.09.12 19:07:55.693,1.33339,1.3335,1.00,4.50
2016.09.12 19:07:56.355,1.33338,1.33349,1.10,1.50
2016.09.12 19:07:56.462,1.33338,1.33348,1.00,1.00
2016.09.12 19:07:56.677,1.33338,1.33349,1.00,1.50
2016.09.12 19:07:57.192,1.33338,1.33349,1.12,1.50
2016.09.12 19:07:57.447,1.33338,1.33348,1.12,1.00
2016.09.12 19:07:57.703,1.33338,1.33349,1.12,1.50
2016.09.12 19:07:58.251,1.33339,1.33349,1.00,1.50
2016.09.12 19:07:58.302,1.33339,1.33348,1.00,1.00
2016.09.12 19:07:58.404,1.33339,1.33349,1.00,1.50
2016.09.12 19:07:58.811,1.33339,1.33348,1.00,1.00
2016.09.12 19:07:59.149,1.33339,1.33349,1.00,1.50
2016.09.12 19:07:59.251,1.33343,1.33349,1.00,1.50
2016.09.12 19:07:59.302,1.33343,1.3335,1.00,4.20
2016.09.12 19:07:59.354,1.33344,1.3335,1.00,3.07
2016.09.12 19:07:59.405,1.33344,1.3335,1.50,1.10
2016.09.12 19:07:59.456,1.33346,1.3335,1.00,1.00
2016.09.12 19:07:59.508,1.33346,1.33353,1.00,2.25
2016.09.12 19:07:59.559,1.33346,1.33353,1.00,1.87
2016.09.12 19:07:59.610,1.33346,1.33353,1.00,2.25
2016.09.12 19:07:59.662,1.33346,1.33353,1.00,1.87
2016.09.12 19:08:00.031,1.33346,1.33354,1.00,1.10
2016.09.12 19:08:00.545,1.33346,1.33355,1.00,3.45
2016.09.12 19:08:00.784,1.33344,1.33355,1.00,4.57
2016.09.12 19:08:01.038,1.33345,1.33355,1.00,2.70
2016.09.12 19:08:01.090,1.33345,1.33355,1.00,3.07
2016.09.12 19:08:01.835,1.33345,1.33355,1.00,3.82
2016.09.12 19:08:01.886,1.33346,1.33354,1.00,1.57
2016.09.12 19:08:02.095,1.33346,1.33354,1.00,1.50
2016.09.12 19:08:02.625,1.33345,1.33354,1.00,1.50
2016.09.12 19:08:03.147,1.33345,1.33354,1.00,1.50
2016.09.12 19:08:04.757,1.33343,1.33354,2.25,1.50
2016.09.12 19:08:04.808,1.33343,1.33354,1.87,1.50
2016.09.12 19:08:04.859,1.33345,1.33354,1.00,1.50
2016.09.12 19:08:05.117,1.33345,1.33354,1.00,1.87
2016.09.12 19:08:05.492,1.33345,1.33354,1.00,1.87
2016.09.12 19:08:05.543,1.33345,1.33354,1.00,1.50
2016.09.12 19:08:05.748,1.33345,1.33354,1.00,1.50
2016.09.12 19:08:05.953,1.33345,1.33354,1.00,1.50
2016.09.12 19:08:06.372,1.33344,1.33354,1.12,1.50
2016.09.12 19:08:06.594,1.33345,1.33354,1.00,1.50
2016.09.12 19:08:07.002,1.33345,1.33354,1.12,1.50
2016.09.12 19:08:07.054,1.33346,1.33354,1.00,1.50
2016.09.12 19:08:07.209,1.33346,1.33355,1.00,1.20
2016.09.12 19:08:07.260,1.33351,1.33355,1.00,1.20
2016.09.12 19:08:07.312,1.33351,1.33356,1.00,1.50
2016.09.12 19:08:07.459,1.33351,1.33358,1.12,1.00
2016.09.12 19:08:07.510,1.33354,1.3336,1.00,1.00
2016.09.12 19:08:07.562,1.33352,1.3336,1.50,1.00
2016.09.12 19:08:07.768,1.33352,1.3336,1.00,1.00
2016.09.12 19:08:07.830,1.33352,1.33364,1.00,6.00
2016.09.12 19:08:07.881,1.33352,1.33364,1.00,4.87
2016.09.12 19:08:07.932,1.33352,1.33363,1.00,1.20
2016.09.12 19:08:07.984,1.33353,1.33363,1.00,1.27
2016.09.12 19:08:08.202,1.33353,1.33363,1.00,2.02
2016.09.12 19:08:08.254,1.33352,1.33364,1.00,4.87
2016.09.12 19:08:08.330,1.33355,1.33364,1.00,1.10
2016.09.12 19:08:08.432,1.33355,1.33366,1.12,3.15
2016.09.12 19:08:08.483,1.33356,1.33366,1.00,2.32
2016.09.12 19:08:08.535,1.33356,1.33366,1.12,1.57
2016.09.12 19:08:08.586,1.33356,1.33366,1.12,1.50
2016.09.12 19:08:08.739,1.3336,1.33366,1.00,1.50
2016.09.12 19:08:08.790,1.33361,1.33368,1.00,1.37
2016.09.12 19:08:08.915,1.33361,1.33368,1.00,1.00
2016.09.12 19:08:08.969,1.33361,1.33372,1.50,1.57
2016.09.12 19:08:09.020,1.33361,1.33372,1.50,1.20
2016.09.12 19:08:09.071,1.33362,1.33372,1.00,1.20
2016.09.12 19:08:09.122,1.33362,1.33372,1.00,1.20
2016.09.12 19:08:09.276,1.33361,1.33372,2.25,1.20
2016.09.12 19:08:09.378,1.33364,1.33372,1.00,1.20
2016.09.12 19:08:09.531,1.33363,1.33372,1.00,1.07
2016.09.12 19:08:10.025,1.33363,1.33372,1.00,2.70
2016.09.12 19:08:10.076,1.33362,1.33372,1.00,2.70
2016.09.12 19:08:10.180,1.33361,1.33372,2.25,2.70
2016.09.12 19:08:10.231,1.33361,1.33372,2.25,4.20
2016.09.12 19:08:10.283,1.33361,1.33372,1.50,4.20
2016.09.12 19:08:10.894,1.33362,1.33372,1.00,4.20
2016.09.12 19:08:11.760,1.33362,1.33372,1.50,4.20
2016.09.12 19:08:12.004,1.33362,1.33372,1.00,4.20
2016.09.12 19:08:12.277,1.33362,1.33372,1.50,4.20
2016.09.12 19:08:15.348,1.33362,1.33372,1.50,2.32
2016.09.12 19:08:15.399,1.33362,1.33372,1.00,2.32
2016.09.12 19:08:15.450,1.33362,1.33371,1.00,1.10
2016.09.12 19:08:15.501,1.33361,1.33371,1.00,2.32
2016.09.12 19:08:16.122,1.33361,1.33371,1.00,1.10
2016.09.12 19:08:16.173,1.3336,1.3337,2.32,1.00
2016.09.12 19:08:16.224,1.3336,1.3337,3.07,1.00
2016.09.12 19:08:16.326,1.3336,1.3337,2.32,1.00
2016.09.12 19:08:16.479,1.3336,1.3337,3.07,1.00
2016.09.12 19:08:16.581,1.33361,1.3337,1.00,1.00
2016.09.12 19:08:17.202,1.3336,1.3337,1.57,1.00
2016.09.12 19:08:17.456,1.3336,1.33372,1.57,3.45
2016.09.12 19:08:17.508,1.3336,1.33372,1.57,2.70
2016.09.12 19:08:17.815,1.33362,1.33372,1.00,3.45
2016.09.12 19:08:17.867,1.33361,1.33372,1.50,3.82
2016.09.12 19:08:17.918,1.33361,1.33372,1.50,4.20
2016.09.12 19:08:18.087,1.33361,1.33372,1.50,3.45
2016.09.12 19:08:18.189,1.33363,1.33372,1.00,3.45
2016.09.12 19:08:18.291,1.33363,1.33372,1.00,2.70
2016.09.12 19:08:18.599,1.33363,1.33372,1.00,2.32
2016.09.12 19:08:18.856,1.33363,1.33372,1.00,1.57
2016.09.12 19:08:19.009,1.33363,1.33372,1.00,1.95
2016.09.12 19:08:19.343,1.33363,1.33372,1.00,1.57
2016.09.12 19:08:20.108,1.33363,1.33372,1.00,1.07
2016.09.12 19:08:20.875,1.33361,1.33372,1.50,1.57
2016.09.12 19:08:20.926,1.33361,1.33372,1.50,1.95
2016.09.12 19:08:20.977,1.33361,1.33372,1.00,3.82
2016.09.12 19:08:21.028,1.33361,1.33372,1.00,5.32
2016.09.12 19:08:21.079,1.33361,1.3337,1.00,1.00
2016.09.12 19:08:21.555,1.33361,1.33371,1.00,1.57
2016.09.12 19:08:21.759,1.33361,1.33371,1.00,1.10
2016.09.12 19:08:21.810,1.33361,1.33371,1.50,1.10
2016.09.12 19:08:21.913,1.33362,1.33371,1.00,1.10
2016.09.12 19:08:21.964,1.33362,1.33371,1.00,1.00
2016.09.12 19:08:22.168,1.33362,1.33371,1.00,1.00
2016.09.12 19:08:23.545,1.33362,1.33372,1.00,1.10
2016.09.12 19:08:23.832,1.33363,1.33373,1.00,4.20
2016.09.12 19:08:23.985,1.33363,1.33373,1.00,3.82
2016.09.12 19:08:24.595,1.33363,1.33373,1.00,4.20
2016.09.12 19:08:25.667,1.33363,1.33373,1.00,3.82
2016.09.12 19:08:25.819,1.33363,1.33373,1.00,2.32
2016.09.12 19:08:25.871,1.33363,1.33373,1.00,1.95
2016.09.12 19:08:26.379,1.33363,1.33373,1.00,2.32
2016.09.12 19:08:26.628,1.33362,1.33373,1.00,1.65
2016.09.12 19:08:26.682,1.33363,1.33373,1.00,1.57
2016.09.12 19:08:26.784,1.33363,1.33373,1.00,1.10
2016.09.12 19:08:27.784,1.33363,1.33373,1.00,1.57
2016.09.12 19:08:28.224,1.33365,1.33373,1.00,1.57
2016.09.12 19:08:28.428,1.33363,1.33373,1.00,1.57
2016.09.12 19:08:28.479,1.33365,1.33373,1.00,1.57
2016.09.12 19:08:28.683,1.33366,1.33373,1.00,1.00
2016.09.12 19:08:29.230,1.33365,1.33373,1.00,1.00
2016.09.12 19:08:29.332,1.33367,1.33377,1.00,4.95
2016.09.12 19:08:29.383,1.3337,1.33377,1.00,1.87
2016.09.12 19:08:29.435,1.3337,1.33377,1.00,1.37
2016.09.12 19:08:29.486,1.33372,1.33378,1.00,1.00
2016.09.12 19:08:29.538,1.33372,1.33379,1.00,1.47
2016.09.12 19:08:29.589,1.33369,1.33379,1.50,1.12
2016.09.12 19:08:30.483,1.3337,1.33379,1.00,1.12
2016.09.12 19:08:30.790,1.3337,1.3338,1.50,1.87
2016.09.12 19:08:30.841,1.33371,1.33381,1.00,3.90
2016.09.12 19:08:30.892,1.33371,1.33381,1.50,3.82
2016.09.12 19:08:31.262,1.33371,1.3338,1.00,2.32
2016.09.12 19:08:31.365,1.33369,1.3338,1.57,2.32
2016.09.12 19:08:31.520,1.33369,1.33379,1.57,1.00
2016.09.12 19:08:31.658,1.33371,1.33379,1.00,1.00
2016.09.12 19:08:31.811,1.33369,1.33379,1.57,1.00
2016.09.12 19:08:31.862,1.33369,1.33379,1.10,1.12
2016.09.12 19:08:31.913,1.33368,1.33377,1.20,1.50
2016.09.12 19:08:31.965,1.33368,1.33376,1.20,2.62
2016.09.12 19:08:32.018,1.33366,1.33374,2.25,1.00
2016.09.12 19:08:32.069,1.33366,1.33374,1.12,1.00
2016.09.12 19:08:32.120,1.33365,1.33374,1.37,1.00
2016.09.12 19:08:32.257,1.33364,1.33375,1.95,1.50
2016.09.12 19:08:32.308,1.33364,1.33375,1.95,1.00
2016.09.12 19:08:32.512,1.33365,1.33375,1.10,1.50
2016.09.12 19:08:32.925,1.33365,1.33375,1.10,1.57
2016.09.12 19:08:32.976,1.33365,1.33375,1.00,1.95
2016.09.12 19:08:33.129,1.33365,1.33375,1.00,2.70
2016.09.12 19:08:34.141,1.33365,1.33373,1.00,1.00
2016.09.12 19:08:34.192,1.33364,1.33373,1.50,1.00
2016.09.12 19:08:34.294,1.33364,1.33373,1.00,1.00
2016.09.12 19:08:34.345,1.33364,1.33373,1.50,1.00
2016.09.12 19:08:34.924,1.33365,1.33373,1.00,1.00
2016.09.12 19:08:35.336,1.33364,1.33373,2.25,1.00
2016.09.12 19:08:35.438,1.33365,1.33373,1.00,1.00
2016.09.12 19:08:35.939,1.33367,1.33373,1.00,1.00
2016.09.12 19:08:37.002,1.33365,1.33373,1.07,1.00
2016.09.12 19:08:37.054,1.33364,1.33374,2.62,1.37
2016.09.12 19:08:37.105,1.33364,1.33374,3.37,1.37
2016.09.12 19:08:37.247,1.33364,1.33374,3.37,1.50
2016.09.12 19:08:37.298,1.33364,1.33374,3.37,1.12
2016.09.12 19:08:37.452,1.33364,1.33374,3.37,1.00
2016.09.12 19:08:37.504,1.33365,1.33374,1.20,1.00
2016.09.12 19:08:37.760,1.33365,1.33374,1.20,1.50
2016.09.12 19:08:38.433,1.33366,1.33374,1.10,1.00
2016.09.12 19:08:38.484,1.33367,1.33374,1.00,1.00
2016.09.12 19:08:38.536,1.33368,1.33374,1.00,1.50
2016.09.12 19:08:38.588,1.33368,1.33374,1.50,1.50
2016.09.12 19:08:38.640,1.33369,1.33376,1.00,1.00
2016.09.12 19:08:38.743,1.33368,1.33379,1.00,1.00
2016.09.12 19:08:38.795,1.33369,1.33379,1.00,1.00
2016.09.12 19:08:38.846,1.33369,1.33379,1.00,1.50
2016.09.12 19:08:38.957,1.33369,1.33379,1.00,1.00
2016.09.12 19:08:39.336,1.33369,1.33379,1.00,1.50
2016.09.12 19:08:39.563,1.33369,1.33379,1.00,1.87
2016.09.12 19:08:39.614,1.33368,1.33379,1.10,2.25
2016.09.12 19:08:39.716,1.33369,1.33379,1.00,2.25
2016.09.12 19:08:40.546,1.33368,1.33378,1.10,2.25
2016.09.12 19:08:40.597,1.33367,1.33378,1.20,2.25
2016.09.12 19:08:40.649,1.33366,1.33375,2.25,1.12
2016.09.12 19:08:40.701,1.33365,1.33374,2.25,1.00
2016.09.12 19:08:40.752,1.33365,1.33374,1.45,1.00
2016.09.12 19:08:40.804,1.33364,1.33375,1.95,1.87
2016.09.12 19:08:40.856,1.33364,1.33375,1.57,1.12
2016.09.12 19:08:40.907,1.33364,1.33375,1.20,1.12
2016.09.12 19:08:40.958,1.33364,1.33375,1.20,1.87
2016.09.12 19:08:41.119,1.33365,1.33375,1.00,2.62
2016.09.12 19:08:41.170,1.33365,1.33375,1.50,1.00
2016.09.12 19:08:41.937,1.33365,1.33376,1.50,2.62
2016.09.12 19:08:41.988,1.33365,1.33376,1.50,3.00
2016.09.12 19:08:42.039,1.33365,1.33376,1.50,1.50
2016.09.12 19:08:42.090,1.33365,1.33377,1.50,3.90
2016.09.12 19:08:42.421,1.33365,1.33377,1.50,3.52
2016.09.12 19:08:42.472,1.33365,1.33377,1.50,3.15
2016.09.12 19:08:43.036,1.33366,1.33377,1.00,2.40
2016.09.12 19:08:43.087,1.33366,1.33377,1.00,2.32
2016.09.12 19:08:43.139,1.33367,1.33377,1.00,2.25
2016.09.12 19:08:43.750,1.33367,1.33377,1.00,2.62
2016.09.12 19:08:45.037,1.33367,1.33377,1.00,3.00
2016.09.12 19:08:45.342,1.33367,1.33377,1.00,2.62
2016.09.12 19:08:45.545,1.33367,1.33377,1.00,3.00
2016.09.12 19:08:45.597,1.33367,1.33377,1.00,2.25
2016.09.12 19:08:46.583,1.33367,1.33377,1.00,3.00
2016.09.12 19:08:46.634,1.33368,1.33377,1.00,1.87
2016.09.12 19:08:46.686,1.33368,1.33379,1.00,3.07
2016.09.12 19:08:46.738,1.33368,1.33379,1.50,1.47
2016.09.12 19:08:46.873,1.33369,1.33379,1.00,1.00
2016.09.12 19:08:46.925,1.33368,1.3338,1.50,2.02
2016.09.12 19:08:47.031,1.3337,1.3338,1.00,2.02
2016.09.12 19:08:47.083,1.33369,1.33379,1.50,1.00
2016.09.12 19:08:47.135,1.33369,1.3338,1.00,2.02
2016.09.12 19:08:47.237,1.33369,1.3338,1.00,2.77
2016.09.12 19:08:47.390,1.33369,1.3338,1.00,2.40
2016.09.12 19:08:47.697,1.33369,1.3338,1.00,2.77
2016.09.12 19:08:47.855,1.33368,1.3338,1.00,2.02
2016.09.12 19:08:48.019,1.33368,1.3338,1.50,2.02
2016.09.12 19:08:48.222,1.33368,1.3338,1.00,2.77
2016.09.12 19:08:48.375,1.33368,1.33379,1.00,1.00
2016.09.12 19:08:48.528,1.33368,1.33379,1.50,1.00
2016.09.12 19:08:48.630,1.33368,1.33379,1.00,1.00
2016.09.12 19:08:49.445,1.33368,1.33379,1.00,1.00
2016.09.12 19:08:50.745,1.33367,1.33377,1.65,1.50
2016.09.12 19:08:50.797,1.33367,1.33377,1.65,3.37
2016.09.12 19:08:50.848,1.33367,1.33377,1.20,4.50
2016.09.12 19:08:50.900,1.33367,1.33377,1.20,3.75
2016.09.12 19:08:50.951,1.33367,1.33377,1.10,3.75
2016.09.12 19:08:51.054,1.33367,1.33377,1.10,3.37
2016.09.12 19:08:51.258,1.33367,1.33377,1.10,3.75
2016.09.12 19:08:51.309,1.33367,1.33377,1.10,3.37
2016.09.12 19:08:51.411,1.33367,1.33377,1.10,3.75
2016.09.12 19:08:51.514,1.33367,1.33377,1.10,3.37
2016.09.12 19:08:51.733,1.33365,1.33377,3.07,3.75
2016.09.12 19:08:51.807,1.33365,1.33377,3.07,4.50
2016.09.12 19:08:51.859,1.33365,1.33377,3.07,4.12
2016.09.12 19:08:51.910,1.33365,1.33377,3.07,4.50
2016.09.12 19:08:52.012,1.33365,1.33377,3.07,3.75
2016.09.12 19:08:52.165,1.33365,1.33377,2.32,3.75
