2016.10.26 19:00:00.060,1.22276,1.22285,1.00,1.12
2016.10.26 19:00:00.163,1.22275,1.22283,1.50,1.00
2016.10.26 19:00:00.714,1.22274,1.22283,2.62,1.00
2016.10.26 19:00:01.222,1.22275,1.22283,1.12,1.00
2016.10.26 19:00:03.059,1.22277,1.22285,1.84,1.00
2016.10.26 19:00:03.112,1.22277,1.22288,1.50,1.12
2016.10.26 19:00:03.214,1.22277,1.22287,1.87,1.00
2016.10.26 19:00:03.721,1.22277,1.22287,1.75,1.00
2016.10.26 19:00:04.249,1.22277,1.22288,1.87,1.00
2016.10.26 19:00:04.756,1.22277,1.22287,2.25,1.00
2016.10.26 19:00:05.410,1.22275,1.22278,1.00,1.00
2016.10.26 19:00:05.462,1.2227,1.22276,1.87,1.00
2016.10.26 19:00:05.514,1.2227,1.22278,1.50,2.06
2016.10.26 19:00:05.617,1.22269,1.2228,2.62,1.00
2016.10.26 19:00:05.720,1.2227,1.22282,1.50,1.50
2016.10.26 19:00:05.925,1.22273,1.22283,1.00,1.00
2016.10.26 19:00:07.119,1.22272,1.22283,3.37,1.00
2016.10.26 19:00:07.945,1.22272,1.22283,3.37,1.00
2016.10.26 19:00:08.559,1.22273,1.22285,2.25,1.87
2016.10.26 19:00:09.067,1.22274,1.22285,1.00,1.87
2016.10.26 19:00:09.610,1.22273,1.22284,3.00,1.12
2016.10.26 19:00:15.670,1.22273,1.22284,1.00,2.62
2016.10.26 19:00:16.534,1.22273,1.22279,1.00,1.00
2016.10.26 19:00:16.587,1.2227,1.22279,1.87,1.00
2016.10.26 19:00:17.135,1.22269,1.22278,1.50,1.00
2016.10.26 19:00:18.318,1.22269,1.22281,2.25,3.00
2016.10.26 19:00:18.830,1.22268,1.22279,1.75,2.25
2016.10.26 19:00:19.555,1.22269,1.22278,2.62,1.00
2016.10.26 19:00:19.606,1.2227,1.22281,1.12,3.37
2016.10.26 19:00:22.877,1.2227,1.22281,1.87,1.12
2016.10.26 19:00:23.030,1.22269,1.22279,2.62,1.00
2016.10.26 19:00:23.584,1.22268,1.22275,1.12,1.00
2016.10.26 19:00:23.686,1.22263,1.22274,4.87,1.00
2016.10.26 19:00:23.788,1.22263,1.22274,1.00,1.00
2016.10.26 19:00:25.091,1.22263,1.22273,1.00,1.00
2016.10.26 19:00:27.982,1.22263,1.22274,1.12,1.00
2016.10.26 19:00:29.471,1.22262,1.22274,2.25,2.25
2016.10.26 19:00:29.776,1.22262,1.22271,2.25,1.30
2016.10.26 19:00:30.083,1.22254,1.22263,1.50,1.00
2016.10.26 19:00:30.602,1.22253,1.22263,4.50,2.62
2016.10.26 19:00:31.212,1.22252,1.22263,1.87,2.62
2016.10.26 19:00:32.106,1.22252,1.22255,1.00,1.00
2016.10.26 19:00:32.158,1.22245,1.22255,3.75,1.00
2016.10.26 19:00:32.463,1.22246,1.22257,2.21,1.50
2016.10.26 19:00:32.972,1.22247,1.22258,1.09,1.37
2016.10.26 19:00:43.481,1.22249,1.22258,1.00,1.50
2016.10.26 19:00:44.013,1.22249,1.22258,1.00,1.00
2016.10.26 19:00:47.304,1.22247,1.22259,2.62,2.25
2016.10.26 19:00:48.268,1.22248,1.22251,1.12,1.00
2016.10.26 19:00:48.320,1.22247,1.22255,1.50,1.00
2016.10.26 19:00:48.422,1.22244,1.22253,1.30,1.00
2016.10.26 19:00:48.474,1.22243,1.22253,2.25,1.50
2016.10.26 19:00:48.865,1.22241,1.22252,2.25,1.00
2016.10.26 19:00:49.373,1.22242,1.22251,1.51,1.00
2016.10.26 19:00:49.830,1.22239,1.22249,2.25,2.25
2016.10.26 19:00:50.639,1.22237,1.22249,3.01,3.37
2016.10.26 19:00:53.546,1.22238,1.22245,1.00,2.10
2016.10.26 19:00:53.852,1.22227,1.22231,3.75,1.00
2016.10.26 19:00:53.903,1.22219,1.22231,1.12,1.00
2016.10.26 19:00:54.158,1.22221,1.22232,1.50,1.00
2016.10.26 19:00:54.685,1.2222,1.2223,1.00,1.00
2016.10.26 19:00:55.143,1.22221,1.22233,1.50,1.48
2016.10.26 19:00:55.245,1.22222,1.22235,1.00,2.62
2016.10.26 19:00:55.347,1.22222,1.22235,1.12,2.25
2016.10.26 19:00:56.573,1.22229,1.22235,4.12,1.00
2016.10.26 19:00:56.664,1.22229,1.22243,3.75,1.00
2016.10.26 19:00:56.969,1.22229,1.22243,3.37,1.86
2016.10.26 19:00:58.383,1.22229,1.22243,2.25,1.87
2016.10.26 19:01:00.153,1.22229,1.22243,5.25,1.50
2016.10.26 19:01:01.176,1.2223,1.22243,2.25,2.25
2016.10.26 19:01:01.583,1.2223,1.22243,1.00,4.12
2016.10.26 19:01:04.128,1.22229,1.22238,1.00,1.00
2016.10.26 19:01:05.426,1.22229,1.22235,1.00,1.00
2016.10.26 19:01:05.876,1.22223,1.22233,1.00,1.50
2016.10.26 19:01:06.386,1.22222,1.22233,1.50,2.62
2016.10.26 19:01:07.959,1.22223,1.22234,1.50,1.87
2016.10.26 19:01:08.264,1.22221,1.22234,2.25,3.37
2016.10.26 19:01:08.416,1.22221,1.2223,1.50,1.00
2016.10.26 19:01:08.467,1.22218,1.22231,4.12,1.87
2016.10.26 19:01:08.976,1.22218,1.2223,1.12,2.62
2016.10.26 19:01:11.106,1.22218,1.2223,1.37,2.62
2016.10.26 19:01:11.628,1.22218,1.2223,1.12,1.37
2016.10.26 19:01:13.240,1.22221,1.22232,1.50,1.50
2016.10.26 19:01:13.751,1.22221,1.22233,3.34,3.00
2016.10.26 19:01:14.258,1.22221,1.22233,4.84,2.25
2016.10.26 19:01:18.089,1.22221,1.22233,1.84,3.75
2016.10.26 19:01:18.545,1.22222,1.22231,1.34,1.12
2016.10.26 19:01:18.596,1.22222,1.22233,1.34,3.37
2016.10.26 19:01:18.647,1.22221,1.22232,4.87,1.31
2016.10.26 19:01:18.698,1.22221,1.2223,2.62,1.00
2016.10.26 19:01:19.003,1.22213,1.22223,2.25,1.00
2016.10.26 19:01:19.547,1.22215,1.22223,1.00,1.12
2016.10.26 19:01:20.054,1.22212,1.22223,1.09,1.12
2016.10.26 19:01:20.868,1.22213,1.22224,2.21,1.00
2016.10.26 19:01:21.315,1.22215,1.22226,2.96,1.50
2016.10.26 19:01:21.620,1.22217,1.22226,1.37,1.00
2016.10.26 19:01:22.132,1.22217,1.22228,1.37,1.12
2016.10.26 19:01:22.659,1.22218,1.22229,1.00,1.12
2016.10.26 19:01:23.166,1.22218,1.22227,1.00,1.00
2016.10.26 19:01:25.398,1.22219,1.22231,1.20,1.87
2016.10.26 19:01:29.548,1.2222,1.2223,1.50,1.00
2016.10.26 19:01:29.751,1.2222,1.22227,1.50,1.00
2016.10.26 19:01:29.803,1.22218,1.22226,2.62,1.00
2016.10.26 19:01:29.854,1.22218,1.22224,1.00,1.00
2016.10.26 19:01:30.008,1.22214,1.22222,1.00,1.00
2016.10.26 19:01:30.842,1.22213,1.22221,3.75,1.00
2016.10.26 19:01:30.894,1.22217,1.22226,1.12,3.75
2016.10.26 19:01:30.945,1.22215,1.22226,1.00,3.37
2016.10.26 19:01:32.077,1.22223,1.22227,1.00,2.25
2016.10.26 19:01:32.179,1.22225,1.22233,1.00,1.87
2016.10.26 19:01:32.647,1.22226,1.22238,2.25,3.75
2016.10.26 19:01:33.206,1.2223,1.22238,1.00,1.50
2016.10.26 19:01:33.612,1.2223,1.22239,1.50,1.50
2016.10.26 19:01:33.714,1.22232,1.22241,1.50,1.12
2016.10.26 19:01:34.019,1.22235,1.22244,1.00,1.00
2016.10.26 19:01:34.982,1.22235,1.22245,1.00,1.00
2016.10.26 19:01:36.596,1.2223,1.22235,3.00,1.50
2016.10.26 19:01:36.698,1.22226,1.22238,2.25,1.87
2016.10.26 19:01:36.750,1.22226,1.22235,2.25,1.50
2016.10.26 19:01:36.903,1.22226,1.22234,1.87,1.00
2016.10.26 19:01:37.107,1.22228,1.22237,1.50,2.25
2016.10.26 19:01:37.209,1.2223,1.22237,1.00,1.00
2016.10.26 19:01:37.311,1.2223,1.22239,1.00,1.00
2016.10.26 19:01:37.515,1.22232,1.22241,1.00,2.62
2016.10.26 19:01:38.262,1.22233,1.22242,1.00,1.00
2016.10.26 19:01:38.821,1.22234,1.22242,1.00,1.00
2016.10.26 19:01:41.127,1.22233,1.22242,1.00,1.00
2016.10.26 19:01:41.635,1.22233,1.22242,1.00,1.50
2016.10.26 19:01:42.581,1.22233,1.22242,1.00,1.00
2016.10.26 19:01:45.222,1.22235,1.22242,1.00,1.87
2016.10.26 19:01:45.761,1.22234,1.22242,1.00,1.50
2016.10.26 19:01:46.470,1.22234,1.22242,1.00,1.12
2016.10.26 19:01:47.000,1.22234,1.22243,1.00,1.00
2016.10.26 19:01:49.073,1.22235,1.22243,1.00,1.00
2016.10.26 19:01:50.781,1.22235,1.22246,1.00,4.87
2016.10.26 19:01:50.832,1.22239,1.22247,1.00,6.00
2016.10.26 19:01:50.884,1.2224,1.22247,1.00,1.87
2016.10.26 19:01:51.323,1.22237,1.22247,1.37,1.50
2016.10.26 19:01:51.867,1.22237,1.22247,1.12,1.12
2016.10.26 19:01:53.524,1.22238,1.22247,1.00,1.00
2016.10.26 19:01:53.626,1.2224,1.22248,1.12,3.37
2016.10.26 19:01:53.728,1.22241,1.22249,1.09,1.12
2016.10.26 19:01:54.234,1.22241,1.2225,1.84,1.50
2016.10.26 19:01:55.326,1.22241,1.2225,1.84,1.50
2016.10.26 19:01:56.218,1.22241,1.2225,1.84,1.50
2016.10.26 19:01:59.892,1.22242,1.22253,1.87,2.62
2016.10.26 19:02:00.035,1.22242,1.22244,1.50,1.00
2016.10.26 19:02:00.087,1.22237,1.22244,1.12,1.87
2016.10.26 19:02:00.341,1.22235,1.22244,1.87,1.87
2016.10.26 19:02:02.587,1.22235,1.22244,1.00,1.37
2016.10.26 19:02:03.677,1.22235,1.22242,1.00,1.00
2016.10.26 19:02:07.492,1.22235,1.22241,1.00,1.00
2016.10.26 19:02:08.000,1.22234,1.22241,1.00,1.37
2016.10.26 19:02:11.877,1.22232,1.22241,2.25,1.37
2016.10.26 19:02:12.619,1.22232,1.22241,2.25,1.00
2016.10.26 19:02:13.231,1.22232,1.22242,1.50,1.12
2016.10.26 19:02:13.425,1.22232,1.2224,1.50,1.00
2016.10.26 19:02:17.930,1.22232,1.22241,1.50,1.12
2016.10.26 19:02:18.438,1.22232,1.2224,1.00,1.87
2016.10.26 19:02:19.306,1.22233,1.2224,1.00,1.12
2016.10.26 19:02:20.144,1.22234,1.2224,1.00,1.12
2016.10.26 19:02:20.319,1.22232,1.22242,1.87,4.12
2016.10.26 19:02:20.827,1.22233,1.22241,1.00,1.50
2016.10.26 19:02:22.178,1.22234,1.2224,1.00,1.00
2016.10.26 19:02:22.871,1.22234,1.22241,1.00,1.00
2016.10.26 19:02:23.634,1.22234,1.22243,1.00,1.00
2016.10.26 19:02:24.768,1.22234,1.22243,1.00,1.37
2016.10.26 19:02:28.621,1.22232,1.22243,1.87,4.87
2016.10.26 19:02:29.128,1.22232,1.22241,3.75,1.12
2016.10.26 19:02:29.635,1.22232,1.22241,3.00,2.25
2016.10.26 19:02:30.304,1.22232,1.2224,3.00,1.00
2016.10.26 19:02:31.498,1.22232,1.22238,1.87,1.12
2016.10.26 19:02:31.651,1.22229,1.22238,1.50,1.50
2016.10.26 19:02:32.437,1.2223,1.22238,1.00,1.50
2016.10.26 19:02:32.996,1.2223,1.2224,1.00,3.75
2016.10.26 19:02:33.527,1.2223,1.2224,1.37,1.87
2016.10.26 19:02:38.125,1.2223,1.2224,3.00,2.62
2016.10.26 19:02:39.589,1.22231,1.22241,1.12,1.12
2016.10.26 19:02:43.853,1.22231,1.22243,1.87,2.25
2016.10.26 19:02:43.905,1.22233,1.22243,1.12,1.00
2016.10.26 19:02:45.954,1.22236,1.22246,1.00,6.00
2016.10.26 19:02:46.260,1.22243,1.22252,1.50,1.00
2016.10.26 19:02:49.055,1.22243,1.22246,1.87,1.00
2016.10.26 19:02:49.261,1.22235,1.22242,2.25,1.00
2016.10.26 19:02:49.312,1.22235,1.22242,1.00,1.00
2016.10.26 19:02:50.120,1.22235,1.22243,1.00,1.12
2016.10.26 19:02:51.051,1.22235,1.22242,1.00,1.00
2016.10.26 19:02:54.471,1.22235,1.22243,1.00,1.50
2016.10.26 19:02:57.140,1.22235,1.22242,1.00,1.00
2016.10.26 19:02:57.985,1.22235,1.22243,1.00,1.50
2016.10.26 19:03:06.589,1.22235,1.22242,1.00,1.00
2016.10.26 19:03:07.137,1.22235,1.22243,1.00,1.00
2016.10.26 19:03:09.215,1.22235,1.22244,1.00,1.12
2016.10.26 19:03:09.368,1.22235,1.22242,1.00,1.00
2016.10.26 19:03:16.177,1.22235,1.22244,1.00,1.12
2016.10.26 19:03:18.306,1.22235,1.22243,1.00,1.00
2016.10.26 19:03:25.581,1.22238,1.22243,1.00,1.00
2016.10.26 19:03:28.531,1.22235,1.22243,1.00,1.00
2016.10.26 19:03:30.120,1.22235,1.22242,1.00,1.00
2016.10.26 19:03:33.375,1.22235,1.22243,1.00,1.00
2016.10.26 19:03:42.908,1.22235,1.22242,1.00,1.00
2016.10.26 19:03:44.936,1.22239,1.22242,2.59,1.00
2016.10.26 19:03:45.112,1.22241,1.22246,1.00,1.12
2016.10.26 19:03:45.164,1.22239,1.22246,1.50,1.12
2016.10.26 19:03:45.575,1.22238,1.22248,1.00,1.00
2016.10.26 19:03:46.184,1.22239,1.22249,1.46,1.12
2016.10.26 19:03:46.691,1.2224,1.2225,1.50,1.87
2016.10.26 19:03:47.845,1.2224,1.2225,1.84,1.87
2016.10.26 19:03:48.151,1.22237,1.22246,2.25,2.62
2016.10.26 19:03:48.609,1.22238,1.22246,1.00,1.50
2016.10.26 19:03:49.257,1.22237,1.22246,1.50,1.50
2016.10.26 19:03:49.775,1.22237,1.22246,1.50,1.50
2016.10.26 19:03:54.044,1.22237,1.22245,1.50,1.00
2016.10.26 19:04:00.062,1.22237,1.22246,3.00,1.50
2016.10.26 19:04:02.774,1.22238,1.22245,1.12,1.50
2016.10.26 19:04:02.826,1.22238,1.22242,1.12,1.00
2016.10.26 19:04:02.877,1.22235,1.22242,1.87,1.00
2016.10.26 19:04:03.533,1.22235,1.22241,1.12,1.00
2016.10.26 19:04:04.041,1.22235,1.22241,1.37,1.00
2016.10.26 19:04:06.365,1.22235,1.22241,1.12,1.00
2016.10.26 19:04:15.602,1.22235,1.22241,1.50,1.00
2016.10.26 19:04:16.263,1.22235,1.22241,1.50,1.00
2016.10.26 19:04:18.325,1.22235,1.22239,1.50,1.00
2016.10.26 19:04:21.250,1.22235,1.2224,1.50,1.00
2016.10.26 19:04:22.863,1.22235,1.2224,1.50,1.00
2016.10.26 19:04:23.371,1.22235,1.2224,1.50,1.00
2016.10.26 19:04:29.667,1.22235,1.2224,1.37,1.00
2016.10.26 19:04:30.299,1.22235,1.2224,1.12,1.00
2016.10.26 19:04:34.496,1.22235,1.22239,1.12,1.00
2016.10.26 19:04:35.268,1.22235,1.22239,1.37,1.00
2016.10.26 19:04:35.778,1.22235,1.22239,1.12,1.00
2016.10.26 19:04:38.462,1.22235,1.22239,1.37,1.00
2016.10.26 19:04:38.513,1.22235,1.22241,1.37,1.00
2016.10.26 19:04:43.921,1.22234,1.22241,2.25,1.00
2016.10.26 19:04:45.477,1.22234,1.22242,2.25,1.00
2016.10.26 19:04:46.292,1.22234,1.22242,1.50,1.00
2016.10.26 19:04:52.294,1.22233,1.2224,1.12,1.00
2016.10.26 19:04:54.413,1.22233,1.22243,1.87,1.00
2016.10.26 19:04:56.523,1.22233,1.22243,3.71,1.50
2016.10.26 19:04:57.512,1.22233,1.22243,3.71,1.00
2016.10.26 19:05:00.000,1.22233,1.22242,1.87,1.00
2016.10.26 19:05:00.509,1.22233,1.22241,1.50,1.00
2016.10.26 19:05:01.642,1.22233,1.22242,1.50,1.00
2016.10.26 19:05:02.428,1.22233,1.22241,2.59,1.00
2016.10.26 19:05:05.841,1.22232,1.22241,2.21,1.00
2016.10.26 19:05:09.789,1.2223,1.22238,1.84,1.50
2016.10.26 19:05:09.842,1.22229,1.22238,1.00,2.25
2016.10.26 19:05:10.045,1.22232,1.22238,1.09,1.12
2016.10.26 19:05:11.021,1.22231,1.22238,1.00,1.00
2016.10.26 19:05:19.997,1.22231,1.22239,1.00,1.00
2016.10.26 19:05:20.756,1.22232,1.22241,1.00,1.50
2016.10.26 19:05:23.705,1.22231,1.22241,1.00,2.25
2016.10.26 19:05:25.275,1.22233,1.22242,1.00,2.62
2016.10.26 19:05:26.049,1.22232,1.22242,1.00,1.50
2016.10.26 19:05:29.144,1.22233,1.22242,1.00,1.12
2016.10.26 19:05:35.775,1.22233,1.22242,1.00,3.00
2016.10.26 19:05:38.494,1.22233,1.22242,1.00,1.50
2016.10.26 19:05:48.029,1.22234,1.22242,1.00,3.37
2016.10.26 19:05:48.589,1.22231,1.22242,1.50,1.87
2016.10.26 19:05:49.103,1.22231,1.22242,1.12,2.62
2016.10.26 19:05:49.409,1.22232,1.22243,1.00,3.37
2016.10.26 19:05:54.416,1.22232,1.22243,1.00,3.00
2016.10.26 19:05:55.776,1.22232,1.22241,1.00,1.00
2016.10.26 19:05:57.167,1.22232,1.22242,1.00,1.12
2016.10.26 19:05:58.839,1.22231,1.22242,1.00,2.25
2016.10.26 19:05:59.753,1.22231,1.22241,1.00,1.00
2016.10.26 19:06:01.306,1.2223,1.2224,2.62,1.00
2016.10.26 19:06:01.459,1.2223,1.2224,1.00,3.00
2016.10.26 19:06:02.260,1.22232,1.22241,1.00,1.87
2016.10.26 19:06:05.134,1.22231,1.22241,1.00,2.62
2016.10.26 19:06:12.766,1.22231,1.22241,1.50,2.25
2016.10.26 19:06:14.070,1.22232,1.22241,1.00,1.00
2016.10.26 19:06:14.671,1.22233,1.22242,1.84,1.37
2016.10.26 19:06:15.194,1.22232,1.22242,4.09,1.87
2016.10.26 19:06:21.407,1.22233,1.22243,1.00,8.25
2016.10.26 19:06:26.811,1.22236,1.22243,1.00,4.87
2016.10.26 19:06:26.862,1.22236,1.22244,1.00,1.87
2016.10.26 19:06:27.533,1.2224,1.22243,3.00,1.00
2016.10.26 19:06:27.585,1.22245,1.22249,1.00,1.00
2016.10.26 19:06:27.788,1.22245,1.22252,1.00,1.00
2016.10.26 19:06:30.274,1.22246,1.22252,1.00,1.00
2016.10.26 19:06:37.416,1.22246,1.22251,1.00,1.00
2016.10.26 19:06:39.264,1.22245,1.22251,1.50,1.00
2016.10.26 19:06:42.041,1.22246,1.22252,1.00,1.00
2016.10.26 19:06:49.508,1.22245,1.22252,1.00,1.00
2016.10.26 19:06:50.070,1.22245,1.22251,1.00,1.00
2016.10.26 19:06:52.744,1.22245,1.22253,1.00,1.00
2016.10.26 19:06:57.023,1.22246,1.22253,1.00,1.00
2016.10.26 19:06:57.571,1.22245,1.22253,1.00,1.00
2016.10.26 19:07:02.539,1.22245,1.22251,1.00,1.00
2016.10.26 19:07:08.291,1.22245,1.22253,1.00,1.00
2016.10.26 19:07:09.175,1.22247,1.22253,1.00,1.00
2016.10.26 19:07:09.685,1.22246,1.22253,1.00,1.12
2016.10.26 19:07:12.899,1.22246,1.22252,1.00,1.00
2016.10.26 19:07:18.223,1.22247,1.22252,1.00,1.00
2016.10.26 19:07:18.325,1.22245,1.22252,1.00,1.00
2016.10.26 19:07:21.877,1.22245,1.22253,1.00,1.00
2016.10.26 19:07:25.682,1.22246,1.22253,1.00,1.00
2016.10.26 19:07:26.062,1.22248,1.22253,1.00,1.00
2016.10.26 19:07:30.306,1.22246,1.22253,1.00,1.00
2016.10.26 19:07:30.823,1.22245,1.22253,1.00,1.12
2016.10.26 19:07:31.205,1.22245,1.22251,1.00,1.00
2016.10.26 19:07:32.542,1.22246,1.22251,1.00,1.00
2016.10.26 19:07:37.169,1.22246,1.22248,1.00,1.00
2016.10.26 19:07:37.675,1.22245,1.22248,1.00,1.00
2016.10.26 19:07:38.222,1.22245,1.2225,1.00,1.00
2016.10.26 19:07:41.179,1.22245,1.22248,1.00,1.00
2016.10.26 19:07:41.636,1.22247,1.22249,1.00,1.00
2016.10.26 19:07:42.468,1.22246,1.22249,1.00,1.00
2016.10.26 19:07:42.976,1.22245,1.22249,1.00,1.00
2016.10.26 19:07:43.027,1.22245,1.22251,1.00,1.00
2016.10.26 19:07:43.281,1.22247,1.22251,1.00,1.00
2016.10.26 19:07:51.368,1.22246,1.22251,1.00,1.00
2016.10.26 19:07:51.876,1.22245,1.2225,1.00,1.00
2016.10.26 19:07:55.823,1.22243,1.2225,4.09,1.00
2016.10.26 19:07:56.566,1.22246,1.2225,1.00,1.00
2016.10.26 19:08:00.281,1.22244,1.2225,1.50,1.00
2016.10.26 19:08:12.429,1.22244,1.22252,1.00,1.00
2016.10.26 19:08:18.793,1.22245,1.22252,1.00,1.00
2016.10.26 19:08:19.299,1.22244,1.22253,2.62,1.00
2016.10.26 19:08:20.645,1.22243,1.22252,3.75,1.00
2016.10.26 19:08:22.035,1.22243,1.22253,1.00,2.62
2016.10.26 19:08:23.061,1.22245,1.22254,1.00,1.75
2016.10.26 19:08:23.162,1.22246,1.22255,1.00,1.12
2016.10.26 19:08:23.265,1.22247,1.22257,1.00,1.12
2016.10.26 19:08:23.316,1.22249,1.22257,1.00,1.12
2016.10.26 19:08:24.543,1.22247,1.22255,1.37,1.75
2016.10.26 19:08:24.645,1.22233,1.22239,1.12,1.50
2016.10.26 19:08:24.747,1.22233,1.22241,1.00,1.46
2016.10.26 19:08:25.616,1.22234,1.22242,1.00,1.00
2016.10.26 19:08:25.747,1.22234,1.22244,1.00,3.00
2016.10.26 19:08:26.663,1.22234,1.22242,1.00,1.00
2016.10.26 19:08:27.467,1.22233,1.22242,1.87,1.00
2016.10.26 19:08:31.404,1.22234,1.22242,1.00,1.00
2016.10.26 19:08:32.872,1.22234,1.22243,1.00,2.25
2016.10.26 19:08:33.378,1.22234,1.22243,1.00,2.62
2016.10.26 19:08:37.331,1.22234,1.22243,1.00,1.00
2016.10.26 19:08:38.423,1.22235,1.22245,1.00,2.62
2016.10.26 19:08:43.830,1.22235,1.22245,1.84,3.00
2016.10.26 19:08:43.882,1.22237,1.22245,1.00,3.00
2016.10.26 19:08:47.917,1.22237,1.22247,1.00,1.50
2016.10.26 19:08:48.275,1.22237,1.22248,2.62,2.25
2016.10.26 19:08:53.109,1.2224,1.22249,1.00,1.50
2016.10.26 19:08:53.618,1.2224,1.22249,1.00,1.12
2016.10.26 19:08:54.732,1.22241,1.22249,1.00,1.12
2016.10.26 19:08:55.313,1.22242,1.22251,1.00,1.50
2016.10.26 19:08:55.430,1.22241,1.22251,1.50,1.00
2016.10.26 19:08:55.960,1.22242,1.22251,1.00,1.00
2016.10.26 19:08:57.222,1.22242,1.2225,1.00,1.00
2016.10.26 19:09:01.405,1.22242,1.22251,1.00,1.00
2016.10.26 19:09:01.979,1.22242,1.22252,1.00,1.87
2016.10.26 19:09:02.495,1.22242,1.22251,1.00,1.50
2016.10.26 19:09:03.092,1.22242,1.2225,1.00,1.00
2016.10.26 19:09:05.301,1.22242,1.22251,1.00,2.25
2016.10.26 19:09:14.603,1.22242,1.22252,1.00,2.25
2016.10.26 19:09:15.168,1.22241,1.2225,1.50,1.00
2016.10.26 19:09:15.704,1.22241,1.22249,1.12,1.00
2016.10.26 19:09:16.570,1.22241,1.22251,1.12,1.50
2016.10.26 19:09:19.071,1.22241,1.22252,1.50,5.25
2016.10.26 19:09:20.341,1.22242,1.22252,2.25,2.25
2016.10.26 19:09:20.848,1.22242,1.22251,2.25,1.00
2016.10.26 19:09:21.449,1.22242,1.22252,1.00,1.50
2016.10.26 19:09:21.515,1.22242,1.22249,1.00,1.00
2016.10.26 19:09:22.027,1.22242,1.22251,1.00,1.00
2016.10.26 19:09:22.636,1.22242,1.22252,1.00,1.00
2016.10.26 19:09:24.221,1.22242,1.2225,1.00,1.00
2016.10.26 19:09:25.596,1.22242,1.22251,1.00,1.00
2016.10.26 19:09:26.559,1.22242,1.22251,1.34,1.00
2016.10.26 19:09:27.067,1.22242,1.22251,1.09,1.00
2016.10.26 19:09:29.581,1.22242,1.22251,2.59,1.00
2016.10.26 19:09:30.122,1.22242,1.22251,1.09,1.00
2016.10.26 19:09:30.635,1.22242,1.22251,2.59,1.00
2016.10.26 19:09:31.348,1.22242,1.22251,2.59,1.00
2016.10.26 19:09:32.157,1.22242,1.22251,2.59,1.00
2016.10.26 19:09:32.664,1.22244,1.22251,1.00,1.00
2016.10.26 19:09:35.212,1.22243,1.22251,3.71,1.00
2016.10.26 19:09:36.917,1.22243,1.22251,4.09,1.00
2016.10.26 19:09:37.424,1.22243,1.22251,2.25,1.00
2016.10.26 19:09:38.443,1.22243,1.22252,2.25,1.00
2016.10.26 19:09:38.977,1.22243,1.22251,4.09,1.00
2016.10.26 19:09:54.809,1.22242,1.22247,1.12,1.00
2016.10.26 19:09:54.962,1.22242,1.2225,1.00,1.10
2016.10.26 19:09:55.065,1.22243,1.22253,1.00,1.37
2016.10.26 19:09:55.571,1.22243,1.22254,1.12,2.62
2016.10.26 19:09:57.293,1.22243,1.22254,1.00,3.37
2016.10.26 19:10:01.122,1.22245,1.22254,1.00,3.00
2016.10.26 19:10:03.153,1.22244,1.22253,1.00,1.12
2016.10.26 19:10:05.568,1.22244,1.22251,1.00,1.00
2016.10.26 19:10:06.076,1.22242,1.22252,1.50,1.00
2016.10.26 19:10:09.377,1.22242,1.22251,1.37,1.50
2016.10.26 19:10:09.432,1.2224,1.22249,1.12,1.00
2016.10.26 19:10:10.697,1.2224,1.2225,2.25,1.00
2016.10.26 19:10:10.798,1.22242,1.22251,1.00,3.37
2016.10.26 19:10:17.392,1.22241,1.22251,2.62,1.00
2016.10.26 19:10:18.586,1.22241,1.22252,2.62,1.50
2016.10.26 19:10:20.228,1.22241,1.22252,2.62,1.87
2016.10.26 19:10:20.617,1.22241,1.22249,1.12,1.00
2016.10.26 19:10:21.276,1.22241,1.22251,1.50,1.12
2016.10.26 19:10:21.783,1.22241,1.2225,1.00,1.00
2016.10.26 19:10:24.177,1.22241,1.22248,1.00,1.00
2016.10.26 19:10:24.420,1.2224,1.2225,1.37,1.87
2016.10.26 19:10:24.929,1.22239,1.22249,2.25,1.50
2016.10.26 19:10:25.192,1.2224,1.22251,1.12,1.87
2016.10.26 19:10:26.924,1.2224,1.2225,3.00,1.00
2016.10.26 19:10:30.384,1.2224,1.22251,1.12,4.87
2016.10.26 19:10:30.891,1.2224,1.22249,1.87,1.00
2016.10.26 19:10:31.623,1.2224,1.2225,1.87,1.00
2016.10.26 19:10:32.141,1.2224,1.22251,1.87,3.37
2016.10.26 19:10:33.324,1.2224,1.2225,1.12,1.00
2016.10.26 19:10:33.873,1.2224,1.22251,1.87,3.00
2016.10.26 19:10:34.603,1.2224,1.22249,1.87,1.00
2016.10.26 19:10:38.230,1.2224,1.22249,2.21,1.00
2016.10.26 19:10:38.731,1.2224,1.22249,1.87,1.00
2016.10.26 19:10:40.153,1.22241,1.2225,1.00,1.00
2016.10.26 19:10:43.374,1.2224,1.22249,1.12,1.00
2016.10.26 19:10:54.355,1.2224,1.2225,1.00,1.50
2016.10.26 19:11:09.050,1.2224,1.22249,1.00,1.00
2016.10.26 19:11:10.566,1.22239,1.2225,2.25,2.62
2016.10.26 19:11:11.146,1.22239,1.22249,2.25,1.00
2016.10.26 19:11:20.835,1.2224,1.22251,1.12,3.00
2016.10.26 19:11:21.369,1.2224,1.22249,1.50,1.00
2016.10.26 19:11:27.155,1.2224,1.2225,1.00,1.00
2016.10.26 19:11:34.234,1.22239,1.2225,3.37,1.00
2016.10.26 19:11:35.413,1.2224,1.22249,1.50,1.00
2016.10.26 19:11:36.302,1.22239,1.22247,1.37,1.00
2016.10.26 19:11:36.455,1.22238,1.22247,1.12,1.00
2016.10.26 19:11:36.996,1.22238,1.22248,1.00,3.75
2016.10.26 19:11:37.530,1.22238,1.22248,1.37,1.50
2016.10.26 19:11:40.809,1.22238,1.22249,1.50,1.50
2016.10.26 19:11:40.962,1.22239,1.22249,1.75,1.00
2016.10.26 19:11:43.097,1.2224,1.2225,1.37,1.00
2016.10.26 19:11:47.992,1.2224,1.22251,1.87,2.25
2016.10.26 19:11:48.501,1.22242,1.22251,1.87,1.00
2016.10.26 19:11:50.211,1.22242,1.22252,1.87,1.50
2016.10.26 19:11:51.335,1.22243,1.22252,1.50,1.87
2016.10.26 19:11:51.846,1.22243,1.22252,2.25,1.87
2016.10.26 19:11:53.449,1.22243,1.22252,1.00,1.00
2016.10.26 19:11:53.754,1.2224,1.2225,2.62,1.50
2016.10.26 19:11:55.634,1.2224,1.22251,2.62,1.87
2016.10.26 19:11:57.430,1.2224,1.2225,1.87,1.00
2016.10.26 19:11:58.193,1.22241,1.22251,1.12,1.87
2016.10.26 19:11:58.525,1.2224,1.22249,1.37,1.00
2016.10.26 19:11:59.938,1.22242,1.22249,1.00,1.00
2016.10.26 19:12:00.020,1.22242,1.22252,1.87,1.50
2016.10.26 19:12:00.528,1.22243,1.22252,1.00,1.00
2016.10.26 19:12:01.504,1.22243,1.22253,1.00,1.00
2016.10.26 19:12:12.019,1.22243,1.22252,1.00,1.00
2016.10.26 19:12:14.324,1.22243,1.22253,1.00,1.00
2016.10.26 19:12:18.800,1.22243,1.22251,1.00,1.00
2016.10.26 19:12:22.621,1.22243,1.22254,1.00,3.37
2016.10.26 19:12:31.989,1.22243,1.22255,1.50,2.25
2016.10.26 19:12:32.497,1.22243,1.22255,2.62,1.87
2016.10.26 19:12:36.876,1.22244,1.22255,1.37,1.50
2016.10.26 19:12:37.944,1.22244,1.22255,1.75,1.50
2016.10.26 19:12:42.574,1.22245,1.22255,1.87,1.00
2016.10.26 19:12:42.626,1.22251,1.22256,1.00,1.12
2016.10.26 19:12:42.779,1.22253,1.22261,1.12,4.12
2016.10.26 19:12:42.889,1.22255,1.22264,1.12,1.00
2016.10.26 19:12:44.629,1.22255,1.22266,1.12,1.87
2016.10.26 19:12:49.450,1.22254,1.22263,3.75,1.00
2016.10.26 19:12:49.958,1.22254,1.22262,2.25,1.12
2016.10.26 19:12:50.758,1.22252,1.22262,1.00,1.12
2016.10.26 19:12:55.766,1.22253,1.22262,1.00,1.00
2016.10.26 19:12:55.818,1.22253,1.22264,1.00,2.25
2016.10.26 19:13:11.240,1.22254,1.22264,1.00,1.00
2016.10.26 19:13:14.025,1.22255,1.22264,1.12,1.00
2016.10.26 19:13:14.417,1.22256,1.22267,1.87,1.00
2016.10.26 19:13:14.925,1.22255,1.22266,3.75,1.00
2016.10.26 19:13:16.573,1.22256,1.22267,1.87,1.00
2016.10.26 19:13:20.040,1.22256,1.22267,3.37,1.00
2016.10.26 19:13:20.818,1.22257,1.22268,1.12,3.00
2016.10.26 19:13:21.173,1.22259,1.22268,1.00,1.00
2016.10.26 19:13:23.268,1.22257,1.22268,2.25,1.00
2016.10.26 19:13:24.721,1.22257,1.22267,1.50,1.00
2016.10.26 19:13:25.229,1.22257,1.22268,2.25,1.00
2016.10.26 19:13:26.284,1.22255,1.22265,1.87,1.00
2016.10.26 19:13:26.823,1.22253,1.22265,3.37,1.37
2016.10.26 19:13:30.424,1.22253,1.22264,3.37,1.12
2016.10.26 19:13:33.619,1.22254,1.22265,1.50,1.50
2016.10.26 19:13:34.148,1.22255,1.22265,1.37,1.50
2016.10.26 19:13:34.775,1.22255,1.22266,1.37,1.87
2016.10.26 19:13:35.940,1.22253,1.22263,1.50,1.00
2016.10.26 19:13:45.672,1.22253,1.22263,1.12,1.50
2016.10.26 19:13:56.457,1.22253,1.22264,1.12,1.87
2016.10.26 19:14:13.872,1.22254,1.22264,1.00,1.12
2016.10.26 19:14:18.025,1.22253,1.22264,3.00,1.12
2016.10.26 19:14:21.143,1.22255,1.22264,1.00,1.00
2016.10.26 19:14:22.229,1.22258,1.22267,1.00,5.62
2016.10.26 19:14:22.382,1.22257,1.22268,1.87,1.12
2016.10.26 19:14:22.433,1.22259,1.22268,1.00,1.87
2016.10.26 19:14:23.287,1.22258,1.22269,1.00,3.00
2016.10.26 19:14:23.797,1.22259,1.22269,1.00,1.12
2016.10.26 19:14:28.250,1.22258,1.22268,1.87,1.00
2016.10.26 19:14:30.419,1.22262,1.22269,1.00,1.50
2016.10.26 19:14:30.726,1.22272,1.22278,1.00,1.00
2016.10.26 19:14:30.828,1.22272,1.22281,1.00,1.12
2016.10.26 19:14:32.029,1.22271,1.22281,1.00,1.12
2016.10.26 19:14:32.541,1.22271,1.2228,1.00,1.05
2016.10.26 19:14:33.075,1.22271,1.22279,1.50,2.25
2016.10.26 19:14:33.577,1.2227,1.2228,2.25,3.00
2016.10.26 19:14:33.884,1.2227,1.22277,2.21,1.00
2016.10.26 19:14:34.854,1.22269,1.22277,1.09,4.87
2016.10.26 19:14:34.908,1.22267,1.22277,1.00,4.87
2016.10.26 19:14:36.016,1.22268,1.22277,1.00,1.50
2016.10.26 19:14:40.626,1.22267,1.22278,1.87,2.62
2016.10.26 19:14:41.133,1.22267,1.22278,2.25,1.00
2016.10.26 19:14:42.726,1.22267,1.22276,1.50,1.00
2016.10.26 19:14:42.989,1.22267,1.22278,1.12,1.12
2016.10.26 19:14:43.496,1.22267,1.22277,1.12,1.00
2016.10.26 19:14:44.039,1.22267,1.22276,1.00,1.50
2016.10.26 19:14:44.649,1.22265,1.22274,1.50,1.00
2016.10.26 19:14:45.462,1.22263,1.22268,1.12,1.00
2016.10.26 19:14:45.513,1.22261,1.22268,1.00,1.00
2016.10.26 19:14:45.819,1.22259,1.22267,1.50,1.00
2016.10.26 19:14:46.328,1.22259,1.22268,1.50,1.87
2016.10.26 19:14:46.858,1.22258,1.22268,1.00,1.87
2016.10.26 19:14:47.837,1.22259,1.22268,1.00,1.12
2016.10.26 19:14:47.939,1.22261,1.2227,1.00,5.25
2016.10.26 19:14:48.273,1.22262,1.2227,1.00,1.00
2016.10.26 19:14:48.798,1.22262,1.22271,1.00,1.12
2016.10.26 19:14:56.480,1.22261,1.22271,2.25,1.12
2016.10.26 19:15:00.775,1.22261,1.22272,2.25,2.25
2016.10.26 19:15:02.331,1.22262,1.22272,1.00,1.87
2016.10.26 19:15:03.550,1.22261,1.22272,2.25,1.87
2016.10.26 19:15:04.382,1.22262,1.22272,1.00,1.87
2016.10.26 19:15:05.641,1.22261,1.22272,1.50,1.87
2016.10.26 19:15:06.143,1.22262,1.22273,1.12,4.12
2016.10.26 19:15:06.295,1.22262,1.22273,4.50,3.37
2016.10.26 19:15:09.741,1.22262,1.22272,3.75,3.00
2016.10.26 19:15:10.264,1.22262,1.22272,1.12,4.87
2016.10.26 19:15:14.134,1.22262,1.22272,1.12,1.50
2016.10.26 19:15:17.213,1.22262,1.22271,1.12,1.00
2016.10.26 19:15:19.573,1.22262,1.22272,1.12,1.50
2016.10.26 19:15:20.082,1.22262,1.22272,1.00,2.25
2016.10.26 19:15:21.594,1.22261,1.22272,1.87,2.62
2016.10.26 19:15:23.311,1.2226,1.22269,1.50,1.05
2016.10.26 19:15:23.618,1.22259,1.22269,1.37,1.75
2016.10.26 19:15:25.018,1.22259,1.22269,1.87,1.75
2016.10.26 19:15:25.377,1.22259,1.22269,1.87,1.50
2016.10.26 19:15:26.515,1.22259,1.22269,2.62,1.50
2016.10.26 19:15:27.650,1.2226,1.22269,1.00,1.50
2016.10.26 19:15:28.266,1.22261,1.22269,1.00,1.00
2016.10.26 19:15:29.422,1.2226,1.22269,1.50,1.00
2016.10.26 19:15:31.228,1.22259,1.22269,1.12,1.00
2016.10.26 19:15:35.454,1.2226,1.22269,1.00,1.00
2016.10.26 19:15:36.658,1.2226,1.22269,1.50,1.00
2016.10.26 19:15:37.172,1.2226,1.22269,1.50,1.00
2016.10.26 19:15:38.433,1.2226,1.22267,2.25,1.00
2016.10.26 19:15:38.983,1.22258,1.22267,1.12,2.62
2016.10.26 19:15:43.049,1.22267,1.22269,1.00,3.00
2016.10.26 19:15:43.101,1.22265,1.22274,1.12,1.12
2016.10.26 19:15:43.203,1.22265,1.22274,1.00,1.75
2016.10.26 19:15:43.567,1.22263,1.22273,1.12,2.25
2016.10.26 19:15:44.160,1.22264,1.22275,1.00,6.00
2016.10.26 19:15:44.668,1.22264,1.22275,1.00,5.25
2016.10.26 19:15:45.176,1.22263,1.22275,1.87,3.00
2016.10.26 19:15:49.505,1.22263,1.22275,2.25,3.37
2016.10.26 19:15:51.338,1.22265,1.22275,1.37,1.75
2016.10.26 19:15:52.671,1.22265,1.22276,1.50,4.50
2016.10.26 19:15:53.032,1.22268,1.22276,1.00,1.00
2016.10.26 19:15:54.198,1.22269,1.22277,4.50,4.50
2016.10.26 19:15:56.627,1.2227,1.22275,1.00,1.00
2016.10.26 19:15:57.173,1.2227,1.22275,1.00,1.50
2016.10.26 19:15:57.326,1.22268,1.22275,4.50,1.50
2016.10.26 19:15:58.471,1.22269,1.22274,1.00,1.00
2016.10.26 19:15:58.676,1.22271,1.22274,1.87,1.00
2016.10.26 19:15:59.140,1.22278,1.2228,3.37,8.99
2016.10.26 19:15:59.192,1.2228,1.22286,1.00,1.37
2016.10.26 19:15:59.573,1.22283,1.22286,1.00,1.00
2016.10.26 19:15:59.625,1.22283,1.22292,1.00,2.62
2016.10.26 19:15:59.676,1.22281,1.22291,1.50,1.87
2016.10.26 19:15:59.728,1.22281,1.22287,1.50,1.00
2016.10.26 19:15:59.780,1.22281,1.22289,1.00,1.12
2016.10.26 19:16:00.288,1.22281,1.22288,1.50,1.00
2016.10.26 19:16:01.158,1.22282,1.22288,1.00,1.12
2016.10.26 19:16:01.361,1.22282,1.2229,1.00,1.50
2016.10.26 19:16:01.412,1.22282,1.22287,1.00,1.00
2016.10.26 19:16:02.279,1.2228,1.22287,3.37,1.00
2016.10.26 19:16:02.584,1.2228,1.22284,3.37,1.00
2016.10.26 19:16:02.964,1.22278,1.22287,1.00,5.25
2016.10.26 19:16:05.334,1.22278,1.22287,1.00,2.62
2016.10.26 19:16:05.436,1.22278,1.22285,1.00,1.12
2016.10.26 19:16:06.351,1.22281,1.22285,3.37,1.12
2016.10.26 19:16:06.403,1.22282,1.22287,3.37,1.87
2016.10.26 19:16:07.064,1.22282,1.22286,3.37,1.12
2016.10.26 19:16:07.166,1.2228,1.22286,1.50,1.12
2016.10.26 19:16:08.284,1.2228,1.22287,1.00,1.87
2016.10.26 19:16:09.179,1.22281,1.22287,3.37,2.25
2016.10.26 19:16:10.508,1.22281,1.22286,3.37,1.12
2016.10.26 19:16:11.735,1.22279,1.22286,1.87,1.87
2016.10.26 19:16:11.887,1.22281,1.22286,3.37,1.00
2016.10.26 19:16:12.394,1.22281,1.22285,1.00,1.50
2016.10.26 19:16:15.683,1.22281,1.22286,1.50,1.87
2016.10.26 19:16:19.117,1.22281,1.22287,3.75,2.62
2016.10.26 19:16:20.259,1.22281,1.22286,3.75,1.12
2016.10.26 19:16:21.022,1.22281,1.22287,1.00,1.12
2016.10.26 19:16:23.674,1.22281,1.22286,4.50,1.00
2016.10.26 19:16:28.525,1.22281,1.22287,1.00,1.00
2016.10.26 19:16:28.577,1.22278,1.22287,1.50,1.50
2016.10.26 19:16:29.287,1.22278,1.22286,1.87,1.00
2016.10.26 19:16:29.822,1.22278,1.22287,2.21,1.50
2016.10.26 19:16:32.517,1.22279,1.22286,1.00,1.00
2016.10.26 19:16:34.567,1.22278,1.22287,1.46,1.00
2016.10.26 19:16:36.930,1.22278,1.22286,2.21,1.00
2016.10.26 19:16:43.426,1.22278,1.22287,1.09,1.50
2016.10.26 19:16:43.977,1.22278,1.22286,1.50,1.00
2016.10.26 19:16:45.180,1.22286,1.22287,1.00,3.00
2016.10.26 19:16:45.282,1.22286,1.22292,1.00,1.12
2016.10.26 19:16:45.917,1.22285,1.22295,1.00,1.00
2016.10.26 19:16:49.708,1.22285,1.22296,1.12,3.37
2016.10.26 19:16:54.626,1.22285,1.22295,1.50,1.00
2016.10.26 19:16:56.152,1.22285,1.22296,1.50,1.00
2016.10.26 19:16:58.331,1.22285,1.22295,1.50,1.00
2016.10.26 19:16:58.850,1.22285,1.22296,1.50,1.50
2016.10.26 19:16:59.357,1.22286,1.22296,1.50,1.12
2016.10.26 19:17:01.069,1.22285,1.22296,3.00,3.00
2016.10.26 19:17:09.094,1.22286,1.22296,1.00,1.50
2016.10.26 19:17:09.601,1.22287,1.22296,1.00,2.25
2016.10.26 19:17:11.437,1.22288,1.22296,1.00,2.62
2016.10.26 19:17:11.945,1.22287,1.22296,1.12,1.50
2016.10.26 19:17:13.174,1.22286,1.22296,1.00,1.50
2016.10.26 19:17:15.443,1.22286,1.22295,1.50,1.00
2016.10.26 19:17:29.129,1.22286,1.22293,2.25,1.00
2016.10.26 19:17:34.275,1.22287,1.22296,1.00,1.87
2016.10.26 19:17:35.069,1.22286,1.22296,2.62,1.00
2016.10.26 19:17:35.576,1.22287,1.22296,1.00,1.87
2016.10.26 19:17:36.392,1.22286,1.22296,2.62,1.00
2016.10.26 19:17:37.534,1.22286,1.22296,1.87,1.00
2016.10.26 19:17:38.319,1.22288,1.22296,1.00,1.87
2016.10.26 19:17:43.054,1.22288,1.22297,1.00,1.87
2016.10.26 19:17:49.298,1.22289,1.22296,1.00,1.12
2016.10.26 19:17:50.435,1.22287,1.22296,2.25,1.00
2016.10.26 19:17:51.441,1.22288,1.22296,1.00,1.00
2016.10.26 19:17:52.876,1.22288,1.22296,2.62,1.00
2016.10.26 19:17:53.399,1.22294,1.223,1.00,1.50
2016.10.26 19:17:53.813,1.22295,1.22305,1.12,2.25
2016.10.26 19:17:53.864,1.22297,1.22305,1.00,1.00
2016.10.26 19:17:54.372,1.22296,1.22307,1.00,2.62
2016.10.26 19:18:00.117,1.22298,1.22307,1.00,1.87
2016.10.26 19:18:00.623,1.22299,1.22307,1.00,1.50
2016.10.26 19:18:01.408,1.223,1.22309,1.00,1.50
2016.10.26 19:18:02.677,1.223,1.22309,1.37,1.00
2016.10.26 19:18:03.568,1.22301,1.2231,1.00,2.14
2016.10.26 19:18:04.090,1.223,1.2231,1.12,1.50
2016.10.26 19:18:05.465,1.223,1.22309,1.00,1.12
2016.10.26 19:18:05.996,1.22299,1.22309,1.12,1.12
2016.10.26 19:18:12.417,1.22299,1.22306,1.12,1.00
2016.10.26 19:18:12.570,1.22297,1.22307,1.50,2.25
2016.10.26 19:18:13.210,1.22297,1.22307,1.00,2.62
2016.10.26 19:18:18.032,1.22295,1.22304,2.62,1.00
2016.10.26 19:18:18.185,1.22295,1.22304,1.87,1.00
2016.10.26 19:18:18.542,1.22295,1.22306,1.12,1.12
2016.10.26 19:18:20.459,1.22297,1.22306,1.00,1.00
2016.10.26 19:18:25.215,1.22299,1.22306,1.00,1.00
2016.10.26 19:18:25.599,1.22299,1.22308,1.00,3.37
2016.10.26 19:18:25.650,1.22301,1.22309,1.00,1.87
2016.10.26 19:18:25.955,1.22304,1.2231,1.00,1.12
2016.10.26 19:18:26.208,1.22304,1.22314,1.00,1.50
2016.10.26 19:18:28.481,1.22303,1.22312,1.00,1.00
2016.10.26 19:18:29.619,1.22304,1.22313,1.00,1.00
2016.10.26 19:18:32.060,1.22304,1.22314,1.00,1.00
2016.10.26 19:18:34.775,1.22305,1.22315,1.00,1.50
2016.10.26 19:18:35.902,1.22307,1.22315,1.00,1.00
2016.10.26 19:18:36.447,1.22306,1.22315,1.00,1.50
2016.10.26 19:18:36.954,1.22305,1.22315,1.00,1.50
2016.10.26 19:18:37.816,1.22306,1.22315,1.00,1.00
2016.10.26 19:18:38.400,1.22307,1.22315,1.00,1.00
2016.10.26 19:18:38.452,1.22305,1.22315,1.00,1.00
2016.10.26 19:18:39.009,1.22307,1.22315,1.00,1.00
2016.10.26 19:18:45.011,1.22306,1.22316,1.12,2.25
2016.10.26 19:18:49.258,1.22308,1.22316,1.00,2.62
2016.10.26 19:18:51.313,1.22306,1.22314,1.00,1.00
2016.10.26 19:18:53.331,1.22307,1.22315,1.00,1.12
2016.10.26 19:19:06.525,1.22305,1.22314,1.00,1.00
2016.10.26 19:19:06.730,1.22304,1.22312,1.37,1.00
2016.10.26 19:19:10.997,1.22306,1.22312,1.00,1.00
2016.10.26 19:19:12.825,1.22306,1.22313,1.50,1.00
2016.10.26 19:19:13.414,1.22305,1.22307,1.50,1.00
2016.10.26 19:19:13.466,1.22301,1.22311,1.12,2.70
2016.10.26 19:19:13.518,1.22304,1.22311,1.00,1.87
2016.10.26 19:19:13.619,1.22304,1.22313,1.00,1.87
2016.10.26 19:19:15.468,1.22304,1.22312,1.00,1.00
2016.10.26 19:19:15.975,1.22303,1.22312,1.00,1.00
2016.10.26 19:19:18.823,1.22303,1.22314,1.50,3.37
2016.10.26 19:19:21.791,1.22303,1.22314,2.25,1.50
2016.10.26 19:19:27.377,1.22305,1.22314,1.00,1.50
2016.10.26 19:19:27.885,1.22304,1.22314,1.37,1.12
2016.10.26 19:19:41.170,1.22307,1.22315,1.00,1.50
2016.10.26 19:19:41.678,1.22307,1.22316,1.00,2.62
2016.10.26 19:19:42.452,1.22306,1.22315,1.00,1.00
2016.10.26 19:19:43.217,1.22306,1.22316,1.00,1.87
2016.10.26 19:19:43.726,1.22307,1.22316,1.00,1.87
2016.10.26 19:19:45.362,1.22312,1.22317,1.00,1.37
2016.10.26 19:19:45.567,1.22313,1.22321,1.12,1.00
2016.10.26 19:19:45.822,1.22311,1.22322,1.50,1.00
2016.10.26 19:19:46.688,1.22312,1.22323,1.87,1.00
2016.10.26 19:19:47.145,1.22314,1.22322,1.00,1.00
2016.10.26 19:19:51.653,1.22313,1.22318,1.00,1.00
2016.10.26 19:19:51.805,1.22311,1.22318,1.00,1.00
2016.10.26 19:19:52.276,1.22309,1.22318,3.00,1.00
2016.10.26 19:19:53.062,1.22309,1.22319,1.12,1.12
2016.10.26 19:19:54.377,1.22308,1.22319,1.87,2.62
2016.10.26 19:19:54.930,1.22311,1.2232,1.50,1.37
2016.10.26 19:19:55.287,1.2231,1.22321,1.50,1.25
2016.10.26 19:19:55.339,1.2231,1.22319,1.50,1.00
2016.10.26 19:19:55.854,1.22309,1.22319,1.12,1.00
2016.10.26 19:19:56.160,1.22318,1.22323,1.00,1.50
2016.10.26 19:19:56.211,1.22314,1.22325,2.47,5.62
2016.10.26 19:19:56.466,1.22313,1.22322,4.87,1.00
2016.10.26 19:19:56.619,1.22312,1.2232,3.37,1.00
2016.10.26 19:19:57.102,1.2231,1.2232,2.62,1.12
2016.10.26 19:19:58.321,1.2231,1.22319,1.50,1.00
2016.10.26 19:19:59.016,1.2231,1.2232,1.50,1.50
2016.10.26 19:20:02.692,1.22306,1.22317,1.87,3.37
2016.10.26 19:20:03.149,1.22306,1.22316,3.00,1.00
2016.10.26 19:20:03.657,1.22309,1.22316,1.12,1.50
2016.10.26 19:20:04.024,1.22312,1.2232,1.00,2.25
2016.10.26 19:20:08.754,1.2231,1.2232,1.50,1.50
2016.10.26 19:20:09.276,1.2231,1.22319,1.00,1.00
2016.10.26 19:20:11.049,1.2231,1.22318,1.00,1.00
2016.10.26 19:20:11.441,1.22312,1.22318,1.00,1.00
2016.10.26 19:20:12.052,1.22312,1.22319,1.00,2.25
2016.10.26 19:20:12.103,1.2231,1.22319,1.50,2.25
2016.10.26 19:20:13.054,1.2231,1.22319,1.75,1.50
2016.10.26 19:20:13.156,1.22312,1.22321,2.25,1.50
2016.10.26 19:20:13.258,1.22315,1.22321,1.00,1.00
2016.10.26 19:20:13.360,1.22313,1.2232,1.50,1.00
2016.10.26 19:20:13.463,1.22313,1.22322,1.50,1.00
2016.10.26 19:20:14.150,1.22313,1.22321,1.12,1.00
2016.10.26 19:20:14.202,1.2231,1.22318,1.75,1.00
2016.10.26 19:20:14.304,1.22308,1.22319,4.31,1.87
2016.10.26 19:20:14.371,1.22308,1.22318,2.81,2.25
2016.10.26 19:20:14.422,1.22308,1.22318,1.87,1.12
2016.10.26 19:20:14.575,1.22308,1.22316,1.00,1.00
2016.10.26 19:20:14.677,1.22308,1.22318,1.00,4.12
2016.10.26 19:20:14.728,1.22308,1.22316,1.00,1.00
2016.10.26 19:20:15.140,1.22308,1.22318,1.00,1.00
2016.10.26 19:20:15.279,1.22308,1.22316,1.50,1.00
2016.10.26 19:20:15.584,1.22307,1.22318,3.00,1.87
2016.10.26 19:20:15.888,1.22307,1.22316,2.25,1.00
2016.10.26 19:20:17.071,1.22307,1.22316,1.87,1.00
2016.10.26 19:20:25.505,1.22308,1.22318,1.00,2.62
2016.10.26 19:20:26.215,1.22308,1.22317,1.00,1.00
2016.10.26 19:20:30.532,1.22308,1.22319,1.00,2.62
2016.10.26 19:20:31.066,1.22307,1.22318,3.75,1.00
2016.10.26 19:20:31.271,1.22307,1.22316,1.50,1.00
2016.10.26 19:20:31.782,1.22306,1.22316,2.06,1.00
2016.10.26 19:20:37.451,1.22307,1.22315,1.00,1.00
2016.10.26 19:20:37.974,1.22306,1.22315,2.44,1.00
2016.10.26 19:20:45.710,1.22306,1.22317,1.31,3.00
2016.10.26 19:20:47.080,1.22307,1.22318,1.00,5.62
2016.10.26 19:20:47.625,1.22308,1.22317,1.00,1.50
2016.10.26 19:20:48.026,1.22306,1.22316,2.06,1.00
2016.10.26 19:20:48.723,1.22306,1.22312,1.00,1.00
2016.10.26 19:20:48.775,1.22306,1.22315,1.00,1.87
2016.10.26 19:20:49.391,1.22305,1.22315,1.12,1.87
2016.10.26 19:20:50.451,1.22305,1.22315,1.87,1.87
2016.10.26 19:20:50.655,1.22308,1.22316,1.00,2.62
2016.10.26 19:20:51.010,1.22308,1.22311,1.00,1.00
2016.10.26 19:20:51.756,1.22305,1.22312,1.50,3.00
2016.10.26 19:20:51.812,1.22302,1.22311,1.87,1.10
2016.10.26 19:20:52.017,1.22303,1.22314,1.00,7.50
2016.10.26 19:20:57.419,1.22305,1.22314,1.00,1.50
2016.10.26 19:21:02.984,1.22305,1.22314,1.87,1.00
2016.10.26 19:21:04.424,1.22308,1.22314,1.00,1.00
2016.10.26 19:21:07.006,1.22308,1.22315,1.00,1.00
2016.10.26 19:21:07.109,1.22308,1.22318,1.00,1.50
2016.10.26 19:21:07.161,1.22307,1.22315,1.87,1.00
2016.10.26 19:21:07.314,1.22309,1.22319,1.75,1.00
2016.10.26 19:21:07.723,1.22307,1.22318,3.37,1.12
2016.10.26 19:21:07.825,1.22307,1.22316,3.37,1.00
2016.10.26 19:21:07.928,1.22307,1.22316,3.00,1.00
2016.10.26 19:21:14.479,1.22307,1.22318,1.87,1.12
2016.10.26 19:21:15.498,1.22308,1.22319,1.50,2.25
2016.10.26 19:21:16.145,1.22308,1.22318,1.50,1.00
2016.10.26 19:21:16.400,1.22308,1.22315,1.00,1.37
2016.10.26 19:21:16.502,1.22305,1.22316,2.25,1.00
2016.10.26 19:21:16.984,1.22304,1.2231,2.62,1.80
2016.10.26 19:21:17.239,1.22302,1.22309,1.37,1.00
2016.10.26 19:21:18.049,1.22302,1.2231,1.00,2.25
2016.10.26 19:21:18.566,1.22302,1.22309,1.00,1.00
2016.10.26 19:21:19.669,1.22305,1.2231,1.12,1.12
2016.10.26 19:21:19.721,1.22304,1.22314,1.50,1.00
2016.10.26 19:21:19.874,1.22304,1.2231,1.50,1.80
2016.10.26 19:21:20.028,1.22302,1.22309,1.00,1.05
2016.10.26 19:21:20.841,1.22301,1.2231,1.37,1.80
2016.10.26 19:21:21.384,1.22302,1.22309,1.12,1.05
2016.10.26 19:21:21.891,1.22302,1.2231,1.00,1.00
2016.10.26 19:21:21.993,1.22304,1.22312,1.00,1.12
2016.10.26 19:21:22.248,1.22306,1.22317,4.50,1.12
2016.10.26 19:21:22.773,1.22306,1.22316,1.00,1.87
2016.10.26 19:21:23.286,1.22305,1.22316,2.25,1.12
2016.10.26 19:21:23.793,1.22306,1.22316,1.00,1.00
2016.10.26 19:21:24.899,1.22307,1.22316,1.00,1.00
2016.10.26 19:21:28.669,1.22311,1.22317,1.00,1.00
2016.10.26 19:21:29.113,1.22307,1.22318,1.00,5.25
2016.10.26 19:21:29.165,1.22305,1.22314,1.87,1.00
2016.10.26 19:21:29.726,1.22306,1.22315,1.00,1.00
2016.10.26 19:21:32.094,1.22305,1.22314,1.50,1.00
2016.10.26 19:21:41.719,1.22305,1.22316,1.50,1.12
2016.10.26 19:21:43.274,1.22305,1.22316,1.87,1.12
2016.10.26 19:21:47.944,1.22307,1.22316,1.00,1.50
2016.10.26 19:21:47.996,1.22309,1.22318,1.50,8.25
2016.10.26 19:21:48.431,1.22313,1.22319,1.00,1.12
2016.10.26 19:21:48.483,1.22315,1.22323,1.00,1.87
2016.10.26 19:21:48.888,1.22313,1.22323,1.50,1.87
2016.10.26 19:21:49.193,1.22313,1.2232,1.00,1.00
2016.10.26 19:21:49.961,1.22311,1.22319,2.25,1.00
2016.10.26 19:21:50.079,1.22311,1.22322,2.25,1.12
2016.10.26 19:21:52.959,1.22313,1.22322,1.75,1.00
2016.10.26 19:21:54.033,1.22313,1.22322,1.50,1.00
2016.10.26 19:21:55.637,1.22313,1.22323,1.50,1.12
2016.10.26 19:21:56.583,1.22313,1.22319,1.00,1.05
2016.10.26 19:21:56.941,1.2231,1.22318,1.50,1.00
2016.10.26 19:21:57.348,1.22307,1.22317,1.50,1.50
2016.10.26 19:21:57.855,1.22309,1.22317,1.00,1.00
2016.10.26 19:22:02.678,1.22308,1.22318,1.50,1.37
2016.10.26 19:22:03.135,1.22309,1.22319,1.87,2.17
2016.10.26 19:22:03.643,1.22309,1.22318,1.87,1.00
2016.10.26 19:22:11.027,1.22309,1.2232,1.50,3.37
2016.10.26 19:22:12.040,1.2231,1.2232,1.87,1.87
2016.10.26 19:22:12.144,1.22315,1.22323,1.00,3.82
2016.10.26 19:22:12.297,1.22317,1.22326,2.25,3.00
2016.10.26 19:22:12.919,1.22317,1.22326,1.50,1.12
2016.10.26 19:22:13.432,1.22316,1.22326,1.50,1.12
2016.10.26 19:22:13.846,1.22316,1.22324,2.25,1.00
2016.10.26 19:22:17.081,1.22316,1.22326,1.50,1.00
2016.10.26 19:22:20.129,1.22316,1.22325,1.50,1.12
2016.10.26 19:22:23.755,1.22316,1.22317,1.00,1.00
2016.10.26 19:22:23.960,1.22311,1.22317,1.87,1.12
2016.10.26 19:22:24.667,1.22308,1.22318,2.25,1.87
2016.10.26 19:22:24.973,1.22316,1.22318,1.65,1.00
2016.10.26 19:22:25.161,1.22327,1.22332,1.00,4.50
2016.10.26 19:22:25.263,1.22329,1.22333,1.00,1.12
2016.10.26 19:22:25.365,1.22328,1.22337,1.87,1.12
2016.10.26 19:22:26.212,1.22328,1.22337,2.25,1.00
2016.10.26 19:22:26.737,1.22329,1.22337,1.12,1.87
2016.10.26 19:22:34.175,1.22328,1.22337,1.37,2.25
2016.10.26 19:22:35.037,1.2233,1.22336,2.96,1.00
2016.10.26 19:22:35.242,1.22338,1.22347,3.34,1.12
2016.10.26 19:22:36.025,1.22339,1.22347,1.00,3.19
2016.10.26 19:22:37.404,1.22335,1.22345,1.87,1.00
2016.10.26 19:22:37.610,1.22336,1.22346,2.21,1.00
2016.10.26 19:22:38.820,1.22336,1.22346,3.71,1.00
2016.10.26 19:22:39.592,1.22336,1.22346,3.71,1.00
2016.10.26 19:22:47.651,1.22339,1.22346,1.00,1.00
2016.10.26 19:22:48.686,1.22339,1.22345,1.00,1.00
2016.10.26 19:22:50.529,1.22339,1.22346,1.00,1.12
2016.10.26 19:22:52.523,1.22338,1.22346,1.50,1.00
2016.10.26 19:22:56.796,1.2234,1.22348,1.00,4.87
2016.10.26 19:22:56.898,1.22338,1.22347,1.12,1.12
2016.10.26 19:22:57.837,1.22339,1.22347,1.00,1.50
2016.10.26 19:22:59.695,1.22339,1.22347,1.12,1.12
2016.10.26 19:23:00.496,1.22338,1.22347,3.37,1.12
2016.10.26 19:23:04.973,1.22338,1.22347,4.12,2.25
2016.10.26 19:23:05.485,1.22338,1.22347,2.25,1.12
2016.10.26 19:23:10.143,1.22338,1.22347,5.25,2.44
2016.10.26 19:23:10.995,1.22338,1.22346,1.00,1.87
2016.10.26 19:23:26.511,1.22337,1.22346,1.87,3.00
2016.10.26 19:23:27.795,1.22342,1.22346,1.00,3.00
2016.10.26 19:23:28.426,1.22342,1.22344,1.00,1.00
2016.10.26 19:23:29.978,1.22341,1.22344,1.00,1.00
2016.10.26 19:23:30.959,1.22341,1.22347,1.00,2.44
2016.10.26 19:23:34.076,1.22341,1.22347,1.00,2.25
2016.10.26 19:23:34.625,1.22343,1.22347,1.00,2.25
2016.10.26 19:23:35.135,1.22343,1.22347,1.00,3.56
2016.10.26 19:23:37.218,1.22342,1.22347,1.00,1.69
2016.10.26 19:23:37.726,1.22341,1.22347,1.00,1.69
2016.10.26 19:23:39.829,1.22341,1.22348,1.00,5.06
2016.10.26 19:23:40.331,1.22341,1.22347,1.00,1.69
2016.10.26 19:23:41.032,1.22341,1.22347,1.00,1.12
2016.10.26 19:23:46.778,1.22341,1.22347,1.00,3.19
2016.10.26 19:23:48.159,1.22339,1.22347,1.50,3.00
2016.10.26 19:23:48.677,1.22339,1.22346,1.00,1.12
2016.10.26 19:23:49.228,1.22339,1.22347,1.00,3.37
2016.10.26 19:23:50.475,1.22339,1.22346,1.00,1.87
2016.10.26 19:23:52.582,1.22339,1.22346,1.50,1.87
2016.10.26 19:23:53.547,1.22339,1.22346,1.00,1.87
2016.10.26 19:23:57.486,1.22338,1.22342,1.12,1.00
2016.10.26 19:23:58.781,1.22338,1.22344,1.12,1.87
2016.10.26 19:24:02.603,1.22337,1.22344,1.00,1.87
2016.10.26 19:24:07.240,1.22337,1.22344,3.37,1.50
2016.10.26 19:24:07.842,1.22337,1.22344,1.46,1.00
2016.10.26 19:24:08.851,1.22337,1.22344,1.87,1.00
2016.10.26 19:24:18.680,1.22336,1.22344,1.09,1.50
2016.10.26 19:24:19.036,1.22337,1.22345,1.46,3.37
2016.10.26 19:24:19.570,1.22337,1.22345,1.12,3.37
2016.10.26 19:24:20.464,1.22337,1.22344,1.46,1.00
2016.10.26 19:24:24.492,1.22337,1.22344,3.34,1.87
2016.10.26 19:24:27.828,1.22337,1.22345,3.34,1.50
2016.10.26 19:24:28.479,1.22337,1.22345,1.84,2.25
2016.10.26 19:24:31.223,1.22336,1.2234,1.87,1.00
2016.10.26 19:24:31.376,1.22336,1.22339,1.12,1.00
2016.10.26 19:24:32.129,1.22334,1.22339,1.50,1.00
2016.10.26 19:24:32.332,1.22335,1.22342,1.12,1.87
2016.10.26 19:24:33.079,1.22335,1.22342,1.37,1.87
2016.10.26 19:24:33.587,1.22336,1.22343,1.12,1.87
2016.10.26 19:24:35.128,1.22336,1.22342,1.12,1.00
2016.10.26 19:24:38.937,1.22336,1.22343,1.12,1.00
2016.10.26 19:24:43.356,1.22336,1.22342,1.12,1.00
2016.10.26 19:24:49.027,1.22338,1.22346,1.00,1.87
2016.10.26 19:24:49.645,1.22338,1.22346,1.50,1.00
2016.10.26 19:24:49.849,1.22338,1.22344,1.50,1.00
2016.10.26 19:24:49.951,1.22337,1.22344,1.50,1.00
2016.10.26 19:24:50.651,1.22337,1.22345,1.50,1.00
2016.10.26 19:24:54.004,1.22336,1.22341,1.50,1.00
2016.10.26 19:24:54.106,1.22335,1.22341,1.12,1.00
2016.10.26 19:24:57.229,1.22335,1.22343,1.00,1.00
2016.10.26 19:24:57.775,1.22336,1.22343,1.00,1.00
2016.10.26 19:25:01.463,1.22336,1.22345,1.00,1.00
2016.10.26 19:25:10.161,1.22338,1.22346,1.00,1.00
2016.10.26 19:25:10.689,1.22337,1.22347,1.12,1.12
2016.10.26 19:25:15.791,1.22337,1.22346,1.50,1.00
2016.10.26 19:25:19.850,1.22337,1.22345,1.00,1.12
2016.10.26 19:25:27.578,1.22336,1.22346,1.00,1.87
2016.10.26 19:25:32.724,1.22339,1.22346,1.00,1.12
2016.10.26 19:25:32.928,1.2234,1.2235,1.00,4.50
2016.10.26 19:25:33.860,1.2234,1.2235,1.12,2.25
2016.10.26 19:25:34.216,1.22342,1.2235,1.00,1.50
2016.10.26 19:25:36.099,1.22342,1.22349,1.00,1.00
2016.10.26 19:25:40.057,1.22341,1.22349,1.50,1.00
2016.10.26 19:25:40.375,1.22344,1.22351,1.00,1.00
2016.10.26 19:25:44.220,1.22346,1.22351,1.00,1.00
2016.10.26 19:25:44.272,1.22346,1.22355,1.12,1.87
2016.10.26 19:25:44.324,1.22351,1.22355,1.00,1.87
2016.10.26 19:25:44.415,1.22349,1.22357,1.00,1.87
2016.10.26 19:25:44.568,1.2235,1.22357,1.87,1.50
2016.10.26 19:25:45.816,1.22357,1.2236,1.00,1.50
2016.10.26 19:25:45.919,1.22359,1.22365,1.00,1.50
2016.10.26 19:25:45.971,1.22359,1.22366,1.00,1.00
2016.10.26 19:25:46.073,1.22357,1.22366,1.50,1.12
2016.10.26 19:25:46.677,1.22357,1.22364,1.00,1.00
2016.10.26 19:25:47.236,1.22355,1.22364,1.12,1.50
2016.10.26 19:25:47.338,1.22353,1.22362,3.37,1.00
2016.10.26 19:25:50.785,1.22353,1.2236,1.37,1.00
2016.10.26 19:25:50.888,1.22351,1.22361,2.25,1.00
2016.10.26 19:25:51.429,1.22351,1.22358,1.87,1.00
2016.10.26 19:25:51.951,1.22351,1.22359,1.87,1.50
2016.10.26 19:25:53.229,1.22351,1.2236,1.50,1.12
2016.10.26 19:25:58.485,1.22351,1.22361,1.50,1.12
2016.10.26 19:26:05.778,1.22365,1.22366,1.00,7.50
2016.10.26 19:26:05.880,1.22364,1.22372,1.37,1.12
2016.10.26 19:26:05.931,1.22368,1.2237,1.00,1.00
2016.10.26 19:26:05.983,1.22365,1.2237,1.00,1.00
2016.10.26 19:26:06.034,1.22365,1.22373,1.75,1.00
2016.10.26 19:26:06.542,1.22367,1.22374,1.50,1.12
2016.10.26 19:26:07.210,1.22366,1.22369,1.00,1.12
2016.10.26 19:26:07.328,1.22366,1.22373,1.00,1.12
2016.10.26 19:26:07.836,1.22366,1.22373,1.09,1.12
2016.10.26 19:26:10.268,1.22366,1.22373,1.00,1.12
2016.10.26 19:26:11.060,1.22366,1.22373,1.50,1.12
2016.10.26 19:26:11.582,1.22366,1.22374,1.50,1.00
2016.10.26 19:26:12.346,1.22368,1.22374,1.00,1.00
2016.10.26 19:26:13.244,1.22364,1.22369,1.87,1.50
2016.10.26 19:26:13.935,1.22367,1.22372,1.12,1.12
2016.10.26 19:26:13.986,1.22367,1.22374,1.12,1.12
2016.10.26 19:26:14.662,1.22366,1.22374,1.00,1.12
2016.10.26 19:26:15.173,1.22366,1.22373,1.00,1.00
2016.10.26 19:26:15.728,1.22366,1.22375,1.00,1.87
2016.10.26 19:26:19.940,1.22367,1.22375,1.00,2.25
2016.10.26 19:26:22.793,1.22367,1.22374,1.00,1.00
2016.10.26 19:26:22.961,1.22367,1.22372,1.00,1.00
2016.10.26 19:26:30.004,1.22366,1.22372,1.00,1.00
2016.10.26 19:26:30.359,1.22367,1.22374,1.00,1.50
2016.10.26 19:26:30.614,1.22364,1.22374,2.77,1.50
2016.10.26 19:26:31.532,1.22366,1.22374,1.00,1.00
2016.10.26 19:26:32.142,1.22365,1.22374,1.00,1.00
2016.10.26 19:26:32.648,1.22364,1.22375,4.31,2.25
2016.10.26 19:26:36.994,1.22364,1.22373,2.81,1.00
2016.10.26 19:26:37.096,1.22364,1.22375,3.56,2.62
2016.10.26 19:26:38.116,1.22365,1.22375,1.00,3.37
2016.10.26 19:26:38.625,1.22365,1.22375,1.00,3.37
2016.10.26 19:26:38.785,1.22365,1.22373,1.87,1.00
2016.10.26 19:26:39.292,1.22364,1.22375,3.94,3.37
2016.10.26 19:26:43.331,1.22364,1.22375,4.31,3.00
2016.10.26 19:26:54.829,1.22364,1.22374,3.00,1.00
2016.10.26 19:26:56.318,1.22367,1.22375,1.00,1.50
2016.10.26 19:26:56.827,1.22366,1.22375,1.00,1.50
2016.10.26 19:27:10.332,1.22366,1.22373,1.00,1.00
2016.10.26 19:27:16.025,1.22366,1.22375,1.00,1.00
2016.10.26 19:27:17.672,1.22366,1.22374,1.00,1.00
2016.10.26 19:27:28.021,1.22366,1.22375,1.00,1.00
2016.10.26 19:27:29.973,1.22365,1.22374,1.69,1.00
2016.10.26 19:27:31.722,1.22365,1.22375,2.44,1.00
2016.10.26 19:27:32.520,1.22365,1.22372,1.69,1.00
2016.10.26 19:27:32.622,1.22365,1.22375,2.81,1.50
2016.10.26 19:27:33.070,1.22365,1.22373,2.81,1.00
2016.10.26 19:27:33.581,1.22365,1.22374,1.69,1.00
2016.10.26 19:27:47.229,1.22365,1.22374,3.94,1.00
2016.10.26 19:27:49.066,1.22365,1.22374,3.94,1.00
2016.10.26 19:27:49.592,1.22365,1.22374,3.94,1.00
2016.10.26 19:27:52.919,1.22365,1.22373,3.56,1.00
2016.10.26 19:28:07.653,1.22366,1.22375,1.00,1.00
2016.10.26 19:28:10.276,1.22365,1.22375,4.12,1.50
2016.10.26 19:28:11.792,1.22365,1.22373,4.31,1.00
2016.10.26 19:28:20.477,1.22365,1.2237,3.37,1.00
2016.10.26 19:28:20.579,1.22364,1.22373,2.06,2.62
2016.10.26 19:28:20.681,1.22365,1.22373,3.75,1.00
2016.10.26 19:28:24.504,1.22365,1.22374,3.75,1.00
2016.10.26 19:28:29.180,1.22365,1.22373,3.75,1.00
2016.10.26 19:28:31.174,1.22365,1.22374,2.25,1.00
2016.10.26 19:28:47.700,1.22365,1.22373,2.62,1.00
2016.10.26 19:28:48.380,1.22365,1.22373,1.12,1.00
2016.10.26 19:28:48.909,1.22365,1.22373,1.37,1.00
2016.10.26 19:29:00.194,1.22366,1.22371,1.00,1.00
2016.10.26 19:29:00.295,1.22365,1.22373,2.25,1.00
2016.10.26 19:29:02.554,1.22366,1.22371,1.00,1.00
2016.10.26 19:29:02.605,1.22366,1.22373,1.00,1.00
2016.10.26 19:29:03.112,1.22365,1.22374,3.37,1.00
2016.10.26 19:29:09.328,1.22366,1.22374,1.12,1.00
2016.10.26 19:29:13.036,1.22366,1.22375,1.12,1.00
2016.10.26 19:29:21.176,1.22365,1.22374,3.75,1.00
2016.10.26 19:29:25.627,1.22365,1.22367,1.00,1.00
2016.10.26 19:29:25.831,1.22362,1.22366,1.00,1.00
2016.10.26 19:29:25.882,1.22357,1.22365,1.00,1.00
2016.10.26 19:29:26.035,1.22355,1.22363,2.62,1.00
2016.10.26 19:29:26.290,1.22354,1.22363,1.12,1.00
2016.10.26 19:29:26.812,1.22353,1.22363,3.00,1.00
2016.10.26 19:29:30.133,1.22353,1.22362,1.12,1.00
2016.10.26 19:29:31.134,1.22352,1.22361,5.06,1.00
2016.10.26 19:29:32.128,1.22353,1.2236,1.00,1.00
2016.10.26 19:29:34.726,1.22351,1.2236,3.19,1.50
2016.10.26 19:29:35.815,1.22351,1.22359,3.19,1.00
2016.10.26 19:29:36.338,1.22349,1.22355,3.67,1.50
2016.10.26 19:29:36.396,1.22346,1.22354,2.25,1.00
2016.10.26 19:29:38.449,1.22346,1.22353,2.25,2.25
2016.10.26 19:29:38.551,1.22344,1.22351,4.12,1.00
2016.10.26 19:29:39.058,1.22344,1.22351,3.37,1.00
2016.10.26 19:29:39.565,1.22344,1.22351,1.00,1.00
2016.10.26 19:29:40.427,1.22342,1.22349,2.62,1.00
2016.10.26 19:29:42.574,1.22341,1.22349,1.87,1.50
2016.10.26 19:29:44.122,1.22341,1.22348,1.87,1.00
2016.10.26 19:29:44.430,1.22339,1.22346,3.37,1.00
2016.10.26 19:29:45.168,1.22339,1.22344,1.87,1.50
2016.10.26 19:29:45.730,1.22335,1.22343,1.12,1.00
2016.10.26 19:29:45.782,1.22339,1.22344,1.00,1.12
2016.10.26 19:29:46.036,1.2234,1.22347,1.00,2.62
2016.10.26 19:29:46.087,1.22346,1.22349,1.00,5.25
2016.10.26 19:29:46.138,1.22347,1.22349,1.00,1.00
2016.10.26 19:29:46.189,1.2235,1.22352,1.00,1.87
2016.10.26 19:29:46.240,1.2235,1.22353,1.00,1.50
2016.10.26 19:29:46.638,1.22351,1.22355,1.00,1.50
2016.10.26 19:29:46.792,1.22353,1.22358,1.00,1.00
2016.10.26 19:29:47.148,1.22356,1.22359,1.00,2.25
2016.10.26 19:29:47.656,1.22356,1.22358,1.00,1.00
2016.10.26 19:29:48.238,1.22353,1.22355,1.00,1.50
2016.10.26 19:29:48.543,1.22371,1.22373,1.00,1.12
2016.10.26 19:29:48.595,1.22371,1.22376,1.00,1.00
2016.10.26 19:29:48.697,1.22369,1.22376,1.00,1.00
2016.10.26 19:29:49.380,1.22369,1.22377,1.00,3.00
2016.10.26 19:29:54.379,1.22369,1.22376,1.00,1.00
2016.10.26 19:29:54.927,1.22373,1.22378,1.00,1.84
2016.10.26 19:29:55.088,1.22372,1.22381,1.12,1.12
2016.10.26 19:29:55.139,1.2237,1.22379,2.62,1.00
2016.10.26 19:29:55.242,1.22369,1.22378,1.00,1.00
2016.10.26 19:29:56.140,1.2237,1.22378,1.00,1.00
2016.10.26 19:29:56.624,1.2237,1.22375,1.00,1.00
2016.10.26 19:29:57.676,1.2237,1.22378,1.00,1.00
2016.10.26 19:29:57.880,1.22368,1.22377,1.87,1.00
2016.10.26 19:29:57.981,1.22366,1.22375,4.87,1.00
2016.10.26 19:29:58.423,1.22372,1.22375,1.00,1.00
2016.10.26 19:29:58.881,1.2237,1.2238,3.00,1.50
2016.10.26 19:29:58.983,1.22369,1.22377,1.87,1.00
2016.10.26 19:29:59.389,1.22369,1.22375,1.12,1.00
2016.10.26 19:30:00.115,1.2237,1.22378,1.00,1.00
2016.10.26 19:30:00.372,1.22367,1.22377,1.50,1.00
2016.10.26 19:30:00.423,1.22367,1.22374,1.50,1.00
2016.10.26 19:30:00.979,1.22366,1.22374,1.80,1.00
2016.10.26 19:30:02.157,1.22366,1.22374,1.64,1.00
2016.10.26 19:30:02.674,1.22365,1.22374,3.00,1.00
2016.10.26 19:30:03.530,1.22368,1.22374,1.00,1.00
2016.10.26 19:30:04.044,1.22368,1.22374,1.50,1.00
2016.10.26 19:30:06.031,1.22368,1.22374,1.12,1.00
2016.10.26 19:30:07.198,1.22367,1.22374,1.00,1.00
2016.10.26 19:30:07.716,1.22366,1.22374,1.50,1.00
2016.10.26 19:30:13.074,1.22365,1.22374,3.37,1.00
2016.10.26 19:30:18.481,1.22365,1.22374,4.50,1.00
2016.10.26 19:30:19.475,1.22365,1.22374,3.75,1.00
2016.10.26 19:30:21.678,1.22365,1.22374,3.75,1.00
2016.10.26 19:30:23.476,1.22365,1.22374,3.75,1.00
2016.10.26 19:30:28.520,1.22366,1.22374,1.12,1.00
2016.10.26 19:30:38.341,1.22366,1.22373,1.37,1.00
2016.10.26 19:30:38.528,1.22366,1.22375,1.37,1.00
2016.10.26 19:30:49.490,1.22366,1.22375,2.25,1.00
2016.10.26 19:30:50.024,1.22366,1.22376,1.87,2.25
2016.10.26 19:31:00.545,1.22366,1.22374,1.12,1.12
2016.10.26 19:31:08.428,1.22366,1.22374,1.00,1.50
2016.10.26 19:31:08.530,1.22366,1.22374,1.00,1.00
2016.10.26 19:31:09.596,1.22365,1.22375,2.25,1.50
2016.10.26 19:31:27.287,1.22366,1.22374,1.00,1.00
2016.10.26 19:31:28.122,1.22367,1.22374,1.00,1.12
2016.10.26 19:31:30.729,1.22365,1.22374,1.92,1.00
2016.10.26 19:31:31.237,1.22366,1.22374,1.00,1.00
2016.10.26 19:31:31.751,1.22366,1.22376,1.87,1.12
2016.10.26 19:31:32.107,1.22369,1.22377,1.00,2.25
2016.10.26 19:31:32.413,1.22371,1.22378,1.00,1.84
2016.10.26 19:31:32.464,1.22371,1.22378,1.87,1.12
2016.10.26 19:31:32.996,1.2237,1.22379,1.69,2.96
2016.10.26 19:31:34.273,1.2237,1.22378,1.00,1.46
2016.10.26 19:31:34.425,1.22368,1.22377,1.00,1.84
2016.10.26 19:31:35.193,1.22368,1.22378,1.00,4.09
2016.10.26 19:31:35.319,1.22368,1.22378,1.00,4.84
2016.10.26 19:31:35.776,1.22368,1.22378,1.00,4.84
2016.10.26 19:31:36.323,1.22368,1.22377,1.00,1.84
2016.10.26 19:31:37.209,1.22368,1.22378,1.00,4.84
2016.10.26 19:31:38.429,1.22368,1.22376,1.00,1.00
2016.10.26 19:31:39.600,1.22368,1.22377,1.00,1.00
2016.10.26 19:31:40.108,1.22368,1.22378,1.00,4.84
2016.10.26 19:31:41.094,1.22368,1.22377,1.00,1.00
2016.10.26 19:31:48.328,1.22368,1.22378,1.12,1.12
2016.10.26 19:31:51.556,1.22368,1.22377,1.50,1.00
2016.10.26 19:31:52.063,1.22367,1.22377,2.25,1.50
2016.10.26 19:31:56.419,1.22366,1.22376,2.25,1.00
2016.10.26 19:31:56.924,1.22365,1.22374,1.12,1.50
2016.10.26 19:31:57.430,1.22364,1.22374,1.12,1.87
2016.10.26 19:32:00.578,1.22363,1.22373,1.50,1.00
2016.10.26 19:32:01.683,1.22363,1.22372,1.37,1.87
2016.10.26 19:32:01.990,1.22359,1.22362,1.12,1.00
2016.10.26 19:32:02.041,1.22356,1.22362,1.00,1.50
2016.10.26 19:32:02.143,1.22353,1.22361,1.00,1.00
2016.10.26 19:32:02.649,1.22354,1.22361,1.00,1.50
2016.10.26 19:32:04.482,1.22354,1.22359,1.00,1.87
2016.10.26 19:32:04.534,1.22352,1.22359,1.00,1.87
2016.10.26 19:32:05.043,1.22351,1.22359,1.87,2.25
2016.10.26 19:32:08.522,1.22351,1.22359,1.00,2.25
2016.10.26 19:32:09.406,1.22351,1.22359,1.00,1.50
2016.10.26 19:32:11.295,1.22353,1.22359,1.00,1.50
2016.10.26 19:32:11.397,1.22352,1.22361,1.00,2.25
2016.10.26 19:32:11.903,1.22353,1.22361,1.00,1.12
2016.10.26 19:32:14.304,1.22353,1.22361,1.50,1.12
2016.10.26 19:32:17.718,1.22356,1.22361,1.00,1.12
2016.10.26 19:32:27.984,1.22357,1.22363,1.00,4.87
2016.10.26 19:32:29.423,1.22357,1.22364,1.00,1.87
2016.10.26 19:32:32.213,1.22358,1.22364,1.00,1.50
2016.10.26 19:32:32.745,1.22364,1.22365,1.50,1.12
2016.10.26 19:32:32.797,1.22365,1.22372,1.00,3.30
2016.10.26 19:32:32.849,1.22365,1.22371,1.00,1.12
2016.10.26 19:32:33.357,1.22366,1.22371,1.00,1.12
2016.10.26 19:32:34.505,1.22363,1.2237,1.37,2.25
2016.10.26 19:32:35.014,1.22363,1.2237,1.00,2.25
2016.10.26 19:32:39.833,1.22363,1.22371,1.00,1.87
2016.10.26 19:32:42.510,1.22364,1.22371,1.00,1.50
2016.10.26 19:32:48.662,1.22363,1.22372,1.00,3.00
2016.10.26 19:32:48.714,1.22361,1.22367,3.00,1.00
2016.10.26 19:32:48.918,1.22355,1.22364,4.87,1.12
2016.10.26 19:32:48.970,1.22356,1.22363,1.12,1.00
2016.10.26 19:32:49.123,1.22354,1.22364,1.12,6.00
2016.10.26 19:32:49.647,1.22354,1.22363,1.12,4.87
2016.10.26 19:32:54.113,1.22355,1.22363,1.00,6.37
2016.10.26 19:32:54.570,1.22355,1.22364,1.00,1.87
2016.10.26 19:32:55.794,1.22354,1.22365,3.00,3.75
2016.10.26 19:33:02.164,1.22355,1.22364,1.00,1.00
2016.10.26 19:33:02.722,1.22354,1.22364,1.50,3.00
2016.10.26 19:33:02.773,1.22354,1.22364,1.50,7.87
2016.10.26 19:33:03.718,1.22352,1.22361,1.75,1.12
2016.10.26 19:33:05.308,1.22353,1.22361,1.50,1.50
2016.10.26 19:33:06.944,1.22354,1.22361,1.12,1.50
2016.10.26 19:33:08.698,1.22351,1.22356,2.25,1.00
2016.10.26 19:33:08.800,1.22351,1.22357,1.75,1.00
2016.10.26 19:33:08.954,1.2235,1.22355,2.62,1.00
2016.10.26 19:33:09.158,1.22346,1.2235,1.12,1.00
2016.10.26 19:33:09.965,1.22347,1.2235,1.00,1.00
2016.10.26 19:33:10.291,1.22345,1.22347,1.00,1.00
2016.10.26 19:33:10.343,1.22345,1.22348,1.00,1.00
2016.10.26 19:33:10.545,1.22344,1.22346,1.00,1.00
2016.10.26 19:33:10.698,1.22341,1.22346,2.25,1.00
2016.10.26 19:33:11.351,1.22341,1.22343,2.25,1.00
2016.10.26 19:33:11.454,1.22338,1.2234,1.00,1.00
2016.10.26 19:33:11.505,1.22336,1.22339,1.00,1.00
2016.10.26 19:33:11.557,1.22333,1.22338,2.62,1.00
2016.10.26 19:33:11.812,1.22332,1.22338,2.25,1.00
2016.10.26 19:33:12.357,1.22333,1.22338,1.00,1.00
2016.10.26 19:33:13.737,1.22335,1.22341,1.50,1.00
2016.10.26 19:33:13.890,1.22339,1.22343,1.00,1.00
2016.10.26 19:33:13.941,1.22339,1.22345,1.12,1.50
2016.10.26 19:33:13.992,1.22342,1.22347,1.00,1.00
2016.10.26 19:33:14.145,1.22339,1.22348,1.37,1.00
2016.10.26 19:33:14.658,1.22338,1.22347,1.12,1.00
2016.10.26 19:33:14.810,1.22338,1.22345,1.12,1.00
2016.10.26 19:33:18.729,1.22338,1.22345,1.37,1.00
2016.10.26 19:33:19.288,1.22339,1.22347,1.69,1.00
2016.10.26 19:33:20.483,1.22343,1.22347,1.12,1.00
2016.10.26 19:33:21.274,1.2234,1.22348,2.62,1.00
2016.10.26 19:33:22.108,1.22342,1.22349,1.50,1.00
2016.10.26 19:33:22.415,1.22344,1.22351,1.00,1.00
2016.10.26 19:33:23.038,1.22344,1.2235,1.00,1.00
2016.10.26 19:33:28.052,1.22345,1.22354,1.00,1.50
2016.10.26 19:33:28.103,1.22345,1.22351,3.37,1.00
2016.10.26 19:33:28.256,1.22351,1.2236,2.54,3.00
2016.10.26 19:33:28.307,1.22352,1.2236,1.12,1.50
2016.10.26 19:33:28.612,1.22353,1.2236,1.75,1.00
2016.10.26 19:33:29.393,1.22352,1.22358,1.37,1.00
2016.10.26 19:33:29.445,1.2235,1.22358,3.56,1.00
2016.10.26 19:33:34.244,1.22351,1.22359,1.12,1.00
2016.10.26 19:33:34.753,1.2235,1.22358,1.87,1.00
2016.10.26 19:33:35.285,1.2235,1.22356,1.50,1.00
2016.10.26 19:33:39.417,1.22347,1.22356,1.50,1.00
2016.10.26 19:33:40.386,1.22347,1.22354,2.62,1.00
2016.10.26 19:33:41.403,1.22347,1.22354,1.00,1.00
2016.10.26 19:33:49.168,1.22347,1.22351,1.00,1.00
2016.10.26 19:33:49.321,1.22343,1.22349,1.37,1.00
2016.10.26 19:33:49.871,1.22342,1.22349,2.25,1.00
2016.10.26 19:33:51.673,1.2234,1.22349,3.19,1.00
2016.10.26 19:33:53.799,1.2234,1.22349,1.62,3.37
2016.10.26 19:33:53.851,1.22337,1.22344,1.04,1.00
2016.10.26 19:33:54.377,1.22337,1.22344,1.04,1.00
2016.10.26 19:33:55.321,1.22338,1.22344,1.05,1.00
2016.10.26 19:33:56.636,1.22338,1.22343,1.05,1.00
2016.10.26 19:33:57.277,1.22337,1.22343,1.04,1.00
2016.10.26 19:33:58.469,1.22337,1.22345,1.04,1.00
2016.10.26 19:33:58.824,1.22339,1.22348,1.59,3.00
2016.10.26 19:33:58.876,1.22343,1.22349,1.00,2.62
2016.10.26 19:33:59.409,1.22345,1.22352,1.00,1.00
2016.10.26 19:34:00.278,1.22344,1.22352,1.50,1.00
2016.10.26 19:34:07.268,1.22343,1.22352,1.50,1.00
2016.10.26 19:34:08.939,1.22347,1.22354,1.00,1.12
2016.10.26 19:34:09.370,1.22349,1.22359,1.84,1.50
2016.10.26 19:34:09.890,1.22349,1.22357,1.12,1.00
2016.10.26 19:34:10.398,1.22348,1.22357,2.62,1.00
2016.10.26 19:34:14.475,1.22348,1.22357,2.62,1.00
2016.10.26 19:34:17.083,1.22348,1.22358,4.05,1.00
2016.10.26 19:34:17.453,1.22353,1.22359,1.00,1.00
2016.10.26 19:34:17.505,1.22353,1.22361,1.00,1.00
2016.10.26 19:34:18.013,1.22353,1.22362,1.00,2.25
2016.10.26 19:34:18.729,1.22352,1.22362,1.12,2.25
2016.10.26 19:34:20.835,1.22352,1.22361,1.12,1.00
2016.10.26 19:34:22.479,1.22351,1.22358,1.50,1.00
2016.10.26 19:34:22.905,1.22349,1.22358,1.94,1.50
2016.10.26 19:34:23.412,1.22349,1.22358,2.25,1.87
2016.10.26 19:34:25.150,1.22354,1.22359,1.00,2.62
2016.10.26 19:34:25.201,1.22349,1.22359,1.50,2.62
2016.10.26 19:34:26.451,1.22349,1.22357,1.00,1.00
2016.10.26 19:34:26.970,1.22349,1.22358,1.00,2.25
2016.10.26 19:34:27.480,1.2235,1.22358,1.00,2.25
2016.10.26 19:34:28.638,1.22349,1.22358,1.50,1.00
2016.10.26 19:34:34.907,1.22349,1.22355,1.50,1.00
2016.10.26 19:34:35.012,1.22346,1.22353,1.50,1.00
2016.10.26 19:34:35.114,1.22344,1.22353,1.12,1.00
2016.10.26 19:34:35.657,1.22344,1.22352,1.00,1.00
2016.10.26 19:34:36.113,1.22341,1.22351,1.37,1.00
2016.10.26 19:34:39.514,1.22342,1.22351,3.00,1.00
2016.10.26 19:34:42.270,1.22343,1.22352,1.50,1.00
2016.10.26 19:34:42.423,1.22344,1.22354,1.00,2.62
2016.10.26 19:34:44.633,1.22343,1.22354,3.75,1.12
2016.10.26 19:34:51.833,1.22342,1.22352,3.55,1.00
2016.10.26 19:35:00.477,1.22342,1.22351,1.84,1.00
2016.10.26 19:35:00.984,1.22342,1.22351,1.57,1.00
2016.10.26 19:35:02.628,1.22341,1.22352,4.94,1.00
2016.10.26 19:35:03.136,1.22341,1.22351,3.07,1.00
2016.10.26 19:35:03.983,1.22341,1.22352,1.84,1.87
2016.10.26 19:35:04.527,1.22341,1.2235,1.84,1.00
2016.10.26 19:35:08.926,1.22342,1.22352,1.50,1.50
2016.10.26 19:35:12.034,1.22342,1.22353,2.25,1.12
2016.10.26 19:35:12.777,1.22342,1.22353,3.25,1.12
2016.10.26 19:35:13.431,1.22342,1.22353,2.50,1.12
2016.10.26 19:35:16.279,1.22342,1.2235,2.50,1.00
2016.10.26 19:35:16.788,1.2234,1.2235,4.50,1.00
2016.10.26 19:35:21.644,1.22341,1.22352,1.84,3.75
2016.10.26 19:35:22.227,1.22341,1.22352,3.07,1.12
2016.10.26 19:35:27.208,1.22342,1.22353,3.07,1.00
2016.10.26 19:35:30.968,1.22344,1.22352,1.00,1.00
2016.10.26 19:35:34.111,1.22344,1.22353,2.25,1.00
2016.10.26 19:35:39.874,1.22343,1.22353,2.62,4.50
2016.10.26 19:35:40.382,1.22342,1.22352,1.09,1.50
2016.10.26 19:35:45.113,1.22341,1.22351,3.18,1.00
2016.10.26 19:35:45.926,1.22343,1.22351,1.00,1.00
2016.10.26 19:35:46.710,1.22342,1.22351,4.09,1.50
2016.10.26 19:35:47.217,1.22342,1.22351,3.75,1.50
2016.10.26 19:35:50.337,1.22342,1.22351,6.59,1.50
2016.10.26 19:35:51.049,1.22343,1.22351,2.28,1.00
2016.10.26 19:35:55.154,1.22342,1.22351,4.15,1.50
2016.10.26 19:35:57.529,1.22342,1.22351,3.40,1.00
2016.10.26 19:35:59.395,1.22341,1.22351,2.96,1.00
2016.10.26 19:36:00.138,1.22341,1.22352,1.50,1.12
2016.10.26 19:36:00.979,1.22341,1.22352,3.75,1.12
2016.10.26 19:36:01.561,1.22343,1.22353,3.71,1.00
2016.10.26 19:36:29.228,1.22344,1.22355,1.00,2.25
2016.10.26 19:36:29.735,1.22345,1.22354,1.50,1.00
2016.10.26 19:36:48.243,1.22344,1.22354,2.25,1.00
2016.10.26 19:36:49.676,1.22344,1.22355,3.37,1.12
2016.10.26 19:36:50.278,1.22344,1.22354,3.37,1.00
2016.10.26 19:36:52.126,1.22344,1.22354,4.87,1.00
2016.10.26 19:36:53.227,1.22344,1.22355,3.37,1.00
2016.10.26 19:36:54.249,1.22344,1.22354,2.62,1.00
2016.10.26 19:36:56.328,1.22344,1.22354,1.37,1.00
2016.10.26 19:36:56.836,1.22344,1.22353,3.71,1.00
2016.10.26 19:36:59.974,1.22351,1.22356,1.00,5.62
2016.10.26 19:37:00.218,1.22362,1.22371,1.12,6.37
2016.10.26 19:37:00.672,1.22362,1.22371,1.12,1.87
2016.10.26 19:37:02.269,1.22361,1.2237,2.62,1.00
2016.10.26 19:37:02.320,1.22361,1.22368,2.62,1.12
2016.10.26 19:37:02.372,1.22361,1.2237,2.25,1.00
2016.10.26 19:37:03.026,1.22362,1.22371,1.50,1.12
2016.10.26 19:37:03.574,1.2236,1.22371,4.12,1.12
2016.10.26 19:37:05.018,1.2236,1.22371,3.37,1.87
2016.10.26 19:37:06.376,1.22361,1.22371,1.00,3.75
2016.10.26 19:37:07.132,1.22362,1.22371,1.37,1.50
2016.10.26 19:37:07.669,1.22363,1.22372,1.12,1.00
2016.10.26 19:37:14.548,1.22363,1.22372,1.00,2.62
2016.10.26 19:37:15.076,1.22361,1.22372,1.50,2.25
2016.10.26 19:37:15.381,1.22372,1.22375,1.87,4.50
2016.10.26 19:37:15.763,1.2237,1.2238,4.50,2.25
2016.10.26 19:37:15.847,1.2237,1.22377,1.37,1.50
2016.10.26 19:37:16.101,1.22368,1.22376,2.62,1.50
2016.10.26 19:37:16.614,1.22367,1.22375,1.37,1.00
2016.10.26 19:37:17.386,1.22373,1.22377,1.12,1.00
2016.10.26 19:37:17.438,1.22374,1.22383,1.07,1.00
2016.10.26 19:37:18.100,1.22373,1.22383,1.19,2.25
2016.10.26 19:37:18.785,1.2238,1.22384,1.12,4.12
2016.10.26 19:37:19.091,1.2238,1.22385,3.75,1.50
2016.10.26 19:37:19.143,1.22376,1.22384,1.00,1.00
2016.10.26 19:37:19.194,1.22375,1.22382,1.37,1.00
2016.10.26 19:37:19.764,1.22372,1.22376,1.00,1.12
2016.10.26 19:37:19.817,1.22367,1.22375,1.12,1.00
2016.10.26 19:37:20.175,1.22365,1.22372,2.62,1.50
2016.10.26 19:37:20.278,1.22363,1.22369,1.50,1.00
2016.10.26 19:37:20.381,1.2236,1.22369,2.62,1.12
2016.10.26 19:37:20.967,1.2237,1.22372,1.09,1.00
2016.10.26 19:37:21.020,1.2237,1.22379,1.09,1.00
2016.10.26 19:37:21.084,1.22369,1.22378,1.50,1.00
2016.10.26 19:37:21.339,1.22369,1.22376,1.00,1.00
2016.10.26 19:37:21.850,1.22368,1.22376,1.00,1.00
2016.10.26 19:37:23.065,1.22374,1.22383,3.07,1.00
2016.10.26 19:37:23.320,1.22367,1.22376,1.50,1.00
2016.10.26 19:37:23.981,1.22366,1.22376,1.00,2.25
2016.10.26 19:37:24.032,1.22366,1.22373,1.00,1.00
2016.10.26 19:37:24.979,1.22365,1.22373,1.50,1.00
2016.10.26 19:37:25.449,1.22374,1.22376,1.87,2.99
2016.10.26 19:37:25.501,1.22374,1.22384,1.00,1.00
2016.10.26 19:37:25.603,1.22374,1.22381,1.00,1.00
2016.10.26 19:37:26.111,1.22374,1.2238,1.00,1.00
2016.10.26 19:37:26.364,1.22371,1.2238,2.62,1.00
2016.10.26 19:37:27.086,1.22371,1.22381,1.12,1.00
2016.10.26 19:37:27.494,1.22376,1.22382,3.34,1.00
2016.10.26 19:37:27.596,1.22377,1.22385,1.15,1.00
2016.10.26 19:37:27.800,1.22375,1.22384,1.12,1.00
2016.10.26 19:37:28.728,1.22374,1.22385,1.37,3.75
2016.10.26 19:37:28.849,1.22373,1.22384,2.62,1.37
2016.10.26 19:37:30.225,1.22373,1.22384,1.87,1.00
2016.10.26 19:37:30.733,1.22373,1.22385,1.87,3.75
2016.10.26 19:37:33.109,1.22375,1.22384,1.46,1.00
2016.10.26 19:37:33.540,1.22376,1.22383,1.46,1.00
2016.10.26 19:37:34.098,1.22378,1.22383,1.00,1.00
2016.10.26 19:37:34.404,1.22383,1.22387,1.00,1.50
2016.10.26 19:37:34.793,1.22389,1.22392,3.00,2.25
2016.10.26 19:37:34.845,1.2239,1.224,1.36,1.50
2016.10.26 19:37:35.353,1.2239,1.22398,1.86,1.00
2016.10.26 19:37:35.672,1.2239,1.22392,1.49,1.00
2016.10.26 19:37:35.723,1.22381,1.22392,1.75,2.25
2016.10.26 19:37:35.825,1.22381,1.22391,1.00,1.50
2016.10.26 19:37:36.921,1.22386,1.22391,1.84,2.25
2016.10.26 19:37:36.973,1.22397,1.22406,1.00,1.87
2016.10.26 19:37:37.024,1.22395,1.22402,1.75,1.00
2016.10.26 19:37:37.329,1.22403,1.22405,1.31,1.12
2016.10.26 19:37:37.380,1.22401,1.22406,2.06,1.00
2016.10.26 19:37:37.432,1.22405,1.22411,1.50,4.46
2016.10.26 19:37:37.483,1.22405,1.22415,1.87,2.59
2016.10.26 19:37:37.534,1.22404,1.22416,1.12,1.00
2016.10.26 19:37:37.637,1.22404,1.22414,1.00,1.00
2016.10.26 19:37:38.362,1.22404,1.22411,1.00,1.00
2016.10.26 19:37:38.719,1.22411,1.22413,1.12,1.00
2016.10.26 19:37:38.976,1.2242,1.22428,1.09,2.25
2016.10.26 19:37:39.129,1.22418,1.22423,3.34,1.00
2016.10.26 19:37:39.467,1.22412,1.22416,1.00,1.00
2016.10.26 19:37:39.518,1.22407,1.22414,2.62,1.00
2016.10.26 19:37:39.824,1.22408,1.22416,1.12,1.00
2016.10.26 19:37:39.927,1.22409,1.22418,1.37,1.50
2016.10.26 19:37:40.442,1.22408,1.22418,1.50,2.25
2016.10.26 19:37:40.849,1.22407,1.22412,1.37,1.00
2016.10.26 19:37:41.132,1.22404,1.22412,3.37,1.50
2016.10.26 19:37:41.287,1.22412,1.22416,1.19,2.25
2016.10.26 19:37:41.706,1.22419,1.22424,1.34,1.00
2016.10.26 19:37:42.216,1.22419,1.22424,1.09,1.00
2016.10.26 19:37:42.268,1.22419,1.22424,1.34,1.00
2016.10.26 19:37:42.473,1.22419,1.22424,1.20,1.00
2016.10.26 19:37:42.993,1.22419,1.22424,2.40,1.00
2016.10.26 19:37:43.044,1.22417,1.22424,3.15,1.00
2016.10.26 19:37:43.096,1.22423,1.22425,1.00,1.00
2016.10.26 19:37:43.148,1.22424,1.2243,1.00,1.37
2016.10.26 19:37:43.199,1.22424,1.22431,1.00,1.12
2016.10.26 19:37:43.250,1.22421,1.22431,1.09,1.12
2016.10.26 19:37:43.901,1.2242,1.22431,1.37,1.50
2016.10.26 19:37:44.929,1.22419,1.22429,4.87,1.00
2016.10.26 19:37:45.234,1.22415,1.2242,4.87,1.00
2016.10.26 19:37:45.286,1.22413,1.22419,1.12,1.00
2016.10.26 19:37:45.337,1.22411,1.22419,1.00,1.00
2016.10.26 19:37:45.874,1.22407,1.22417,3.37,1.00
2016.10.26 19:37:46.384,1.22407,1.22417,3.00,1.00
2016.10.26 19:37:47.642,1.22406,1.22416,1.37,1.00
2016.10.26 19:37:47.744,1.22403,1.22409,4.50,1.00
2016.10.26 19:37:47.795,1.22399,1.22409,6.37,1.12
2016.10.26 19:37:47.846,1.22399,1.22406,1.50,1.00
2016.10.26 19:37:48.828,1.22398,1.22407,3.00,1.00
2016.10.26 19:37:49.237,1.22397,1.22405,1.50,1.00
2016.10.26 19:37:49.441,1.22395,1.22404,1.12,1.00
2016.10.26 19:37:49.493,1.22395,1.22402,1.12,1.00
2016.10.26 19:37:49.596,1.22394,1.22401,1.00,1.00
2016.10.26 19:37:50.033,1.2239,1.224,5.06,1.00
2016.10.26 19:37:50.220,1.22392,1.224,1.37,1.00
2016.10.26 19:37:50.271,1.22391,1.22401,3.75,1.12
2016.10.26 19:37:50.944,1.22391,1.22399,5.25,1.50
2016.10.26 19:37:51.311,1.22391,1.22399,1.46,1.50
2016.10.26 19:37:51.566,1.22397,1.22399,1.00,1.00
2016.10.26 19:37:51.617,1.22394,1.22399,1.00,1.00
2016.10.26 19:37:51.669,1.22412,1.22418,2.12,2.62
2016.10.26 19:37:51.771,1.22418,1.22422,1.39,4.50
2016.10.26 19:37:51.874,1.22417,1.22423,1.20,3.75
2016.10.26 19:37:51.926,1.22418,1.22424,1.20,1.00
2016.10.26 19:37:52.362,1.2241,1.22423,2.62,3.36
2016.10.26 19:37:52.617,1.22409,1.2242,1.37,1.50
2016.10.26 19:37:52.974,1.22408,1.22419,1.00,1.12
2016.10.26 19:37:53.609,1.22427,1.22432,2.25,1.19
2016.10.26 19:37:53.661,1.22427,1.22433,2.25,1.50
2016.10.26 19:37:53.713,1.22425,1.22433,1.37,3.37
2016.10.26 19:37:53.764,1.22422,1.22432,5.25,2.25
2016.10.26 19:37:53.815,1.22422,1.22432,1.00,1.00
2016.10.26 19:37:53.868,1.22419,1.2243,4.12,1.00
2016.10.26 19:37:54.023,1.22416,1.22428,4.87,1.00
2016.10.26 19:37:54.125,1.22416,1.22428,1.50,1.50
2016.10.26 19:37:54.836,1.22416,1.22428,1.50,1.50
2016.10.26 19:37:55.143,1.22445,1.22447,1.00,1.87
2016.10.26 19:37:55.588,1.22433,1.22438,2.21,3.00
2016.10.26 19:37:55.741,1.22426,1.22432,1.00,3.75
2016.10.26 19:37:55.996,1.22425,1.2243,1.00,1.50
2016.10.26 19:37:56.047,1.22423,1.2243,1.00,7.49
2016.10.26 19:37:56.367,1.22426,1.2243,1.00,5.99
2016.10.26 19:37:56.422,1.22422,1.2243,1.50,1.00
2016.10.26 19:37:56.474,1.22427,1.2243,1.00,1.00
2016.10.26 19:37:56.628,1.22437,1.22442,1.00,1.12
2016.10.26 19:37:56.679,1.22441,1.22445,1.00,3.00
2016.10.26 19:37:56.832,1.22439,1.22445,1.00,5.12
2016.10.26 19:37:56.884,1.22441,1.22445,1.00,4.37
2016.10.26 19:37:57.700,1.22442,1.22445,1.00,1.00
2016.10.26 19:37:58.991,1.22439,1.22445,1.00,3.74
2016.10.26 19:37:59.093,1.22439,1.22443,1.00,1.87
2016.10.26 19:37:59.195,1.22436,1.22441,1.00,1.12
2016.10.26 19:37:59.299,1.22434,1.22441,1.12,2.62
2016.10.26 19:37:59.352,1.22437,1.22441,1.00,1.12
2016.10.26 19:37:59.890,1.22437,1.22441,1.00,1.87
2016.10.26 19:38:00.197,1.2244,1.22443,1.50,1.37
2016.10.26 19:38:00.316,1.22444,1.22445,1.12,3.00
2016.10.26 19:38:00.469,1.22438,1.22444,1.50,1.12
2016.10.26 19:38:00.895,1.22437,1.22446,1.37,25.46
2016.10.26 19:38:01.005,1.22414,1.22423,1.00,2.25
2016.10.26 19:38:01.260,1.2242,1.22426,1.00,3.37
2016.10.26 19:38:01.311,1.22416,1.22426,2.06,2.25
2016.10.26 19:38:01.414,1.22415,1.22426,1.00,1.00
2016.10.26 19:38:01.921,1.22416,1.22425,1.00,1.12
2016.10.26 19:38:02.074,1.22419,1.22425,1.00,2.25
2016.10.26 19:38:02.177,1.22415,1.22426,2.06,1.87
2016.10.26 19:38:02.229,1.22414,1.22423,1.12,1.00
2016.10.26 19:38:02.534,1.22412,1.22422,1.00,1.00
2016.10.26 19:38:02.962,1.22409,1.22419,1.12,1.00
2016.10.26 19:38:03.471,1.22408,1.22419,1.87,2.25
2016.10.26 19:38:04.614,1.22409,1.22419,1.12,3.00
2016.10.26 19:38:05.672,1.22409,1.22417,1.12,1.00
2016.10.26 19:38:06.208,1.22406,1.22415,1.87,1.00
2016.10.26 19:38:06.425,1.224,1.22412,2.62,1.50
2016.10.26 19:38:06.682,1.224,1.2241,1.50,1.00
2016.10.26 19:38:06.835,1.22399,1.22409,1.00,1.50
2016.10.26 19:38:06.988,1.22398,1.22407,1.87,1.00
2016.10.26 19:38:07.475,1.22396,1.22405,1.00,1.00
2016.10.26 19:38:08.022,1.22395,1.22405,1.12,1.00
2016.10.26 19:38:09.390,1.22394,1.22404,1.50,1.00
2016.10.26 19:38:11.264,1.22394,1.22403,1.50,1.00
2016.10.26 19:38:12.905,1.22394,1.22399,1.00,1.12
2016.10.26 19:38:12.957,1.22389,1.22397,1.50,1.00
2016.10.26 19:38:13.213,1.22387,1.22395,1.47,1.00
2016.10.26 19:38:13.265,1.22387,1.22395,1.00,1.50
2016.10.26 19:38:13.418,1.22383,1.22392,1.09,1.00
2016.10.26 19:38:13.469,1.22382,1.22392,1.71,1.00
2016.10.26 19:38:13.622,1.2239,1.22393,1.00,1.00
2016.10.26 19:38:13.674,1.2239,1.22395,1.00,3.37
2016.10.26 19:38:14.185,1.22388,1.22397,1.12,1.00
2016.10.26 19:38:14.779,1.22388,1.22396,1.42,1.00
2016.10.26 19:38:14.932,1.22385,1.22394,1.20,1.00
2016.10.26 19:38:15.186,1.22383,1.22391,1.00,1.00
2016.10.26 19:38:16.304,1.22383,1.2239,1.00,1.00
2016.10.26 19:38:17.391,1.22383,1.22389,1.00,1.00
2016.10.26 19:38:18.085,1.22382,1.22389,1.50,1.50
2016.10.26 19:38:19.887,1.22381,1.2239,1.50,1.50
2016.10.26 19:38:20.426,1.22382,1.22391,1.12,1.50
2016.10.26 19:38:20.947,1.22382,1.2239,1.87,1.00
2016.10.26 19:38:21.096,1.22383,1.22392,1.12,1.00
2016.10.26 19:38:22.170,1.22382,1.2239,2.62,1.50
2016.10.26 19:38:22.374,1.22379,1.22389,3.00,1.50
2016.10.26 19:38:22.680,1.22378,1.22387,3.00,1.00
2016.10.26 19:38:22.834,1.22375,1.22384,2.44,1.00
2016.10.26 19:38:23.224,1.2238,1.22386,1.00,1.50
2016.10.26 19:38:23.683,1.22378,1.22386,1.00,1.50
2016.10.26 19:38:23.839,1.22375,1.22384,1.75,1.00
2016.10.26 19:38:24.146,1.22373,1.22383,1.12,1.37
2016.10.26 19:38:24.197,1.22371,1.22383,2.62,1.37
2016.10.26 19:38:24.719,1.22371,1.22383,4.12,1.37
2016.10.26 19:38:26.706,1.22372,1.22381,1.12,1.00
2016.10.26 19:38:27.220,1.22372,1.2238,1.12,1.50
2016.10.26 19:38:29.091,1.22372,1.22379,1.12,1.00
2016.10.26 19:38:29.193,1.2237,1.22377,3.75,1.50
2016.10.26 19:38:29.295,1.2237,1.22377,1.87,1.50
2016.10.26 19:38:29.397,1.2237,1.22379,1.50,3.00
2016.10.26 19:38:30.781,1.2237,1.22378,1.50,3.00
2016.10.26 19:38:33.151,1.22377,1.22378,1.50,3.00
2016.10.26 19:38:33.719,1.22396,1.22398,1.12,2.87
2016.10.26 19:38:33.770,1.22392,1.22397,1.09,1.00
2016.10.26 19:38:34.330,1.2239,1.22397,1.12,1.00
2016.10.26 19:38:35.577,1.22389,1.22397,3.11,1.50
2016.10.26 19:38:36.462,1.22389,1.22396,2.36,1.00
2016.10.26 19:38:36.970,1.22389,1.22395,2.36,1.00
2016.10.26 19:38:38.519,1.22395,1.22398,2.25,1.00
2016.10.26 19:38:38.570,1.22408,1.22412,2.62,1.00
2016.10.26 19:38:38.774,1.22402,1.22413,2.25,1.37
2016.10.26 19:38:39.462,1.22403,1.22413,1.75,1.00
2016.10.26 19:38:40.184,1.22402,1.22413,2.62,1.50
2016.10.26 19:38:42.929,1.22403,1.22413,2.62,2.25
2016.10.26 19:38:43.132,1.22401,1.22413,1.75,2.25
2016.10.26 19:38:43.234,1.22401,1.2241,1.50,1.50
2016.10.26 19:38:43.879,1.22401,1.2241,1.00,1.87
2016.10.26 19:38:45.364,1.224,1.22409,1.00,1.12
2016.10.26 19:38:45.872,1.22398,1.22408,1.37,1.37
2016.10.26 19:38:46.406,1.22397,1.22408,1.75,1.00
2016.10.26 19:38:47.158,1.22398,1.22407,1.50,1.00
2016.10.26 19:38:47.465,1.22395,1.22406,1.87,1.87
2016.10.26 19:38:47.669,1.22395,1.22405,1.50,1.12
2016.10.26 19:38:48.199,1.22395,1.22405,1.50,1.50
2016.10.26 19:38:54.081,1.22395,1.22405,1.50,1.87
2016.10.26 19:39:00.104,1.22395,1.22405,1.50,2.62
2016.10.26 19:39:03.286,1.22395,1.22403,1.50,1.00
2016.10.26 19:39:16.376,1.22403,1.22405,1.00,1.12
2016.10.26 19:39:16.789,1.22402,1.2241,1.00,1.00
2016.10.26 19:39:17.147,1.22401,1.22407,1.00,1.00
2016.10.26 19:39:17.453,1.22398,1.22403,1.19,1.87
2016.10.26 19:39:18.175,1.22399,1.22403,1.37,1.00
2016.10.26 19:39:18.227,1.224,1.22408,2.62,1.00
2016.10.26 19:39:18.535,1.22399,1.22405,1.87,2.25
2016.10.26 19:39:18.846,1.22397,1.22403,1.87,1.00
2016.10.26 19:39:19.302,1.22399,1.22405,1.00,1.00
2016.10.26 19:39:19.812,1.22399,1.22404,1.00,1.00
2016.10.26 19:39:20.916,1.22399,1.22407,1.50,1.00
2016.10.26 19:39:26.380,1.22401,1.22407,1.12,1.12
2016.10.26 19:39:26.482,1.224,1.22409,1.12,1.50
2016.10.26 19:39:26.533,1.224,1.22407,1.12,1.00
2016.10.26 19:39:26.966,1.22402,1.2241,1.00,1.50
2016.10.26 19:39:27.732,1.22402,1.22409,1.00,1.00
2016.10.26 19:39:31.736,1.22402,1.22408,1.00,1.00
2016.10.26 19:39:31.889,1.22399,1.22408,3.00,1.00
2016.10.26 19:39:33.132,1.22399,1.22407,3.75,1.00
2016.10.26 19:39:34.227,1.224,1.22407,1.00,1.50
2016.10.26 19:39:34.728,1.22399,1.22407,2.25,1.00
2016.10.26 19:39:40.061,1.22399,1.22406,1.00,1.00
2016.10.26 19:39:40.568,1.22398,1.22406,1.31,1.00
2016.10.26 19:39:41.214,1.224,1.22406,1.00,1.00
2016.10.26 19:39:41.519,1.22403,1.22407,1.00,1.00
2016.10.26 19:39:41.571,1.22403,1.2241,1.00,1.50
2016.10.26 19:39:42.079,1.22403,1.2241,1.37,1.50
2016.10.26 19:39:42.333,1.22402,1.22408,2.25,1.00
2016.10.26 19:39:43.211,1.22399,1.22406,2.25,1.00
2016.10.26 19:39:43.263,1.22399,1.22406,1.50,1.50
2016.10.26 19:39:43.926,1.224,1.22406,1.37,1.00
2016.10.26 19:39:44.285,1.22397,1.22404,1.12,1.00
2016.10.26 19:39:44.337,1.22396,1.22403,1.12,2.25
2016.10.26 19:39:44.686,1.22396,1.22401,1.37,1.00
2016.10.26 19:39:44.991,1.22392,1.22399,4.87,1.00
2016.10.26 19:39:45.449,1.22394,1.22399,1.00,1.00
2016.10.26 19:39:46.270,1.22394,1.22397,1.00,1.00
2016.10.26 19:39:47.757,1.22392,1.22397,3.37,1.00
2016.10.26 19:39:48.381,1.22393,1.224,3.00,1.00
2016.10.26 19:39:48.892,1.22394,1.22401,1.12,1.50
2016.10.26 19:39:49.323,1.22399,1.22403,1.87,1.00
2016.10.26 19:39:49.375,1.22401,1.22407,2.25,1.50
2016.10.26 19:39:49.984,1.22401,1.22407,4.50,1.50
2016.10.26 19:39:50.567,1.22402,1.22407,2.62,1.00
2016.10.26 19:39:51.083,1.22401,1.22408,3.00,1.00
2016.10.26 19:39:52.727,1.22401,1.22408,3.75,3.37
2016.10.26 19:39:53.234,1.22401,1.22408,3.75,1.37
2016.10.26 19:39:53.745,1.22402,1.22407,2.62,1.00
2016.10.26 19:39:54.508,1.22401,1.22407,4.12,1.00
2016.10.26 19:39:55.372,1.22401,1.22405,3.37,1.00
2016.10.26 19:39:55.891,1.22402,1.22408,3.00,1.00
2016.10.26 19:39:56.859,1.22401,1.22406,4.12,1.00
2016.10.26 19:39:57.012,1.22401,1.22406,4.12,1.00
2016.10.26 19:39:57.165,1.22401,1.22408,3.75,2.25
2016.10.26 19:39:57.927,1.22401,1.22406,3.75,1.00
2016.10.26 19:39:58.232,1.224,1.22403,1.00,1.00
2016.10.26 19:39:58.436,1.22399,1.22406,1.37,1.87
2016.10.26 19:39:58.589,1.22399,1.22406,1.37,1.50
2016.10.26 19:39:59.141,1.224,1.22402,2.62,1.00
2016.10.26 19:39:59.193,1.22397,1.22398,1.00,1.00
2016.10.26 19:39:59.297,1.22391,1.22398,2.62,1.00
2016.10.26 19:39:59.846,1.22391,1.224,2.25,1.50
2016.10.26 19:39:59.897,1.22392,1.22399,1.00,1.00
2016.10.26 19:40:00.436,1.22386,1.22392,1.12,3.00
2016.10.26 19:40:00.742,1.22365,1.22369,4.12,1.00
2016.10.26 19:40:00.845,1.2236,1.22368,1.75,1.00
2016.10.26 19:40:00.948,1.2236,1.22368,1.00,1.00
2016.10.26 19:40:01.435,1.22363,1.2237,1.00,1.00
2016.10.26 19:40:01.525,1.22364,1.22374,1.00,1.00
2016.10.26 19:40:01.775,1.22365,1.22374,1.37,1.00
2016.10.26 19:40:02.301,1.22365,1.22375,1.37,1.87
2016.10.26 19:40:08.653,1.22365,1.22373,1.37,1.00
2016.10.26 19:40:09.009,1.22364,1.22372,1.00,1.00
2016.10.26 19:40:09.901,1.22363,1.22373,1.50,1.00
2016.10.26 19:40:12.725,1.22366,1.22374,1.00,1.50
2016.10.26 19:40:12.980,1.22372,1.22382,1.12,1.87
2016.10.26 19:40:13.519,1.22371,1.22382,3.00,1.50
2016.10.26 19:40:16.494,1.22371,1.22381,1.87,1.00
2016.10.26 19:40:21.197,1.22371,1.22382,2.62,2.25
2016.10.26 19:40:24.720,1.22371,1.22382,3.00,1.00
2016.10.26 19:40:28.859,1.22371,1.22377,1.87,3.75
2016.10.26 19:40:28.914,1.22362,1.22372,2.62,1.00
2016.10.26 19:40:29.424,1.22363,1.22372,1.37,1.00
2016.10.26 19:40:31.674,1.22363,1.22373,2.25,1.00
2016.10.26 19:40:31.827,1.22361,1.22373,3.37,1.00
2016.10.26 19:40:39.870,1.22363,1.22372,1.12,1.00
2016.10.26 19:40:45.962,1.22363,1.22373,1.50,1.00
2016.10.26 19:40:46.471,1.22363,1.22372,1.50,1.00
2016.10.26 19:40:50.213,1.22362,1.22371,3.37,1.00
2016.10.26 19:40:50.725,1.22363,1.22372,1.87,1.00
2016.10.26 19:40:51.232,1.22363,1.22373,1.87,1.00
2016.10.26 19:41:13.736,1.22361,1.22372,2.25,1.00
2016.10.26 19:41:14.274,1.2236,1.22371,3.00,1.00
2016.10.26 19:41:16.589,1.2236,1.22369,2.25,1.00
2016.10.26 19:41:16.894,1.22355,1.22363,1.37,1.00
2016.10.26 19:41:17.199,1.22353,1.22363,1.37,1.00
2016.10.26 19:41:18.623,1.22352,1.22362,2.25,1.00
2016.10.26 19:41:21.417,1.22352,1.22362,1.00,1.34
2016.10.26 19:41:21.541,1.22351,1.22363,2.25,1.12
2016.10.26 19:41:22.305,1.22353,1.22362,1.00,1.00
2016.10.26 19:41:23.274,1.22352,1.22363,1.12,1.12
2016.10.26 19:41:23.884,1.22352,1.22362,1.12,1.00
2016.10.26 19:41:24.397,1.2235,1.2236,2.25,6.00
2016.10.26 19:41:24.449,1.22346,1.22357,2.25,1.87
2016.10.26 19:41:26.172,1.22347,1.22357,1.00,1.00
2016.10.26 19:41:26.784,1.22346,1.22354,1.12,1.00
2016.10.26 19:41:27.234,1.22341,1.22352,4.50,1.00
2016.10.26 19:41:32.073,1.22342,1.22352,1.12,2.62
2016.10.26 19:41:32.581,1.22341,1.22352,3.75,1.50
2016.10.26 19:41:37.987,1.2235,1.22352,1.00,1.50
2016.10.26 19:41:38.039,1.22348,1.22353,1.50,2.62
2016.10.26 19:41:38.090,1.22349,1.22357,1.50,1.50
2016.10.26 19:41:38.816,1.22349,1.2236,1.12,2.62
2016.10.26 19:41:39.223,1.22352,1.22361,1.00,1.87
2016.10.26 19:41:43.657,1.2235,1.22361,1.37,2.62
2016.10.26 19:41:44.166,1.2235,1.22361,1.00,4.12
2016.10.26 19:41:48.755,1.22349,1.22361,3.37,4.12
2016.10.26 19:41:49.466,1.22349,1.22358,1.12,1.00
2016.10.26 19:41:49.568,1.22347,1.22357,1.00,1.00
2016.10.26 19:41:49.619,1.22347,1.22354,1.12,1.00
2016.10.26 19:41:49.772,1.22342,1.22353,2.25,1.00
2016.10.26 19:41:52.256,1.22342,1.22352,2.25,1.50
2016.10.26 19:41:52.766,1.22342,1.22351,1.50,1.00
2016.10.26 19:41:53.660,1.22341,1.22351,4.87,1.00
2016.10.26 19:41:56.233,1.22342,1.22352,1.50,3.75
2016.10.26 19:41:56.669,1.22341,1.22349,1.87,1.12
2016.10.26 19:41:56.721,1.22339,1.22348,1.00,1.00
2016.10.26 19:41:57.531,1.22339,1.2235,1.00,4.87
2016.10.26 19:41:58.039,1.22339,1.22348,1.00,1.50
2016.10.26 19:41:58.550,1.22339,1.2235,1.00,3.00
2016.10.26 19:41:59.058,1.22338,1.22349,1.12,1.12
2016.10.26 19:41:59.109,1.22337,1.22347,1.50,1.00
2016.10.26 19:41:59.160,1.22335,1.22346,1.87,1.00
2016.10.26 19:41:59.215,1.22335,1.22344,1.87,1.00
2016.10.26 19:41:59.626,1.22333,1.22341,1.00,1.12
2016.10.26 19:41:59.690,1.22329,1.22341,1.00,6.75
2016.10.26 19:41:59.741,1.22329,1.22341,1.00,2.62
2016.10.26 19:42:00.352,1.2233,1.22341,1.00,2.25
2016.10.26 19:42:00.923,1.2233,1.22342,1.50,2.25
2016.10.26 19:42:03.016,1.22331,1.22342,1.50,1.87
2016.10.26 19:42:03.553,1.22332,1.22343,1.00,3.37
2016.10.26 19:42:05.004,1.22333,1.22343,1.00,1.87
2016.10.26 19:42:05.109,1.2234,1.22345,1.00,1.37
2016.10.26 19:42:05.212,1.2234,1.22348,1.00,1.35
2016.10.26 19:42:05.263,1.2234,1.2235,1.00,2.62
2016.10.26 19:42:05.992,1.2234,1.2235,1.00,2.25
2016.10.26 19:42:06.146,1.22337,1.22349,1.00,5.25
2016.10.26 19:42:06.455,1.22334,1.22344,1.00,2.62
2016.10.26 19:42:06.964,1.22334,1.22344,1.00,5.62
2016.10.26 19:42:07.498,1.22334,1.22343,1.00,1.00
2016.10.26 19:42:08.669,1.22334,1.22344,1.00,1.50
2016.10.26 19:42:09.391,1.22334,1.22344,1.00,3.37
2016.10.26 19:42:10.670,1.22334,1.22343,1.00,1.87
2016.10.26 19:42:14.474,1.22333,1.22343,1.50,1.37
2016.10.26 19:42:29.070,1.22334,1.22343,1.00,1.37
2016.10.26 19:42:29.327,1.22334,1.22345,1.00,4.12
2016.10.26 19:42:32.872,1.22332,1.22344,3.00,1.12
2016.10.26 19:42:49.319,1.22332,1.22344,1.87,1.37
2016.10.26 19:42:51.625,1.22334,1.22343,1.00,1.12
2016.10.26 19:42:51.676,1.22338,1.22345,1.00,5.62
2016.10.26 19:42:51.728,1.22338,1.22346,1.00,2.25
2016.10.26 19:42:51.830,1.22337,1.22347,1.12,1.00
2016.10.26 19:42:52.033,1.22335,1.22345,1.87,1.00
2016.10.26 19:42:52.134,1.22335,1.22345,1.50,1.50
2016.10.26 19:42:52.643,1.22335,1.22347,1.87,1.50
2016.10.26 19:42:53.161,1.22335,1.22347,1.50,1.00
2016.10.26 19:42:53.721,1.22335,1.22346,1.50,1.00
2016.10.26 19:42:54.283,1.22335,1.22345,1.00,1.00
2016.10.26 19:42:57.249,1.22334,1.22344,1.87,1.00
2016.10.26 19:42:57.537,1.22334,1.22346,1.87,1.50
2016.10.26 19:42:58.045,1.22335,1.22347,1.87,1.00
2016.10.26 19:43:00.760,1.22336,1.22347,1.00,1.00
2016.10.26 19:43:00.812,1.22336,1.22345,1.00,1.00
2016.10.26 19:43:01.322,1.22335,1.22344,1.12,1.00
2016.10.26 19:43:06.175,1.22335,1.22345,1.12,1.00
2016.10.26 19:43:06.721,1.22336,1.22345,1.00,1.00
2016.10.26 19:43:07.229,1.22336,1.22348,1.50,4.87
2016.10.26 19:43:07.282,1.22336,1.22348,2.25,1.00
2016.10.26 19:43:07.486,1.22335,1.22346,1.87,1.00
2016.10.26 19:43:08.345,1.22336,1.22347,1.00,2.25
2016.10.26 19:43:08.869,1.22337,1.22348,1.87,1.87
2016.10.26 19:43:09.174,1.22342,1.22349,1.00,1.50
2016.10.26 19:43:09.329,1.22341,1.22352,1.50,1.69
2016.10.26 19:43:12.572,1.22341,1.22353,4.50,1.87
2016.10.26 19:43:23.928,1.22341,1.22353,3.75,1.50
2016.10.26 19:43:46.636,1.22346,1.22354,1.00,2.25
2016.10.26 19:43:46.763,1.22345,1.22355,2.62,1.50
2016.10.26 19:43:46.814,1.22347,1.22355,1.00,1.00
2016.10.26 19:43:46.967,1.22348,1.22357,1.00,1.50
2016.10.26 19:43:47.478,1.22347,1.22357,2.62,1.12
2016.10.26 19:43:47.580,1.22346,1.22354,2.25,1.00
2016.10.26 19:43:47.631,1.22345,1.22355,1.12,1.00
2016.10.26 19:43:49.484,1.22344,1.22355,1.00,2.62
2016.10.26 19:43:55.773,1.22344,1.22352,1.00,1.00
2016.10.26 19:43:55.977,1.22341,1.22351,2.25,1.00
2016.10.26 19:43:56.028,1.22341,1.22346,1.50,1.00
2016.10.26 19:43:56.079,1.2234,1.22347,1.00,1.00
2016.10.26 19:43:56.182,1.22337,1.22346,1.12,1.00
2016.10.26 19:43:56.233,1.22337,1.22348,1.12,2.62
2016.10.26 19:43:57.115,1.22337,1.22346,1.00,1.00
2016.10.26 19:43:57.268,1.22335,1.22346,1.00,1.87
2016.10.26 19:43:57.776,1.22333,1.22345,3.75,1.00
2016.10.26 19:44:13.648,1.22332,1.22344,1.87,1.00
2016.10.26 19:44:25.372,1.22334,1.22346,2.25,1.00
2016.10.26 19:44:25.907,1.22335,1.22346,1.00,1.00
2016.10.26 19:44:26.639,1.22335,1.22345,1.00,1.00
2016.10.26 19:44:30.292,1.22335,1.22347,2.25,3.00
2016.10.26 19:44:30.815,1.22335,1.22347,2.62,2.25
2016.10.26 19:44:31.424,1.22336,1.22347,1.00,2.25
2016.10.26 19:44:33.125,1.22338,1.22347,3.11,1.50
2016.10.26 19:44:33.328,1.22339,1.2235,1.87,1.12
2016.10.26 19:44:34.138,1.2234,1.2235,1.00,1.00
2016.10.26 19:44:40.476,1.22339,1.2235,3.75,1.00
2016.10.26 19:44:40.578,1.22339,1.22347,1.12,1.00
2016.10.26 19:44:40.833,1.22335,1.22344,1.00,1.00
2016.10.26 19:44:44.056,1.22335,1.22347,2.62,3.75
2016.10.26 19:44:59.220,1.22336,1.22345,1.37,1.00
2016.10.26 19:44:59.373,1.22335,1.22344,1.00,1.00
2016.10.26 19:45:05.065,1.22335,1.22345,1.00,1.00
2016.10.26 19:45:05.600,1.22334,1.22345,1.75,1.00
2016.10.26 19:45:06.824,1.22334,1.22344,1.75,1.00
2016.10.26 19:45:08.103,1.22335,1.22344,1.12,1.00
2016.10.26 19:45:08.629,1.22335,1.22344,1.87,1.00
2016.10.26 19:45:09.573,1.22337,1.22346,1.15,2.25
2016.10.26 19:45:09.624,1.22339,1.22347,1.00,1.50
2016.10.26 19:45:09.726,1.2234,1.22349,1.00,1.12
2016.10.26 19:45:10.184,1.22338,1.2235,1.87,3.00
2016.10.26 19:45:11.043,1.22338,1.22349,1.12,1.00
2016.10.26 19:45:11.857,1.22338,1.22347,1.87,1.00
2016.10.26 19:45:12.488,1.22337,1.22347,3.00,1.00
2016.10.26 19:45:16.462,1.22335,1.22346,1.12,1.00
2016.10.26 19:45:19.044,1.22335,1.22346,1.37,1.00
2016.10.26 19:45:19.647,1.22334,1.22345,1.12,1.12
2016.10.26 19:45:19.699,1.22334,1.22344,1.00,1.00
2016.10.26 19:45:22.217,1.22333,1.22344,1.87,1.00
2016.10.26 19:45:23.238,1.22336,1.22344,1.50,1.00
2016.10.26 19:45:23.476,1.22335,1.22346,3.75,1.00
2016.10.26 19:45:29.428,1.22336,1.22346,1.00,1.00
2016.10.26 19:45:32.781,1.22338,1.22348,1.50,1.00
2016.10.26 19:45:33.086,1.22339,1.22349,2.25,1.50
2016.10.26 19:45:34.288,1.22341,1.22349,1.50,1.50
2016.10.26 19:45:36.776,1.22339,1.22349,5.25,1.50
2016.10.26 19:45:39.335,1.22339,1.22349,2.62,1.50
2016.10.26 19:45:40.226,1.22335,1.22346,1.12,1.00
2016.10.26 19:45:40.320,1.22335,1.22346,1.37,1.00
2016.10.26 19:45:49.381,1.22336,1.22346,1.00,1.00
2016.10.26 19:45:56.703,1.22336,1.22344,1.12,1.00
2016.10.26 19:45:57.008,1.22334,1.22344,1.50,1.00
2016.10.26 19:45:57.170,1.22335,1.22346,1.00,1.00
2016.10.26 19:45:57.548,1.22337,1.22346,1.00,1.00
2016.10.26 19:45:58.323,1.22337,1.22344,1.00,1.00
2016.10.26 19:45:58.374,1.22334,1.22344,2.62,1.00
2016.10.26 19:45:58.427,1.22335,1.22346,1.00,1.50
2016.10.26 19:45:59.362,1.22335,1.22347,1.50,1.00
2016.10.26 19:46:00.390,1.22335,1.22347,3.75,1.00
2016.10.26 19:46:00.914,1.22335,1.22347,7.12,1.00
2016.10.26 19:46:05.278,1.22339,1.22349,1.00,2.62
2016.10.26 19:46:06.125,1.22339,1.22349,1.37,1.00
2016.10.26 19:46:35.485,1.22338,1.2235,6.00,1.12
2016.10.26 19:46:42.371,1.22338,1.22346,2.62,1.00
2016.10.26 19:46:42.473,1.22336,1.22344,1.87,1.00
2016.10.26 19:46:42.575,1.22335,1.22345,1.12,1.00
2016.10.26 19:46:44.705,1.22339,1.22347,1.00,1.12
2016.10.26 19:46:44.960,1.22341,1.22351,4.50,1.12
2016.10.26 19:46:45.691,1.22342,1.22351,1.50,1.00
2016.10.26 19:46:46.243,1.22342,1.22352,2.25,1.50
2016.10.26 19:47:03.386,1.22341,1.22351,1.12,1.00
2016.10.26 19:47:04.035,1.2234,1.2235,4.50,1.00
2016.10.26 19:47:04.087,1.22341,1.22347,1.50,1.50
2016.10.26 19:47:04.485,1.22325,1.22331,1.12,1.00
2016.10.26 19:47:04.798,1.22316,1.22317,2.59,1.00
2016.10.26 19:47:04.900,1.2231,1.22319,1.87,1.87
2016.10.26 19:47:05.274,1.22307,1.22315,1.50,1.50
2016.10.26 19:47:05.326,1.22302,1.22311,1.00,1.00
2016.10.26 19:47:05.537,1.22299,1.22306,1.00,1.00
2016.10.26 19:47:05.791,1.22298,1.22308,1.00,1.00
2016.10.26 19:47:06.529,1.22295,1.22304,2.25,1.00
2016.10.26 19:47:06.631,1.22292,1.22301,1.50,1.00
2016.10.26 19:47:06.784,1.22289,1.22302,1.50,1.50
2016.10.26 19:47:06.937,1.22287,1.22298,1.20,1.50
2016.10.26 19:47:07.243,1.22281,1.22293,1.50,4.12
2016.10.26 19:47:07.810,1.2228,1.22285,4.12,1.12
2016.10.26 19:47:07.862,1.22272,1.22285,4.12,2.62
2016.10.26 19:47:08.015,1.22272,1.22283,1.00,1.87
2016.10.26 19:47:08.117,1.22272,1.22284,1.00,1.12
2016.10.26 19:47:08.524,1.22272,1.22284,1.00,7.84
2016.10.26 19:47:09.676,1.22268,1.22274,1.00,1.50
2016.10.26 19:47:09.727,1.22262,1.22274,1.00,1.50
2016.10.26 19:47:10.269,1.22263,1.22274,1.00,1.12
2016.10.26 19:47:11.092,1.22262,1.22274,1.12,1.00
2016.10.26 19:47:11.773,1.22264,1.22274,1.00,1.00
2016.10.26 19:47:12.334,1.22263,1.22274,1.00,1.50
2016.10.26 19:47:12.839,1.22263,1.22275,1.00,1.50
2016.10.26 19:47:13.145,1.22265,1.22275,1.00,2.25
2016.10.26 19:47:13.655,1.22264,1.22275,1.00,4.09
2016.10.26 19:47:13.962,1.22272,1.22275,1.00,1.12
2016.10.26 19:47:14.013,1.22272,1.2228,1.00,2.25
2016.10.26 19:47:14.523,1.22272,1.2228,1.00,1.00
2016.10.26 19:47:15.318,1.22272,1.22282,1.00,1.00
2016.10.26 19:47:15.724,1.22272,1.22273,1.00,1.00
2016.10.26 19:47:15.930,1.22258,1.22263,1.37,1.00
2016.10.26 19:47:16.413,1.22261,1.22268,1.00,5.25
2016.10.26 19:47:16.464,1.22264,1.22268,1.00,5.25
2016.10.26 19:47:16.517,1.22264,1.22272,1.00,1.60
2016.10.26 19:47:16.568,1.22262,1.2227,1.00,1.50
2016.10.26 19:47:16.671,1.22264,1.22271,1.00,1.12
2016.10.26 19:47:16.977,1.22267,1.22273,1.00,2.17
2016.10.26 19:47:17.079,1.22264,1.22272,1.00,1.00
2016.10.26 19:47:17.609,1.22264,1.22271,1.00,1.00
2016.10.26 19:47:17.966,1.22259,1.22271,1.00,1.00
2016.10.26 19:47:18.752,1.22257,1.22272,1.37,1.72
2016.10.26 19:47:19.260,1.22256,1.22272,4.50,1.72
2016.10.26 19:47:19.970,1.22256,1.22269,4.50,1.50
2016.10.26 19:47:20.693,1.22256,1.22267,3.37,1.00
2016.10.26 19:47:21.026,1.22254,1.22263,1.50,1.00
2016.10.26 19:47:21.336,1.22236,1.22249,6.37,1.00
2016.10.26 19:47:21.389,1.22234,1.2225,3.37,1.00
2016.10.26 19:47:21.545,1.2224,1.2225,1.15,1.00
2016.10.26 19:47:21.932,1.22246,1.22252,1.00,1.00
2016.10.26 19:47:21.984,1.22244,1.22257,1.03,1.87
2016.10.26 19:47:23.679,1.22245,1.22257,1.31,1.12
2016.10.26 19:47:24.189,1.22246,1.22257,1.41,1.00
2016.10.26 19:47:24.697,1.22247,1.22257,1.50,1.00
2016.10.26 19:47:25.321,1.22246,1.22256,1.75,1.00
2016.10.26 19:47:25.974,1.22245,1.2225,3.37,1.00
2016.10.26 19:47:26.026,1.22244,1.22248,1.00,1.00
2016.10.26 19:47:26.128,1.22244,1.2225,1.00,1.12
2016.10.26 19:47:26.334,1.22244,1.22254,1.00,1.00
2016.10.26 19:47:26.701,1.22247,1.2226,2.62,4.87
2016.10.26 19:47:27.056,1.22249,1.22259,1.37,1.00
2016.10.26 19:47:27.301,1.22249,1.22256,1.12,1.00
2016.10.26 19:47:27.404,1.22247,1.22254,1.00,1.00
2016.10.26 19:47:27.506,1.22242,1.22253,1.00,1.00
2016.10.26 19:47:27.608,1.22244,1.22254,1.12,1.00
2016.10.26 19:47:28.136,1.22244,1.22254,1.87,1.00
2016.10.26 19:47:28.442,1.22244,1.22254,2.25,1.00
2016.10.26 19:47:30.347,1.22245,1.22254,1.42,1.00
2016.10.26 19:47:30.398,1.22246,1.22254,2.25,1.00
2016.10.26 19:47:30.450,1.22245,1.22258,2.62,1.37
2016.10.26 19:47:30.501,1.22248,1.22258,1.87,1.50
2016.10.26 19:47:30.806,1.22251,1.22257,1.00,1.00
2016.10.26 19:47:31.568,1.22248,1.22257,1.37,1.00
2016.10.26 19:47:31.823,1.22245,1.22255,1.00,1.00
2016.10.26 19:47:32.333,1.22244,1.22255,1.12,1.00
2016.10.26 19:47:32.435,1.22244,1.22246,1.00,1.00
2016.10.26 19:47:32.821,1.22228,1.22229,2.81,1.00
2016.10.26 19:47:32.873,1.22224,1.22235,1.12,1.37
2016.10.26 19:47:33.179,1.22224,1.22237,2.62,1.87
2016.10.26 19:47:33.334,1.22223,1.22233,2.25,1.50
2016.10.26 19:47:33.640,1.22221,1.22226,1.87,1.00
2016.10.26 19:47:33.979,1.22221,1.22228,1.87,1.00
2016.10.26 19:47:34.031,1.2222,1.2223,1.50,1.00
2016.10.26 19:47:34.238,1.2222,1.22226,1.50,1.00
2016.10.26 19:47:34.342,1.22218,1.22224,1.12,1.00
2016.10.26 19:47:34.445,1.22215,1.22222,2.25,1.00
2016.10.26 19:47:34.497,1.22211,1.22222,4.87,1.00
2016.10.26 19:47:34.548,1.22211,1.22222,4.87,1.00
2016.10.26 19:47:35.009,1.22214,1.22221,1.12,1.55
2016.10.26 19:47:35.134,1.2221,1.22218,1.87,1.00
2016.10.26 19:47:35.237,1.22208,1.22217,1.12,1.37
2016.10.26 19:47:35.289,1.22204,1.22216,3.00,1.50
2016.10.26 19:47:35.340,1.22204,1.22215,1.50,1.37
2016.10.26 19:47:35.392,1.22202,1.22208,2.62,1.00
2016.10.26 19:47:35.443,1.22199,1.22213,1.75,2.62
2016.10.26 19:47:35.546,1.22201,1.22207,1.12,1.00
2016.10.26 19:47:35.648,1.22197,1.22209,2.02,4.12
2016.10.26 19:47:36.011,1.22207,1.22211,1.00,1.12
2016.10.26 19:47:36.113,1.22215,1.22225,1.00,1.87
2016.10.26 19:47:36.318,1.22212,1.22224,1.00,2.62
2016.10.26 19:47:36.471,1.22213,1.22227,1.12,2.14
2016.10.26 19:47:36.523,1.22211,1.22226,3.00,1.72
2016.10.26 19:47:37.027,1.2222,1.22227,2.25,1.00
2016.10.26 19:47:37.142,1.2223,1.22245,1.50,5.62
2016.10.26 19:47:37.193,1.2223,1.22245,1.50,1.12
2016.10.26 19:47:37.645,1.22237,1.22252,1.87,3.15
2016.10.26 19:47:37.747,1.22238,1.22253,3.37,1.00
2016.10.26 19:47:38.052,1.22239,1.22253,1.87,1.00
2016.10.26 19:47:38.858,1.22236,1.22254,1.87,2.44
2016.10.26 19:47:38.960,1.22236,1.22253,1.00,3.94
2016.10.26 19:47:39.265,1.22233,1.22248,3.00,1.32
2016.10.26 19:47:39.570,1.22233,1.22247,1.75,1.19
2016.10.26 19:47:40.958,1.22235,1.22247,1.12,1.00
2016.10.26 19:47:41.940,1.22235,1.22248,1.12,2.25
2016.10.26 19:47:42.466,1.22236,1.22248,1.00,2.25
2016.10.26 19:47:42.771,1.22237,1.22246,1.00,1.12
2016.10.26 19:47:42.822,1.22236,1.22242,1.50,1.19
2016.10.26 19:47:42.874,1.22234,1.22237,3.00,1.87
2016.10.26 19:47:43.717,1.22212,1.22216,1.50,1.12
2016.10.26 19:47:43.773,1.22203,1.2221,1.50,1.12
2016.10.26 19:47:43.879,1.22197,1.22207,3.75,1.00
2016.10.26 19:47:43.930,1.22195,1.22208,3.37,1.37
2016.10.26 19:47:43.982,1.22195,1.22206,2.25,1.87
2016.10.26 19:47:44.697,1.22193,1.22206,1.00,2.62
2016.10.26 19:47:45.207,1.22193,1.22207,1.37,3.00
2016.10.26 19:47:45.920,1.22191,1.22198,4.87,1.87
2016.10.26 19:47:45.972,1.22188,1.22199,3.00,1.00
2016.10.26 19:47:46.127,1.22194,1.22203,1.00,1.00
2016.10.26 19:47:46.636,1.22196,1.22206,1.00,1.12
2016.10.26 19:47:47.005,1.22198,1.22207,1.12,1.12
2016.10.26 19:47:47.057,1.22199,1.22211,1.00,2.62
2016.10.26 19:47:47.151,1.222,1.22207,1.00,1.00
2016.10.26 19:47:47.202,1.22197,1.22207,1.87,1.00
2016.10.26 19:47:47.305,1.22198,1.22207,1.87,1.00
2016.10.26 19:47:47.661,1.22201,1.2221,1.00,1.50
2016.10.26 19:47:47.814,1.22205,1.2221,1.00,1.00
2016.10.26 19:47:47.968,1.22205,1.22212,1.00,1.87
2016.10.26 19:47:48.348,1.22208,1.22213,1.00,1.00
2016.10.26 19:47:48.757,1.22205,1.2221,3.00,1.50
2016.10.26 19:47:49.398,1.22207,1.2221,1.12,1.50
2016.10.26 19:47:49.788,1.22201,1.22204,11.62,7.75
2016.10.26 19:47:49.840,1.22196,1.22201,1.00,1.50
2016.10.26 19:47:49.891,1.22199,1.22201,1.00,1.00
2016.10.26 19:47:49.943,1.22199,1.22204,1.50,1.50
2016.10.26 19:47:50.248,1.22201,1.22205,1.00,1.00
2016.10.26 19:47:50.787,1.22202,1.22205,1.00,1.00
2016.10.26 19:47:51.093,1.22204,1.22205,1.00,1.00
2016.10.26 19:47:51.247,1.22205,1.22216,1.12,3.37
2016.10.26 19:47:51.350,1.22209,1.22216,1.00,1.00
2016.10.26 19:47:51.916,1.2221,1.22216,1.12,1.00
2016.10.26 19:47:52.477,1.22209,1.22212,2.62,1.50
2016.10.26 19:47:52.630,1.22194,1.22204,1.12,1.00
2016.10.26 19:47:53.037,1.222,1.22205,2.25,1.87
2016.10.26 19:47:53.093,1.222,1.22213,3.00,1.50
2016.10.26 19:47:53.145,1.22202,1.22215,1.00,2.25
2016.10.26 19:47:53.351,1.22201,1.22211,3.00,1.00
2016.10.26 19:47:54.652,1.22209,1.22212,1.37,1.00
2016.10.26 19:47:54.703,1.22209,1.22216,1.37,1.00
2016.10.26 19:47:55.517,1.22207,1.22215,5.25,1.00
2016.10.26 19:47:55.873,1.22204,1.22212,1.00,1.12
2016.10.26 19:47:55.931,1.22202,1.22215,1.50,2.25
2016.10.26 19:47:56.136,1.22206,1.22216,1.00,1.37
2016.10.26 19:47:56.187,1.22205,1.22217,1.00,3.00
2016.10.26 19:47:56.239,1.22206,1.22217,1.75,1.37
2016.10.26 19:47:56.545,1.22209,1.22218,1.37,1.50
2016.10.26 19:47:57.219,1.22211,1.22218,1.00,1.12
2016.10.26 19:47:57.271,1.22211,1.22223,1.00,3.00
2016.10.26 19:47:57.541,1.22212,1.22223,1.00,1.00
2016.10.26 19:47:58.102,1.22213,1.22223,1.00,1.00
2016.10.26 19:47:58.306,1.22213,1.22225,1.00,1.87
2016.10.26 19:47:59.152,1.22214,1.22225,1.00,1.12
2016.10.26 19:47:59.807,1.22214,1.22226,4.87,2.25
